<?xml version="1.0" encoding="UTF-8"?>
<!DOCTYPE html PUBLIC "-//W3C//DTD XHTML 1.0 Transitional//EN"
    "http://www.w3.org/TR/xhtml1/DTD/xhtml1-transitional.dtd">
<html xmlns="http://www.w3.org/1999/xhtml" xml:lang="en" lang="en">
 <head>
  <title>
</title>
<meta http-equiv="Content-Type" content="text/html;charset=utf-8" />
  <meta name='ocr-system' content='tesseract 3.04.00' />
  <meta name='ocr-capabilities' content='ocr_page ocr_carea ocr_par ocr_line ocrx_word'/>
</head>
<body>
  <div class='ocr_page' id='page_1' title='image "./corpusgrammatico01linduoft_0952.png"; bbox 0 0 2263 2668; ppageno 0'>
   <div class='ocr_carea' id='block_1_1' title="bbox 238 173 1755 218">
    <p class='ocr_par' dir='ltr' id='par_1_1' title="bbox 238 173 1755 218">
     <span class='ocr_line' id='line_1_1' title="bbox 238 173 1755 218; baseline -0.004 0"><span class='ocrx_word' id='word_1_1' title='bbox 238 183 313 218; x_wconf 76' lang='lat'>526</span> <span class='ocrx_word' id='word_1_2' title='bbox 663 175 1010 210; x_wconf 80' lang='lat' dir='ltr'><strong>COMMENTARH</strong></span> <span class='ocrx_word' id='word_1_3' title='bbox 1034 176 1082 209; x_wconf 84' lang='lat' dir='ltr'>IN</span> <span class='ocrx_word' id='word_1_4' title='bbox 1109 175 1252 210; x_wconf 85' lang='lat' dir='ltr'>PAULI</span> <span class='ocrx_word' id='word_1_5' title='bbox 1278 173 1475 210; x_wconf 79' lang='lat' dir='ltr'>mAcoNJ</span> <span class='ocrx_word' id='word_1_6' title='bbox 1500 176 1755 212; x_wconf 84' lang='lat' dir='ltr'><strong>EXCERPTA</strong></span> 
     </span>
    </p>
   </div>
   <div class='ocr_carea' id='block_1_2' title="bbox 235 267 2188 781">
    <p class='ocr_par' dir='ltr' id='par_1_2' title="bbox 235 267 2188 781">
     <span class='ocr_line' id='line_1_2' title="bbox 240 267 2186 317; baseline -0.004 -14"><span class='ocrx_word' id='word_1_7' title='bbox 240 287 299 317; x_wconf 81' lang='lat' dir='ltr'>quo</span> <span class='ocrx_word' id='word_1_8' title='bbox 320 275 420 305; x_wconf 82' lang='lat' dir='ltr'>Nautii</span> <span class='ocrx_word' id='word_1_9' title='bbox 442 270 514 300; x_wconf 83' lang='lat' dir='ltr'>dicti</span> <span class='ocrx_word' id='word_1_10' title='bbox 537 274 616 299; x_wconf 88' lang='lat' dir='ltr'>sunt.</span> <span class='ocrx_word' id='word_1_11' title='bbox 653 267 734 296; x_wconf 86' lang='lat' dir='ltr'>Idem</span> <span class='ocrx_word' id='word_1_12' title='bbox 756 267 878 306; x_wconf 85' lang='lat' dir='ltr'>Dionys.</span> <span class='ocrx_word' id='word_1_13' title='bbox 901 268 1005 297; x_wconf 83' lang='lat' dir='ltr'>scribit</span> <span class='ocrx_word' id='word_1_14' title='bbox 1027 268 1074 296; x_wconf 82' lang='lat' dir='ltr'>lib.</span> <span class='ocrx_word' id='word_1_15' title='bbox 1090 268 1139 298; x_wconf 87' lang='lat' dir='ltr'>vl.</span> <span class='ocrx_word' id='word_1_16' title='bbox 1164 267 1244 308; x_wconf 85' lang='lat' dir='ltr'>(pag.</span> <span class='ocrx_word' id='word_1_17' title='bbox 1260 268 1345 308; x_wconf 85' lang='lat'>393.)</span> <span class='ocrx_word' id='word_1_18' title='bbox 1369 273 1398 297; x_wconf 90' lang='lat' dir='ltr'>et</span> <span class='ocrx_word' id='word_1_19' title='bbox 1421 269 1543 298; x_wconf 77' lang='lat' dir='ltr'>Servius</span> <span class='ocrx_word' id='word_1_20' title='bbox 1566 270 1617 301; x_wconf 90' lang='lat' dir='ltr'>lib.</span> <span class='ocrx_word' id='word_1_21' title='bbox 1631 271 1681 300; x_wconf 84' lang='lat'>111.</span> <span class='ocrx_word' id='word_1_22' title='bbox 1705 275 1735 300; x_wconf 84' lang='lat' dir='ltr'>et</span> <span class='ocrx_word' id='word_1_23' title='bbox 1755 271 1789 300; x_wconf 86' lang='lat' dir='ltr'>V.</span> <span class='ocrx_word' id='word_1_24' title='bbox 1813 270 1863 307; x_wconf 79' lang='lat' dir='ltr'>(ad</span> <span class='ocrx_word' id='word_1_25' title='bbox 1885 281 1916 301; x_wconf 87' lang='lat' dir='ltr'>v.</span> <span class='ocrx_word' id='word_1_26' title='bbox 1928 272 2011 309; x_wconf 83' lang='lat'>704.)</span> <span class='ocrx_word' id='word_1_27' title='bbox 2034 274 2105 303; x_wconf 82' lang='lat' dir='ltr'>Aen,</span> <span class='ocrx_word' id='word_1_28' title='bbox 2129 274 2186 303; x_wconf 64' lang='lat' dir='ltr'>Hi-</span> 
     </span>
     <span class='ocr_line' id='line_1_3' title="bbox 240 309 2185 356; baseline 0 -12"><span class='ocrx_word' id='word_1_29' title='bbox 240 320 332 349; x_wconf 73' lang='lat' dir='ltr'>storia</span> <span class='ocrx_word' id='word_1_30' title='bbox 357 322 459 356; x_wconf 76' lang='lat' dir='ltr'>postea</span> <span class='ocrx_word' id='word_1_31' title='bbox 488 316 628 340; x_wconf 76' lang='lat' dir='ltr'>narratur</span> <span class='ocrx_word' id='word_1_32' title='bbox 656 309 729 338; x_wconf 88' lang='lat' dir='ltr'>mihi</span> <span class='ocrx_word' id='word_1_33' title='bbox 758 310 910 347; x_wconf 74' lang='lat' dir='ltr'>incognita</span> <span class='ocrx_word' id='word_1_34' title='bbox 940 312 976 339; x_wconf 87' lang='lat' dir='ltr'>de</span> <span class='ocrx_word' id='word_1_35' title='bbox 1004 311 1084 339; x_wconf 90' lang='lat' dir='ltr'>bello</span> <span class='ocrx_word' id='word_1_36' title='bbox 1115 311 1258 340; x_wconf 84' lang='lat' dir='ltr'>adversus</span> <span class='ocrx_word' id='word_1_37' title='bbox 1281 312 1414 340; x_wconf 73' lang='lat' dir='ltr'>Bruttios</span> <span class='ocrx_word' id='word_1_38' title='bbox 1444 317 1525 349; x_wconf 85' lang='lat' dir='ltr'>gesto</span> <span class='ocrx_word' id='word_1_39' title='bbox 1553 318 1623 352; x_wconf 86' lang='lat' dir='ltr'>post</span> <span class='ocrx_word' id='word_1_40' title='bbox 1652 314 1769 342; x_wconf 82' lang='lat' dir='ltr'>caedem</span> <span class='ocrx_word' id='word_1_41' title='bbox 1795 314 1826 341; x_wconf 90' lang='lat' dir='ltr'>L.</span> <span class='ocrx_word' id='word_1_42' title='bbox 1849 314 1984 349; x_wconf 80' lang='lat' dir='ltr'>Caecilii,</span> <span class='ocrx_word' id='word_1_43' title='bbox 2020 315 2056 343; x_wconf 87' lang='lat' dir='ltr'>de</span> <span class='ocrx_word' id='word_1_44' title='bbox 2079 317 2185 354; x_wconf 87' lang='lat' dir='ltr'>quibus</span> 
     </span>
     <span class='ocr_line' id='line_1_4' title="bbox 240 352 2187 398; baseline 0.005 -19"><span class='ocrx_word' id='word_1_45' title='bbox 240 364 364 391; x_wconf 62' lang='lat' dir='ltr'>forfflsse</span> <span class='ocrx_word' id='word_1_46' title='bbox 384 359 489 386; x_wconf 83' lang='lat' dir='ltr'>Florus</span> <span class='ocrx_word' id='word_1_47' title='bbox 514 355 562 382; x_wconf 84' lang='lat' dir='ltr'>lib.</span> <span class='ocrx_word' id='word_1_48' title='bbox 577 354 641 382; x_wconf 84' lang='lat' dir='ltr'>Xll.</span> <span class='ocrx_word' id='word_1_49' title='bbox 666 353 756 391; x_wconf 86' lang='lat' dir='ltr'>(Epit.</span> <span class='ocrx_word' id='word_1_50' title='bbox 779 353 842 381; x_wconf 84' lang='lat' dir='ltr'>Liv.</span> <span class='ocrx_word' id='word_1_51' title='bbox 858 352 945 391; x_wconf 68' lang='lat' dir='ltr'>xit).</span> <span class='ocrx_word' id='word_1_52' title='bbox 982 354 1049 381; x_wconf 84' lang='lat' dir='ltr'>Fuit</span> <span class='ocrx_word' id='word_1_53' title='bbox 1072 354 1180 382; x_wconf 82' lang='lat' dir='ltr'>eisdem</span> <span class='ocrx_word' id='word_1_54' title='bbox 1201 354 1386 393; x_wconf 84' lang='lat' dir='ltr'>temporibus</span> <span class='ocrx_word' id='word_1_55' title='bbox 1409 354 1493 385; x_wconf 84' lang='lat' dir='ltr'>Cous.</span> <span class='ocrx_word' id='word_1_56' title='bbox 1517 356 1567 393; x_wconf 87' lang='lat' dir='ltr'>Sp.</span> <span class='ocrx_word' id='word_1_57' title='bbox 1590 356 1734 392; x_wconf 82' lang='lat' dir='ltr'>Nautius,</span> <span class='ocrx_word' id='word_1_58' title='bbox 1764 357 1802 385; x_wconf 88' lang='lat' dir='ltr'>de</span> <span class='ocrx_word' id='word_1_59' title='bbox 1825 366 1885 394; x_wconf 90' lang='lat' dir='ltr'>quo</span> <span class='ocrx_word' id='word_1_60' title='bbox 1907 355 1985 384; x_wconf 85' lang='lat' dir='ltr'>nihil</span> <span class='ocrx_word' id='word_1_61' title='bbox 2007 359 2187 398; x_wconf 79' lang='lat' dir='ltr'>accepimus,</span> 
     </span>
     <span class='ocr_line' id='line_1_5' title="bbox 241 396 2186 444; baseline -0.001 -12"><span class='ocrx_word' id='word_1_62' title='bbox 241 404 320 444; x_wconf 88' lang='lat' dir='ltr'>quod</span> <span class='ocrx_word' id='word_1_63' title='bbox 343 401 378 429; x_wconf 79' lang='lat' dir='ltr'>ad</span> <span class='ocrx_word' id='word_1_64' title='bbox 402 399 488 427; x_wconf 81' lang='lat' dir='ltr'>liuius</span> <span class='ocrx_word' id='word_1_65' title='bbox 511 397 569 425; x_wconf 83' lang='lat' dir='ltr'>loci</span> <span class='ocrx_word' id='word_1_66' title='bbox 593 396 868 434; x_wconf 74' lang='lat' dir='ltr'>interpretationem</span> <span class='ocrx_word' id='word_1_67' title='bbox 891 397 1045 434; x_wconf 77' lang='lat' dir='ltr'>pertineat.</span> <span class='ocrx_word' id='word_1_68' title='bbox 1075 396 1161 427; x_wconf 76' lang='lat' dir='ltr'>Ant.</span> <span class='ocrx_word' id='word_1_69' title='bbox 1183 397 1278 436; x_wconf 73' lang='lat' dir='ltr'>Aug.</span> <span class='ocrx_word' id='word_1_70' title='bbox 1323 397 1470 425; x_wconf 77' lang='lat' dir='ltr'>Primores</span> <span class='ocrx_word' id='word_1_71' title='bbox 1500 398 1631 436; x_wconf 88' lang='lat' dir='ltr'>quinque</span> <span class='ocrx_word' id='word_1_72' title='bbox 1652 399 1793 427; x_wconf 84' lang='lat' dir='ltr'>versiculi</span> <span class='ocrx_word' id='word_1_73' title='bbox 1815 409 1882 426; x_wconf 89' lang='lat' dir='ltr'>cum</span> <span class='ocrx_word' id='word_1_74' title='bbox 1907 398 2025 427; x_wconf 87' lang='lat' dir='ltr'>duobus</span> <span class='ocrx_word' id='word_1_75' title='bbox 2048 402 2186 431; x_wconf 75' lang='lat' dir='ltr'>extremis</span> 
     </span>
     <span class='ocr_line' id='line_1_6' title="bbox 240 439 2186 481; baseline -0.002 -6"><span class='ocrx_word' id='word_1_76' title='bbox 240 444 433 475; x_wconf 81' lang='lat' dir='ltr'>certissimum</span> <span class='ocrx_word' id='word_1_77' title='bbox 457 445 500 468; x_wconf 91' lang='lat' dir='ltr'>est</span> <span class='ocrx_word' id='word_1_78' title='bbox 524 439 560 467; x_wconf 84' lang='lat' dir='ltr'>ad</span> <span class='ocrx_word' id='word_1_79' title='bbox 583 440 759 467; x_wconf 84' lang='lat' dir='ltr'>Nautiorum</span> <span class='ocrx_word' id='word_1_80' title='bbox 783 442 897 475; x_wconf 83' lang='lat' dir='ltr'>gentem</span> <span class='ocrx_word' id='word_1_81' title='bbox 922 439 1077 477; x_wconf 71' lang='lat' dir='ltr'>pertinere.</span> <span class='ocrx_word' id='word_1_82' title='bbox 1124 439 1220 468; x_wconf 87' lang='lat' dir='ltr'>Media</span> <span class='ocrx_word' id='word_1_83' title='bbox 1251 440 1402 468; x_wconf 86' lang='lat' dir='ltr'>interiecta</span> <span class='ocrx_word' id='word_1_84' title='bbox 1430 445 1464 468; x_wconf 88' lang='lat' dir='ltr'>ut</span> <span class='ocrx_word' id='word_1_85' title='bbox 1494 445 1612 469; x_wconf 81' lang='lat' dir='ltr'>constat</span> <span class='ocrx_word' id='word_1_86' title='bbox 1641 442 1736 469; x_wconf 86' lang='lat' dir='ltr'>aliena</span> <span class='ocrx_word' id='word_1_87' title='bbox 1766 441 1824 469; x_wconf 90' lang='lat' dir='ltr'>hoc</span> <span class='ocrx_word' id='word_1_88' title='bbox 1853 441 1921 469; x_wconf 85' lang='lat' dir='ltr'>loco</span> <span class='ocrx_word' id='word_1_89' title='bbox 1950 452 2028 479; x_wconf 84' lang='lat' dir='ltr'>esse,</span> <span class='ocrx_word' id='word_1_90' title='bbox 2063 442 2104 471; x_wconf 86' lang='lat' dir='ltr'>ita</span> <span class='ocrx_word' id='word_1_91' title='bbox 2127 454 2186 481; x_wconf 87' lang='lat' dir='ltr'>quo</span> 
     </span>
     <span class='ocr_line' id='line_1_7' title="bbox 238 481 2187 527; baseline -0.001 -12"><span class='ocrx_word' id='word_1_92' title='bbox 238 487 422 527; x_wconf 81' lang='lat' dir='ltr'>pertineant,</span> <span class='ocrx_word' id='word_1_93' title='bbox 447 483 594 511; x_wconf 75' lang='lat' dir='ltr'>affirmare</span> <span class='ocrx_word' id='word_1_94' title='bbox 618 492 675 509; x_wconf 81' lang='lat' dir='ltr'>non</span> <span class='ocrx_word' id='word_1_95' title='bbox 700 490 832 519; x_wconf 84' lang='lat' dir='ltr'>possum.</span> <span class='ocrx_word' id='word_1_96' title='bbox 879 482 1037 519; x_wconf 73' lang='lat' dir='ltr'>Scripsisse</span> <span class='ocrx_word' id='word_1_97' title='bbox 1059 482 1175 511; x_wconf 84' lang='lat' dir='ltr'>videtur</span> <span class='ocrx_word' id='word_1_98' title='bbox 1197 483 1314 510; x_wconf 73' lang='lat' dir='ltr'>Festus:</span> <span class='ocrx_word' id='word_1_99' title='bbox 1339 481 1516 511; x_wconf 72' lang='lat' dir='ltr'>Nautiorum</span> <span class='ocrx_word' id='word_1_100' title='bbox 1531 482 1661 524; x_wconf 76' lang='lat' dir='ltr'>familia</span> <span class='ocrx_word' id='word_1_101' title='bbox 1684 494 1703 512; x_wconf 88' lang='lat' dir='ltr'>a</span> <span class='ocrx_word' id='word_1_102' title='bbox 1731 484 1867 513; x_wconf 74' lang='lat' dir='ltr'>Troianis</span> <span class='ocrx_word' id='word_1_103' title='bbox 1888 482 2014 513; x_wconf 81' lang='lat' dir='ltr'>oriunda</span> <span class='ocrx_word' id='word_1_104' title='bbox 2036 492 2093 521; x_wconf 85' lang='lat' dir='ltr'>est,</span> <span class='ocrx_word' id='word_1_105' title='bbox 2115 487 2187 525; x_wconf 76' lang='lat' dir='ltr'>quia</span> 
     </span>
     <span class='ocr_line' id='line_1_8' title="bbox 237 523 2187 564; baseline -0.001 -6"><span class='ocrx_word' id='word_1_106' title='bbox 237 529 350 558; x_wconf 81' lang='lat' dir='ltr'>Nautes</span> <span class='ocrx_word' id='word_1_107' title='bbox 372 537 468 556; x_wconf 85' lang='lat' dir='ltr'>eorum</span> <span class='ocrx_word' id='word_1_108' title='bbox 490 526 638 564; x_wconf 82' lang='lat' dir='ltr'>princeps,</span> <span class='ocrx_word' id='word_1_109' title='bbox 673 524 725 563; x_wconf 82' lang='lat' dir='ltr'>qui</span> <span class='ocrx_word' id='word_1_110' title='bbox 746 534 841 552; x_wconf 86' lang='lat' dir='ltr'>secum</span> <span class='ocrx_word' id='word_1_111' title='bbox 863 523 1053 553; x_wconf 76' lang='lat' dir='ltr'>simulacrum</span> <span class='ocrx_word' id='word_1_112' title='bbox 1077 535 1193 553; x_wconf 87' lang='lat' dir='ltr'>aeneum</span> <span class='ocrx_word' id='word_1_113' title='bbox 1218 524 1371 554; x_wconf 76' lang='lat' dir='ltr'>Minervae</span> <span class='ocrx_word' id='word_1_114' title='bbox 1392 524 1532 562; x_wconf 81' lang='lat' dir='ltr'>abstulit,</span> <span class='ocrx_word' id='word_1_115' title='bbox 1569 525 1645 554; x_wconf 73' lang='lat' dir='ltr'>unde</span> <span class='ocrx_word' id='word_1_116' title='bbox 1667 527 1692 555; x_wconf 85' lang='lat' dir='ltr'>ei</span> <span class='ocrx_word' id='word_1_117' title='bbox 1713 537 1800 555; x_wconf 83' lang='lat' dir='ltr'>sacra</span> <span class='ocrx_word' id='word_1_118' title='bbox 1820 536 1981 564; x_wconf 84' lang='lat' dir='ltr'>procurare</span> <span class='ocrx_word' id='word_1_119' title='bbox 2001 526 2083 555; x_wconf 74' lang='lat' dir='ltr'>soliti</span> <span class='ocrx_word' id='word_1_120' title='bbox 2105 535 2187 556; x_wconf 81' lang='lat' dir='ltr'>erant</span> 
     </span>
     <span class='ocr_line' id='line_1_9' title="bbox 237 564 2188 610; baseline -0.001 -10"><span class='ocrx_word' id='word_1_121' title='bbox 237 571 359 605; x_wconf 86' lang='lat' dir='ltr'>Nautii‚</span> <span class='ocrx_word' id='word_1_122' title='bbox 394 579 484 609; x_wconf 81' lang='lat' dir='ltr'>quare</span> <span class='ocrx_word' id='word_1_123' title='bbox 506 568 569 596; x_wconf 85' lang='lat' dir='ltr'>Dea</span> <span class='ocrx_word' id='word_1_124' title='bbox 591 566 647 595; x_wconf 81' lang='lat' dir='ltr'>hac</span> <span class='ocrx_word' id='word_1_125' title='bbox 674 564 837 595; x_wconf 83' lang='lat' dir='ltr'>vocabatur</span> <span class='ocrx_word' id='word_1_126' title='bbox 859 565 894 594; x_wconf 79' lang='lat' dir='ltr'>de</span> <span class='ocrx_word' id='word_1_127' title='bbox 917 577 1008 596; x_wconf 79' lang='lat' dir='ltr'>causa.</span> <span class='ocrx_word' id='word_1_128' title='bbox 1029 566 1152 597; x_wconf 77' lang='lat' dir='ltr'>Nautio.</span> <span class='ocrx_word' id='word_1_129' title='bbox 1195 567 1261 596; x_wconf 86' lang='lat' dir='ltr'>Aut</span> <span class='ocrx_word' id='word_1_130' title='bbox 1284 568 1372 606; x_wconf 72' lang='lat' dir='ltr'>igitur</span> <span class='ocrx_word' id='word_1_131' title='bbox 1394 578 1412 595; x_wconf 87' lang='lat' dir='ltr'>a</span> <span class='ocrx_word' id='word_1_132' title='bbox 1435 566 1516 604; x_wconf 76' lang='lat' dir='ltr'>Dea,</span> <span class='ocrx_word' id='word_1_133' title='bbox 1553 575 1605 596; x_wconf 86' lang='lat' dir='ltr'>aut</span> <span class='ocrx_word' id='word_1_134' title='bbox 1627 567 1694 596; x_wconf 77' lang='lat' dir='ltr'>inde</span> <span class='ocrx_word' id='word_1_135' title='bbox 1717 579 1735 596; x_wconf 86' lang='lat' dir='ltr'>a</span> <span class='ocrx_word' id='word_1_136' title='bbox 1757 570 1889 608; x_wconf 81' lang='lat' dir='ltr'>principe</span> <span class='ocrx_word' id='word_1_137' title='bbox 1911 579 1963 597; x_wconf 84' lang='lat' dir='ltr'>suo</span> <span class='ocrx_word' id='word_1_138' title='bbox 1980 568 2111 610; x_wconf 76' lang='lat' dir='ltr'>familia</span> <span class='ocrx_word' id='word_1_139' title='bbox 2132 581 2188 609; x_wconf 88' lang='lat' dir='ltr'>ap-</span> 
     </span>
     <span class='ocr_line' id='line_1_10' title="bbox 235 609 2187 653; baseline -0.001 -11"><span class='ocrx_word' id='word_1_140' title='bbox 235 612 347 653; x_wconf 80' lang='lat' dir='ltr'>pellata</span> <span class='ocrx_word' id='word_1_141' title='bbox 369 619 418 641; x_wconf 83' lang='lat' dir='ltr'>est.</span> <span class='ocrx_word' id='word_1_142' title='bbox 463 612 551 638; x_wconf 80' lang='lat' dir='ltr'>Sacra</span> <span class='ocrx_word' id='word_1_143' title='bbox 574 609 725 637; x_wconf 76' lang='lat' dir='ltr'>Minervae</span> <span class='ocrx_word' id='word_1_144' title='bbox 753 618 812 636; x_wconf 86' lang='lat' dir='ltr'>non</span> <span class='ocrx_word' id='word_1_145' title='bbox 842 609 880 637; x_wconf 85' lang='lat' dir='ltr'>ad</span> <span class='ocrx_word' id='word_1_146' title='bbox 910 614 1025 647; x_wconf 80' lang='lat' dir='ltr'>gentem</span> <span class='ocrx_word' id='word_1_147' title='bbox 1056 609 1158 637; x_wconf 72' lang='lat' dir='ltr'>{uliam</span> <span class='ocrx_word' id='word_1_148' title='bbox 1186 609 1379 648; x_wconf 84' lang='lat' dir='ltr'>pertinuisse,</span> <span class='ocrx_word' id='word_1_149' title='bbox 1415 619 1490 647; x_wconf 87' lang='lat' dir='ltr'>quae</span> <span class='ocrx_word' id='word_1_150' title='bbox 1513 609 1548 638; x_wconf 88' lang='lat' dir='ltr'>ab</span> <span class='ocrx_word' id='word_1_151' title='bbox 1572 610 1669 639; x_wconf 81' lang='lat' dir='ltr'>Aenea</span> <span class='ocrx_word' id='word_1_152' title='bbox 1693 611 1870 647; x_wconf 85' lang='lat' dir='ltr'>deducitur,</span> <span class='ocrx_word' id='word_1_153' title='bbox 1906 611 1958 639; x_wconf 88' lang='lat' dir='ltr'>sed</span> <span class='ocrx_word' id='word_1_154' title='bbox 1981 613 2017 640; x_wconf 87' lang='lat' dir='ltr'>ad</span> <span class='ocrx_word' id='word_1_155' title='bbox 2039 612 2187 649; x_wconf 82' lang='lat' dir='ltr'>Nautiam,</span> 
     </span>
     <span class='ocr_line' id='line_1_11' title="bbox 238 651 2188 694; baseline -0.001 -10"><span class='ocrx_word' id='word_1_156' title='bbox 238 666 312 694; x_wconf 87' lang='lat' dir='ltr'>quae</span> <span class='ocrx_word' id='word_1_157' title='bbox 335 666 352 683; x_wconf 92' lang='lat' dir='ltr'>a</span> <span class='ocrx_word' id='word_1_158' title='bbox 373 655 484 689; x_wconf 86' lang='lat' dir='ltr'>Naute‚</span> <span class='ocrx_word' id='word_1_159' title='bbox 523 651 571 690; x_wconf 84' lang='lat' dir='ltr'>qui</span> <span class='ocrx_word' id='word_1_160' title='bbox 596 651 651 680; x_wconf 86' lang='lat' dir='ltr'>fuit</span> <span class='ocrx_word' id='word_1_161' title='bbox 675 651 772 679; x_wconf 80' lang='lat' dir='ltr'>socius</span> <span class='ocrx_word' id='word_1_162' title='bbox 795 651 921 688; x_wconf 78' lang='lat' dir='ltr'>Aeneae,</span> <span class='ocrx_word' id='word_1_163' title='bbox 951 652 1032 680; x_wconf 91' lang='lat' dir='ltr'>testis</span> <span class='ocrx_word' id='word_1_164' title='bbox 1056 652 1190 687; x_wconf 83' lang='lat' dir='ltr'>Servius;</span> <span class='ocrx_word' id='word_1_165' title='bbox 1227 652 1295 680; x_wconf 88' lang='lat' dir='ltr'>inde</span> <span class='ocrx_word' id='word_1_166' title='bbox 1318 652 1456 689; x_wconf 81' lang='lat' dir='ltr'>suspicor</span> <span class='ocrx_word' id='word_1_167' title='bbox 1478 662 1493 680; x_wconf 93' lang='lat' dir='ltr'>a</span> <span class='ocrx_word' id='word_1_168' title='bbox 1516 652 1603 681; x_wconf 78' lang='lat' dir='ltr'>Festo</span> <span class='ocrx_word' id='word_1_169' title='bbox 1626 654 1750 682; x_wconf 89' lang='lat' dir='ltr'>relatum</span> <span class='ocrx_word' id='word_1_170' title='bbox 1775 654 1864 682; x_wconf 84' lang='lat' dir='ltr'>Deam</span> <span class='ocrx_word' id='word_1_171' title='bbox 1887 653 1995 682; x_wconf 84' lang='lat' dir='ltr'>dictam</span> <span class='ocrx_word' id='word_1_172' title='bbox 2019 665 2082 683; x_wconf 83' lang='lat' dir='ltr'>esse</span> <span class='ocrx_word' id='word_1_173' title='bbox 2103 655 2188 683; x_wconf 83' lang='lat' dir='ltr'>Nau—</span> 
     </span>
     <span class='ocr_line' id='line_1_12' title="bbox 236 693 2186 733; baseline -0.001 -6"><span class='ocrx_word' id='word_1_174' title='bbox 236 699 317 728; x_wconf 82' lang='lat' dir='ltr'>tiam.</span> <span class='ocrx_word' id='word_1_175' title='bbox 363 698 539 733; x_wconf 83' lang='lat' dir='ltr'>Quanquam</span> <span class='ocrx_word' id='word_1_176' title='bbox 562 705 623 722; x_wconf 90' lang='lat' dir='ltr'>non</span> <span class='ocrx_word' id='word_1_177' title='bbox 645 693 747 729; x_wconf 84' lang='lat' dir='ltr'>video,</span> <span class='ocrx_word' id='word_1_178' title='bbox 782 704 874 731; x_wconf 89' lang='lat' dir='ltr'>quare</span> <span class='ocrx_word' id='word_1_179' title='bbox 898 694 1001 723; x_wconf 81' lang='lat' dir='ltr'>Festus</span> <span class='ocrx_word' id='word_1_180' title='bbox 1023 695 1163 723; x_wconf 85' lang='lat' dir='ltr'>familiam</span> <span class='ocrx_word' id='word_1_181' title='bbox 1187 696 1287 731; x_wconf 82' lang='lat' dir='ltr'>potius</span> <span class='ocrx_word' id='word_1_182' title='bbox 1311 694 1433 730; x_wconf 80' lang='lat' dir='ltr'>dixerit,</span> <span class='ocrx_word' id='word_1_183' title='bbox 1469 705 1554 732; x_wconf 82' lang='lat' dir='ltr'>quam</span> <span class='ocrx_word' id='word_1_184' title='bbox 1577 701 1707 733; x_wconf 73' lang='lat' dir='ltr'>gentem,</span> <span class='ocrx_word' id='word_1_185' title='bbox 1748 701 1791 724; x_wconf 90' lang='lat' dir='ltr'>est</span> <span class='ocrx_word' id='word_1_186' title='bbox 1814 697 1891 725; x_wconf 85' lang='lat' dir='ltr'>enim</span> <span class='ocrx_word' id='word_1_187' title='bbox 1915 697 2070 726; x_wconf 81' lang='lat' dir='ltr'>manifesta</span> <span class='ocrx_word' id='word_1_188' title='bbox 2093 693 2186 727; x_wconf 73' lang='grc' dir='ltr'><strong><em>κατά-</em></strong></span> 
     </span>
     <span class='ocr_line' id='line_1_13' title="bbox 237 736 1877 781; baseline 0 -14"><span class='ocrx_word' id='word_1_189' title='bbox 237 750 349 781; x_wconf 72' lang='grc' dir='ltr'><strong><em>χρησις.</em></strong></span> <span class='ocrx_word' id='word_1_190' title='bbox 376 737 474 768; x_wconf 81' lang='lat' dir='ltr'>Scal.</span> <span class='ocrx_word' id='word_1_191' title='bbox 522 738 562 766; x_wconf 81' lang='lat' dir='ltr'>De</span> <span class='ocrx_word' id='word_1_192' title='bbox 586 737 679 765; x_wconf 80' lang='lat' dir='ltr'>Naute</span> <span class='ocrx_word' id='word_1_193' title='bbox 703 736 752 774; x_wconf 89' lang='lat' dir='ltr'>qui</span> <span class='ocrx_word' id='word_1_194' title='bbox 777 736 941 765; x_wconf 85' lang='lat' dir='ltr'>Palladium</span> <span class='ocrx_word' id='word_1_195' title='bbox 968 739 1088 766; x_wconf 83' lang='lat' dir='ltr'>Romam</span> <span class='ocrx_word' id='word_1_196' title='bbox 1111 738 1232 773; x_wconf 85' lang='lat' dir='ltr'>detulit,</span> <span class='ocrx_word' id='word_1_197' title='bbox 1257 737 1376 765; x_wconf 81' lang='lat' dir='ltr'>Servius</span> <span class='ocrx_word' id='word_1_198' title='bbox 1400 737 1439 765; x_wconf 81' lang='lat' dir='ltr'>ad.</span> <span class='ocrx_word' id='word_1_199' title='bbox 1460 738 1536 766; x_wconf 83' lang='lat' dir='ltr'>illud</span> <span class='ocrx_word' id='word_1_200' title='bbox 1561 738 1593 769; x_wconf 83' lang='lat' dir='ltr'>V.</span> <span class='ocrx_word' id='word_1_201' title='bbox 1617 738 1739 768; x_wconf 79' lang='lat' dir='ltr'>Aeneid.</span> <span class='ocrx_word' id='word_1_202' title='bbox 1764 738 1877 778; x_wconf 79' lang='lat'>(704.):</span> 
     </span>
    </p>
   </div>
   <div class='ocr_carea' id='block_1_3' title="bbox 816 787 1567 867">
    <p class='ocr_par' dir='ltr' id='par_1_3' title="bbox 816 787 1567 867">
     <span class='ocr_line' id='line_1_14' title="bbox 821 787 1567 826; baseline 0.004 -12"><span class='ocrx_word' id='word_1_203' title='bbox 821 788 891 815; x_wconf 88' lang='lat' dir='ltr'>Tum</span> <span class='ocrx_word' id='word_1_204' title='bbox 914 791 1010 816; x_wconf 83' lang='lat' dir='ltr'>senior</span> <span class='ocrx_word' id='word_1_205' title='bbox 1032 788 1160 826; x_wconf 71' lang='lat' dir='ltr'>Nautes,</span> <span class='ocrx_word' id='word_1_206' title='bbox 1187 799 1273 817; x_wconf 86' lang='lat' dir='ltr'>unum</span> <span class='ocrx_word' id='word_1_207' title='bbox 1304 788 1437 817; x_wconf 71' lang='lat' dir='ltr'>Tritonia</span> <span class='ocrx_word' id='word_1_208' title='bbox 1461 787 1567 817; x_wconf 82' lang='lat' dir='ltr'>Pallas</span> 
     </span>
     <span class='ocr_line' id='line_1_15' title="bbox 816 829 1040 867; baseline 0.018 -11"><span class='ocrx_word' id='word_1_209' title='bbox 816 829 905 867; x_wconf 79' lang='lat' dir='ltr'>Quem</span> <span class='ocrx_word' id='word_1_210' title='bbox 930 829 1040 861; x_wconf 79' lang='lat' dir='ltr'>docuit.</span> 
     </span>
    </p>
   </div>
   <div class='ocr_carea' id='block_1_4' title="bbox 233 879 2189 2064">
    <p class='ocr_par' dir='ltr' id='par_1_4' title="bbox 233 879 2188 1178">
     <span class='ocr_line' id='line_1_16' title="bbox 239 879 2187 922; baseline -0.001 -11"><span class='ocrx_word' id='word_1_211' title='bbox 239 881 326 921; x_wconf 72' lang='lat' dir='ltr'>Quod</span> <span class='ocrx_word' id='word_1_212' title='bbox 349 889 443 910; x_wconf 78' lang='lat' dir='ltr'>autem</span> <span class='ocrx_word' id='word_1_213' title='bbox 468 879 539 910; x_wconf 79' lang='lat' dir='ltr'>dicit</span> <span class='ocrx_word' id='word_1_214' title='bbox 563 879 688 917; x_wconf 79' lang='lat' dir='ltr'>Pallas,</span> <span class='ocrx_word' id='word_1_215' title='bbox 718 892 800 921; x_wconf 74' lang='lat' dir='ltr'>quem</span> <span class='ocrx_word' id='word_1_216' title='bbox 816 879 940 919; x_wconf 68' lang='lat' dir='ltr'>docuit,</span> <span class='ocrx_word' id='word_1_217' title='bbox 970 889 1087 921; x_wconf 84' lang='lat' dir='ltr'>propter</span> <span class='ocrx_word' id='word_1_218' title='bbox 1108 880 1186 911; x_wconf 79' lang='lat' dir='ltr'>illud</span> <span class='ocrx_word' id='word_1_219' title='bbox 1208 880 1288 922; x_wconf 77' lang='lat' dir='ltr'>quod</span> <span class='ocrx_word' id='word_1_220' title='bbox 1310 892 1399 920; x_wconf 84' lang='lat' dir='ltr'>supra</span> <span class='ocrx_word' id='word_1_221' title='bbox 1425 880 1558 910; x_wconf 73' lang='lat' dir='ltr'>diximus</span> <span class='ocrx_word' id='word_1_222' title='bbox 1578 882 1716 922; x_wconf 77' lang='lat' dir='ltr'>fingitur,</span> <span class='ocrx_word' id='word_1_223' title='bbox 1746 883 1816 922; x_wconf 83' lang='lat' dir='ltr'>quia</span> <span class='ocrx_word' id='word_1_224' title='bbox 1838 883 1898 921; x_wconf 85' lang='lat' dir='ltr'>ipse</span> <span class='ocrx_word' id='word_1_225' title='bbox 1919 880 2048 910; x_wconf 87' lang='lat' dir='ltr'>Romam</span> <span class='ocrx_word' id='word_1_226' title='bbox 2073 880 2187 911; x_wconf 83' lang='lat' dir='ltr'>Palla-</span> 
     </span>
     <span class='ocr_line' id='line_1_17' title="bbox 237 922 2188 964; baseline 0 -11"><span class='ocrx_word' id='word_1_227' title='bbox 237 925 316 954; x_wconf 77' lang='lat' dir='ltr'>elium</span> <span class='ocrx_word' id='word_1_228' title='bbox 347 922 464 958; x_wconf 74' lang='lat' dir='ltr'>detulit,</span> <span class='ocrx_word' id='word_1_229' title='bbox 500 923 576 952; x_wconf 71' lang='lat' dir='ltr'>uncle</span> <span class='ocrx_word' id='word_1_230' title='bbox 597 923 774 952; x_wconf 84' lang='lat' dir='ltr'>Nautiorum</span> <span class='ocrx_word' id='word_1_231' title='bbox 795 922 925 962; x_wconf 81' lang='lat' dir='ltr'>familia</span> <span class='ocrx_word' id='word_1_232' title='bbox 949 923 1101 952; x_wconf 60' lang='lat' dir='ltr'>Ilffineruae</span> <span class='ocrx_word' id='word_1_233' title='bbox 1128 935 1215 954; x_wconf 85' lang='lat' dir='ltr'>sacra</span> <span class='ocrx_word' id='word_1_234' title='bbox 1243 923 1399 961; x_wconf 76' lang='lat' dir='ltr'>retinebat,</span> <span class='ocrx_word' id='word_1_235' title='bbox 1436 923 1517 964; x_wconf 68' lang='lat' dir='ltr'>quod</span> <span class='ocrx_word' id='word_1_236' title='bbox 1546 925 1632 953; x_wconf 86' lang='lat' dir='ltr'>etiam</span> <span class='ocrx_word' id='word_1_237' title='bbox 1657 924 1757 953; x_wconf 83' lang='lat' dir='ltr'>Varro</span> <span class='ocrx_word' id='word_1_238' title='bbox 1786 923 1869 954; x_wconf 74' lang='lat' dir='ltr'>docet</span> <span class='ocrx_word' id='word_1_239' title='bbox 1896 925 1927 952; x_wconf 82' lang='lat' dir='ltr'>in</span> <span class='ocrx_word' id='word_1_240' title='bbox 1950 923 2034 953; x_wconf 73' lang='lat' dir='ltr'>libris</span> <span class='ocrx_word' id='word_1_241' title='bbox 2057 935 2129 964; x_wconf 80' lang='lat' dir='ltr'>quos</span> <span class='ocrx_word' id='word_1_242' title='bbox 2153 922 2188 953; x_wconf 74' lang='lat' dir='ltr'>cle</span> 
     </span>
     <span class='ocr_line' id='line_1_18' title="bbox 233 966 2187 1008; baseline -0.001 -12"><span class='ocrx_word' id='word_1_243' title='bbox 233 966 362 1008; x_wconf 75' lang='lat' dir='ltr'>familiis</span> <span class='ocrx_word' id='word_1_244' title='bbox 391 966 525 994; x_wconf 80' lang='lat' dir='ltr'>Troianis</span> <span class='ocrx_word' id='word_1_245' title='bbox 546 966 672 1005; x_wconf 80' lang='lat' dir='ltr'>scripsit.</span> <span class='ocrx_word' id='word_1_246' title='bbox 717 966 846 994; x_wconf 67' lang='lat' dir='ltr'>Historia</span> <span class='ocrx_word' id='word_1_247' title='bbox 872 966 908 993; x_wconf 80' lang='lat' dir='ltr'>dc</span> <span class='ocrx_word' id='word_1_248' title='bbox 932 966 1039 1002; x_wconf 84' lang='lat' dir='ltr'>Naute,</span> <span class='ocrx_word' id='word_1_249' title='bbox 1070 967 1210 1003; x_wconf 79' lang='lat' dir='ltr'>Bruttiis,</span> <span class='ocrx_word' id='word_1_250' title='bbox 1235 967 1365 995; x_wconf 72' lang='lat' dir='ltr'>Messana</span> <span class='ocrx_word' id='word_1_251' title='bbox 1383 971 1418 995; x_wconf 57' lang='lat' dir='ltr'>‘et</span> <span class='ocrx_word' id='word_1_252' title='bbox 1441 966 1476 1002; x_wconf 88' lang='lat' dir='ltr'>Q.</span> <span class='ocrx_word' id='word_1_253' title='bbox 1501 967 1631 995; x_wconf 87' lang='lat' dir='ltr'>Caecilio</span> <span class='ocrx_word' id='word_1_254' title='bbox 1655 967 1790 1003; x_wconf 74' lang='lat' dir='ltr'>Metello,</span> <span class='ocrx_word' id='word_1_255' title='bbox 1816 966 1886 995; x_wconf 82' lang='lat' dir='ltr'>mihi</span> <span class='ocrx_word' id='word_1_256' title='bbox 1913 966 2031 1005; x_wconf 86' lang='lat' dir='ltr'>quidem</span> <span class='ocrx_word' id='word_1_257' title='bbox 2054 967 2187 995; x_wconf 82' lang='lat' dir='ltr'>inaudita</span> 
     </span>
     <span class='ocr_line' id='line_1_19' title="bbox 236 1008 2186 1047; baseline -0.001 -9"><span class='ocrx_word' id='word_1_258' title='bbox 236 1016 288 1039; x_wconf 80' lang='lat' dir='ltr'>est.</span> <span class='ocrx_word' id='word_1_259' title='bbox 331 1009 399 1037; x_wconf 89' lang='lat' dir='ltr'>Scio</span> <span class='ocrx_word' id='word_1_260' title='bbox 430 1013 546 1037; x_wconf 82' lang='lat' dir='ltr'>tantum</span> <span class='ocrx_word' id='word_1_261' title='bbox 575 1019 667 1037; x_wconf 86' lang='lat' dir='ltr'>unum</span> <span class='ocrx_word' id='word_1_262' title='bbox 692 1009 726 1044; x_wconf 88' lang='lat' dir='ltr'>Q.</span> <span class='ocrx_word' id='word_1_263' title='bbox 751 1008 910 1036; x_wconf 79' lang='lat' dir='ltr'>Caecilium</span> <span class='ocrx_word' id='word_1_264' title='bbox 937 1009 1084 1037; x_wconf 83' lang='lat' dir='ltr'>Metellum</span> <span class='ocrx_word' id='word_1_265' title='bbox 1115 1010 1244 1037; x_wconf 85' lang='lat' dir='ltr'>occisum</span> <span class='ocrx_word' id='word_1_266' title='bbox 1269 1019 1337 1037; x_wconf 88' lang='lat' dir='ltr'>cum</span> <span class='ocrx_word' id='word_1_267' title='bbox 1362 1015 1464 1038; x_wconf 86' lang='lat' dir='ltr'>contra</span> <span class='ocrx_word' id='word_1_268' title='bbox 1488 1010 1635 1046; x_wconf 88' lang='lat' dir='ltr'>Bruttios,</span> <span class='ocrx_word' id='word_1_269' title='bbox 1673 1011 1807 1038; x_wconf 84' lang='lat' dir='ltr'>Lucanos</span> <span class='ocrx_word' id='word_1_270' title='bbox 1830 1015 1859 1038; x_wconf 87' lang='lat' dir='ltr'>et</span> <span class='ocrx_word' id='word_1_271' title='bbox 1881 1009 1955 1038; x_wconf 86' lang='lat' dir='ltr'>alios</span> <span class='ocrx_word' id='word_1_272' title='bbox 1978 1009 2029 1047; x_wconf 84' lang='lat' dir='ltr'>qui</span> <span class='ocrx_word' id='word_1_273' title='bbox 2052 1009 2186 1038; x_wconf 82' lang='lat' dir='ltr'>Aretium</span> 
     </span>
     <span class='ocr_line' id='line_1_20' title="bbox 236 1050 2185 1091; baseline 0.001 -10"><span class='ocrx_word' id='word_1_274' title='bbox 236 1052 425 1087; x_wconf 77' lang='lat' dir='ltr'>obsidebant,</span> <span class='ocrx_word' id='word_1_275' title='bbox 450 1051 554 1079; x_wconf 85' lang='lat' dir='ltr'>missus</span> <span class='ocrx_word' id='word_1_276' title='bbox 576 1056 660 1079; x_wconf 77' lang='lat' dir='ltr'>esset.</span> <span class='ocrx_word' id='word_1_277' title='bbox 684 1051 738 1079; x_wconf 83' lang='lat' dir='ltr'>Da</span> <span class='ocrx_word' id='word_1_278' title='bbox 749 1062 772 1080; x_wconf 87' lang='lat' dir='ltr'>c.</span> <span class='ocrx_word' id='word_1_279' title='bbox 820 1051 889 1078; x_wconf 52' lang='lat' dir='ltr'>Post</span> <span class='ocrx_word' id='word_1_280' title='bbox 904 1050 1088 1080; x_wconf 82' lang='lat' dir='ltr'>Nautiorum.</span> <span class='ocrx_word' id='word_1_281' title='bbox 1130 1052 1209 1080; x_wconf 85' lang='lat' dir='ltr'>Haec</span> <span class='ocrx_word' id='word_1_282' title='bbox 1234 1062 1308 1090; x_wconf 85' lang='lat' dir='ltr'>quae</span> <span class='ocrx_word' id='word_1_283' title='bbox 1331 1057 1513 1090; x_wconf 81' lang='lat' dir='ltr'>sequuntur,</span> <span class='ocrx_word' id='word_1_284' title='bbox 1538 1062 1597 1090; x_wconf 89' lang='lat' dir='ltr'>quo</span> <span class='ocrx_word' id='word_1_285' title='bbox 1620 1053 1806 1091; x_wconf 86' lang='lat' dir='ltr'>pertineant,</span> <span class='ocrx_word' id='word_1_286' title='bbox 1829 1057 1864 1081; x_wconf 87' lang='lat' dir='ltr'>ut.</span> <span class='ocrx_word' id='word_1_287' title='bbox 1885 1053 1942 1080; x_wconf 81' lang='lat' dir='ltr'>iam</span> <span class='ocrx_word' id='word_1_288' title='bbox 1967 1051 2049 1088; x_wconf 83' lang='lat' dir='ltr'>dixi,</span> <span class='ocrx_word' id='word_1_289' title='bbox 2073 1052 2185 1082; x_wconf 82' lang='lat' dir='ltr'>nescio.</span> 
     </span>
     <span class='ocr_line' id='line_1_21' title="bbox 237 1092 2187 1134; baseline -0.001 -11"><span class='ocrx_word' id='word_1_290' title='bbox 237 1097 312 1123; x_wconf 86' lang='lat' dir='ltr'>Sunt</span> <span class='ocrx_word' id='word_1_291' title='bbox 340 1099 436 1122; x_wconf 77' lang='lat' dir='ltr'>nutem</span> <span class='ocrx_word' id='word_1_292' title='bbox 466 1093 557 1122; x_wconf 81' lang='lat' dir='ltr'>ferme</span> <span class='ocrx_word' id='word_1_293' title='bbox 586 1093 622 1121; x_wconf 82' lang='lat' dir='ltr'>ad</span> <span class='ocrx_word' id='word_1_294' title='bbox 653 1093 733 1121; x_wconf 91' lang='lat' dir='ltr'>hunc</span> <span class='ocrx_word' id='word_1_295' title='bbox 765 1093 900 1121; x_wconf 81' lang='lat' dir='ltr'>modum:</span> <span class='ocrx_word' id='word_1_296' title='bbox 941 1092 1010 1122; x_wconf 84' lang='lat' dir='ltr'>Cum</span> <span class='ocrx_word' id='word_1_297' title='bbox 1040 1096 1177 1131; x_wconf 58' lang='lat' dir='ltr'>arcessitiE</span> <span class='ocrx_word' id='word_1_298' title='bbox 1201 1093 1396 1134; x_wconf 67' lang='lat' dir='ltr'>conditorique</span> <span class='ocrx_word' id='word_1_299' title='bbox 1425 1094 1462 1123; x_wconf 81' lang='lat' dir='ltr'>ab</span> <span class='ocrx_word' id='word_1_300' title='bbox 1486 1094 1547 1123; x_wconf 79' lang='lat' dir='ltr'>illis</span> <span class='ocrx_word' id='word_1_301' title='bbox 1569 1102 1659 1123; x_wconf 80' lang='lat' dir='ltr'>essent</span> <span class='ocrx_word' id='word_1_302' title='bbox 1682 1094 1723 1123; x_wconf 77' lang='lat' dir='ltr'>ad</span> <span class='ocrx_word' id='word_1_303' title='bbox 1746 1095 1915 1123; x_wconf 80' lang='lat' dir='ltr'>Messanam</span> <span class='ocrx_word' id='word_1_304' title='bbox 1946 1093 2187 1133; x_wconf 75' lang='lat' dir='ltr'>oppugnandam,</span> 
     </span>
     <span class='ocr_line' id='line_1_22' title="bbox 236 1134 2186 1178; baseline -0.001 -12"><span class='ocrx_word' id='word_1_305' title='bbox 236 1145 261 1166; x_wconf 82' lang='lat' dir='ltr'>et</span> <span class='ocrx_word' id='word_1_306' title='bbox 284 1149 302 1166; x_wconf 88' lang='lat' dir='ltr'>a</span> <span class='ocrx_word' id='word_1_307' title='bbox 324 1136 433 1165; x_wconf 84' lang='lat' dir='ltr'>Senatu</span> <span class='ocrx_word' id='word_1_308' title='bbox 456 1137 559 1164; x_wconf 82' lang='lat' dir='ltr'>missus</span> <span class='ocrx_word' id='word_1_309' title='bbox 582 1135 618 1164; x_wconf 87' lang='lat' dir='ltr'>L.</span> <span class='ocrx_word' id='word_1_310' title='bbox 645 1134 788 1164; x_wconf 80' lang='lat' dir='ltr'>Caecilius</span> <span class='ocrx_word' id='word_1_311' title='bbox 810 1135 848 1164; x_wconf 80' lang='lat' dir='ltr'>ab</span> <span class='ocrx_word' id='word_1_312' title='bbox 872 1134 933 1164; x_wconf 74' lang='lat' dir='ltr'>illis</span> <span class='ocrx_word' id='word_1_313' title='bbox 954 1135 1125 1177; x_wconf 67' lang='lat' dir='ltr'>interfectus</span> <span class='ocrx_word' id='word_1_314' title='bbox 1146 1144 1232 1166; x_wconf 78' lang='lat' dir='ltr'>esset:</span> <span class='ocrx_word' id='word_1_315' title='bbox 1271 1137 1353 1164; x_wconf 74' lang='lat' dir='ltr'>missi</span> <span class='ocrx_word' id='word_1_316' title='bbox 1372 1148 1461 1175; x_wconf 85' lang='lat' dir='ltr'>porro</span> <span class='ocrx_word' id='word_1_317' title='bbox 1486 1144 1552 1165; x_wconf 85' lang='lat' dir='ltr'>sunt</span> <span class='ocrx_word' id='word_1_318' title='bbox 1574 1136 1793 1176; x_wconf 66' lang='lat' dir='ltr'>expostulatum</span> <span class='ocrx_word' id='word_1_319' title='bbox 1818 1135 1853 1165; x_wconf 76' lang='lat' dir='ltr'>de</span> <span class='ocrx_word' id='word_1_320' title='bbox 1871 1135 1992 1178; x_wconf 74' lang='lat' dir='ltr'>foedere</span> <span class='ocrx_word' id='word_1_321' title='bbox 2014 1135 2126 1165; x_wconf 83' lang='lat' dir='ltr'>violato</span> <span class='ocrx_word' id='word_1_322' title='bbox 2149 1158 2156 1164; x_wconf 85' lang='lat'>.</span> <span class='ocrx_word' id='word_1_323' title='bbox 2179 1158 2186 1164; x_wconf 88' lang='lat'>.</span> 
     </span>
    </p>

    <p class='ocr_par' dir='ltr' id='par_1_5' title="bbox 236 1177 2188 1258">
     <span class='ocr_line' id='line_1_23' title="bbox 267 1177 2188 1219; baseline -0.001 -11"><span class='ocrx_word' id='word_1_324' title='bbox 267 1202 273 1208; x_wconf 87' lang='lat'>.</span> <span class='ocrx_word' id='word_1_325' title='bbox 296 1191 347 1216; x_wconf 81' lang='lat' dir='ltr'>us,</span> <span class='ocrx_word' id='word_1_326' title='bbox 371 1178 405 1207; x_wconf 87' lang='lat' dir='ltr'>P.</span> <span class='ocrx_word' id='word_1_327' title='bbox 432 1178 585 1215; x_wconf 75' lang='lat' dir='ltr'>Veturius,-</span> <span class='ocrx_word' id='word_1_328' title='bbox 610 1179 660 1217; x_wconf 79' lang='lat' dir='ltr'>qui</span> <span class='ocrx_word' id='word_1_329' title='bbox 683 1190 746 1207; x_wconf 89' lang='lat' dir='ltr'>cum</span> <span class='ocrx_word' id='word_1_330' title='bbox 772 1177 808 1206; x_wconf 78' lang='lat' dir='ltr'>ob</span> <span class='ocrx_word' id='word_1_331' title='bbox 833 1177 1014 1219; x_wconf 62' lang='lat' dir='ltr'>refectionem</span> <span class='ocrx_word' id='word_1_332' title='bbox 1039 1179 1185 1217; x_wconf 79' lang='lat' dir='ltr'>corporis,</span> <span class='ocrx_word' id='word_1_333' title='bbox 1211 1177 1348 1218; x_wconf 74' lang='lat' dir='ltr'>oppidum</span> <span class='ocrx_word' id='word_1_334' title='bbox 1373 1177 1558 1216; x_wconf 74' lang='lat' dir='ltr'>insedissent,</span> <span class='ocrx_word' id='word_1_335' title='bbox 1582 1179 1694 1208; x_wconf 83' lang='lat' dir='ltr'>Bruttii</span> <span class='ocrx_word' id='word_1_336' title='bbox 1715 1191 1747 1209; x_wconf 85' lang='lat' dir='ltr'>eo</span> <span class='ocrx_word' id='word_1_337' title='bbox 1770 1177 1850 1219; x_wconf 71' lang='lat' dir='ltr'>quod</span> <span class='ocrx_word' id='word_1_338' title='bbox 1872 1177 1934 1208; x_wconf 75' lang='lat' dir='ltr'>illis</span> <span class='ocrx_word' id='word_1_339' title='bbox 1951 1189 2020 1218; x_wconf 73' lang='lat' dir='ltr'>pax</span> <span class='ocrx_word' id='word_1_340' title='bbox 2041 1189 2105 1207; x_wconf 86' lang='lat' dir='ltr'>cum</span> <span class='ocrx_word' id='word_1_341' title='bbox 2121 1177 2188 1208; x_wconf 88' lang='lat' dir='ltr'>Ro-</span> 
     </span>
     <span class='ocr_line' id='line_1_24' title="bbox 236 1219 1148 1258; baseline -0.002 -7"><span class='ocrx_word' id='word_1_342' title='bbox 236 1223 330 1251; x_wconf 80' lang='lat' dir='ltr'>manis</span> <span class='ocrx_word' id='word_1_343' title='bbox 354 1228 430 1255; x_wconf 83' lang='lat' dir='ltr'>erat,</span> <span class='ocrx_word' id='word_1_344' title='bbox 457 1219 532 1249; x_wconf 77' lang='lat' dir='ltr'>hello</span> <span class='ocrx_word' id='word_1_345' title='bbox 556 1219 742 1249; x_wconf 74' lang='lat' dir='ltr'>destiterunt:</span> <span class='ocrx_word' id='word_1_346' title='bbox 766 1225 817 1249; x_wconf 82' lang='lat' dir='ltr'>aut</span> <span class='ocrx_word' id='word_1_347' title='bbox 840 1221 896 1248; x_wconf 78' lang='lat' dir='ltr'>tale</span> <span class='ocrx_word' id='word_1_348' title='bbox 921 1220 1001 1258; x_wconf 85' lang='lat' dir='ltr'>quid.</span> <span class='ocrx_word' id='word_1_349' title='bbox 1048 1219 1148 1249; x_wconf 83' lang='lat' dir='ltr'>Scal.</span> 
     </span>
    </p>

    <p class='ocr_par' dir='ltr' id='par_1_6' title="bbox 234 1262 2188 1557">
     <span class='ocr_line' id='line_1_25' title="bbox 400 1262 2186 1302; baseline 0.001 -12"><span class='ocrx_word' id='word_1_350' title='bbox 400 1262 611 1291; x_wconf 83' lang='lat' dir='ltr'>Natinatio.</span> <span class='ocrx_word' id='word_1_351' title='bbox 656 1263 758 1291; x_wconf 80' lang='lat' dir='ltr'>Festus</span> <span class='ocrx_word' id='word_1_352' title='bbox 782 1263 872 1291; x_wconf 83' lang='lat' dir='ltr'>refert</span> <span class='ocrx_word' id='word_1_353' title='bbox 894 1263 984 1291; x_wconf 83' lang='lat' dir='ltr'>verba</span> <span class='ocrx_word' id='word_1_354' title='bbox 1008 1264 1128 1291; x_wconf 81' lang='lat' dir='ltr'>Catonis</span> <span class='ocrx_word' id='word_1_355' title='bbox 1152 1274 1189 1292; x_wconf 77' lang='lat' dir='ltr'>ex</span> <span class='ocrx_word' id='word_1_356' title='bbox 1214 1263 1401 1301; x_wconf 75' lang='lat' dir='ltr'>Originibus,</span> <span class='ocrx_word' id='word_1_357' title='bbox 1425 1268 1458 1292; x_wconf 86' lang='lat' dir='ltr'>ut</span> <span class='ocrx_word' id='word_1_358' title='bbox 1480 1264 1625 1298; x_wconf 85' lang='lat' dir='ltr'>arbitror,</span> <span class='ocrx_word' id='word_1_359' title='bbox 1651 1264 1702 1302; x_wconf 89' lang='lat' dir='ltr'>qui</span> <span class='ocrx_word' id='word_1_360' title='bbox 1726 1264 1900 1302; x_wconf 85' lang='lat' dir='ltr'>scripserat:</span> <span class='ocrx_word' id='word_1_361' title='bbox 1927 1262 2030 1292; x_wconf 82' lang='lat' dir='ltr'>audito</span> <span class='ocrx_word' id='word_1_362' title='bbox 2054 1263 2186 1291; x_wconf 80' lang='lat' dir='ltr'>tumultu</span> 
     </span>
     <span class='ocr_line' id='line_1_26' title="bbox 235 1304 2187 1345; baseline -0.002 -9"><span class='ocrx_word' id='word_1_363' title='bbox 235 1304 450 1342; x_wconf 73' lang='lat' dir='ltr'>Macedoniae,</span> <span class='ocrx_word' id='word_1_364' title='bbox 473 1304 620 1333; x_wconf 82' lang='lat' dir='ltr'>Etruriam</span> <span class='ocrx_word' id='word_1_365' title='bbox 644 1312 670 1333; x_wconf 82' lang='lat' dir='ltr'>et</span> <span class='ocrx_word' id='word_1_366' title='bbox 693 1313 799 1334; x_wconf 77' lang='lat' dir='ltr'>ceteros</span> <span class='ocrx_word' id='word_1_367' title='bbox 821 1306 968 1342; x_wconf 78' lang='lat' dir='ltr'>natinari,</span> <span class='ocrx_word' id='word_1_368' title='bbox 999 1304 1031 1334; x_wconf 72' lang='lat' dir='ltr'>id</span> <span class='ocrx_word' id='word_1_369' title='bbox 1053 1313 1107 1340; x_wconf 80' lang='lat' dir='ltr'>est,</span> <span class='ocrx_word' id='word_1_370' title='bbox 1139 1305 1318 1335; x_wconf 82' lang='lat' dir='ltr'>tumultuari.</span> <span class='ocrx_word' id='word_1_371' title='bbox 1342 1306 1430 1335; x_wconf 82' lang='lat' dir='ltr'>Ant.</span> <span class='ocrx_word' id='word_1_372' title='bbox 1453 1306 1548 1345; x_wconf 76' lang='lat' dir='ltr'>Aug.</span> <span class='ocrx_word' id='word_1_373' title='bbox 1593 1306 1760 1343; x_wconf 83' lang='lat' dir='ltr'>Natinatio,</span> <span class='ocrx_word' id='word_1_374' title='bbox 1782 1305 1956 1344; x_wconf 79' lang='lat' dir='ltr'>negotiati03</span> <span class='ocrx_word' id='word_1_375' title='bbox 1981 1310 2010 1334; x_wconf 89' lang='lat' dir='ltr'>et</span> <span class='ocrx_word' id='word_1_376' title='bbox 2032 1306 2187 1334; x_wconf 86' lang='lat' dir='ltr'>natinato-</span> 
     </span>
     <span class='ocr_line' id='line_1_27' title="bbox 237 1347 2188 1388; baseline -0.001 -11"><span class='ocrx_word' id='word_1_377' title='bbox 237 1361 297 1385; x_wconf 79' lang='lat' dir='ltr'>res,</span> <span class='ocrx_word' id='word_1_378' title='bbox 328 1349 443 1388; x_wconf 80' lang='lat' dir='ltr'>negotia</span> <span class='ocrx_word' id='word_1_379' title='bbox 463 1354 599 1386; x_wconf 74' lang='lat' dir='ltr'>gerentes.</span> <span class='ocrx_word' id='word_1_380' title='bbox 643 1348 680 1376; x_wconf 85' lang='lat' dir='ltr'>M.</span> <span class='ocrx_word' id='word_1_381' title='bbox 705 1349 776 1376; x_wconf 89' lang='lat' dir='ltr'>Cato</span> <span class='ocrx_word' id='word_1_382' title='bbox 799 1349 829 1376; x_wconf 87' lang='lat' dir='ltr'>in</span> <span class='ocrx_word' id='word_1_383' title='bbox 853 1370 981 1377; x_wconf 92' lang='grc'><em>.....</em></span> <span class='ocrx_word' id='word_1_384' title='bbox 1007 1349 1115 1377; x_wconf 72' lang='lat' dir='ltr'>Audito</span> <span class='ocrx_word' id='word_1_385' title='bbox 1139 1347 1263 1377; x_wconf 82' lang='lat' dir='ltr'>tumultu</span> <span class='ocrx_word' id='word_1_386' title='bbox 1286 1347 1502 1385; x_wconf 78' lang='lat' dir='ltr'>Macedoniae,</span> <span class='ocrx_word' id='word_1_387' title='bbox 1527 1347 1691 1385; x_wconf 83' lang='lat' dir='ltr'>Etruriam,</span> <span class='ocrx_word' id='word_1_388' title='bbox 1716 1347 1876 1384; x_wconf 82' lang='lat' dir='ltr'>Samnites,</span> <span class='ocrx_word' id='word_1_389' title='bbox 1902 1347 2042 1377; x_wconf 77' lang='lat' dir='ltr'>Lucanos</span> <span class='ocrx_word' id='word_1_390' title='bbox 2063 1348 2138 1376; x_wconf 73' lang='lat' dir='ltr'>inter</span> <span class='ocrx_word' id='word_1_391' title='bbox 2159 1358 2188 1375; x_wconf 80' lang='lat' dir='ltr'>sc</span> 
     </span>
     <span class='ocr_line' id='line_1_28' title="bbox 235 1388 2185 1430; baseline -0.002 -10"><span class='ocrx_word' id='word_1_392' title='bbox 235 1391 381 1425; x_wconf 82' lang='lat' dir='ltr'>natinari,</span> <span class='ocrx_word' id='word_1_393' title='bbox 406 1397 492 1429; x_wconf 79' lang='lat' dir='ltr'>atque</span> <span class='ocrx_word' id='word_1_394' title='bbox 504 1388 660 1430; x_wconf 80' lang='lat' dir='ltr'>factiones</span> <span class='ocrx_word' id='word_1_395' title='bbox 682 1402 747 1419; x_wconf 82' lang='lat' dir='ltr'>esse.</span> <span class='ocrx_word' id='word_1_396' title='bbox 770 1390 919 1419; x_wconf 79' lang='lat' dir='ltr'>Isidorus:</span> <span class='ocrx_word' id='word_1_397' title='bbox 943 1390 1102 1427; x_wconf 75' lang='lat' dir='ltr'>Natinare,</span> <span class='ocrx_word' id='word_1_398' title='bbox 1126 1390 1278 1430; x_wconf 73' lang='lat' dir='ltr'>negotiari.</span> <span class='ocrx_word' id='word_1_399' title='bbox 1309 1391 1360 1418; x_wconf 81' lang='lat' dir='ltr'>Est</span> <span class='ocrx_word' id='word_1_400' title='bbox 1383 1396 1479 1419; x_wconf 86' lang='lat' dir='ltr'>autem</span> <span class='ocrx_word' id='word_1_401' title='bbox 1501 1401 1560 1418; x_wconf 82' lang='lat' dir='ltr'>nou</span> <span class='ocrx_word' id='word_1_402' title='bbox 1583 1395 1644 1418; x_wconf 86' lang='lat' dir='ltr'>tam</span> <span class='ocrx_word' id='word_1_403' title='bbox 1666 1391 1801 1429; x_wconf 85' lang='lat' dir='ltr'>priscum</span> <span class='ocrx_word' id='word_1_404' title='bbox 1824 1390 1964 1425; x_wconf 76' lang='lat' dir='ltr'>verbum,</span> <span class='ocrx_word' id='word_1_405' title='bbox 1987 1399 2076 1428; x_wconf 77' lang='lat' dir='ltr'>quam</span> <span class='ocrx_word' id='word_1_406' title='bbox 2093 1390 2185 1429; x_wconf 82' lang='lat' dir='ltr'>prisci</span> 
     </span>
     <span class='ocr_line' id='line_1_29' title="bbox 234 1431 2187 1472; baseline -0.002 -10"><span class='ocrx_word' id='word_1_407' title='bbox 234 1434 319 1462; x_wconf 87' lang='lat' dir='ltr'>verbi</span> <span class='ocrx_word' id='word_1_408' title='bbox 342 1433 446 1461; x_wconf 82' lang='lat' dir='ltr'>forma.</span> <span class='ocrx_word' id='word_1_409' title='bbox 490 1432 617 1469; x_wconf 74' lang='lat' dir='ltr'>Nature,</span> <span class='ocrx_word' id='word_1_410' title='bbox 647 1434 794 1469; x_wconf 82' lang='lat' dir='ltr'>natinare,</span> <span class='ocrx_word' id='word_1_411' title='bbox 822 1438 854 1461; x_wconf 87' lang='lat' dir='ltr'>ut</span> <span class='ocrx_word' id='word_1_412' title='bbox 877 1434 945 1469; x_wconf 82' lang='lat' dir='ltr'>iter,</span> <span class='ocrx_word' id='word_1_413' title='bbox 970 1434 1073 1471; x_wconf 76' lang='lat' dir='ltr'>itiner3</span> <span class='ocrx_word' id='word_1_414' title='bbox 1098 1434 1192 1468; x_wconf 84' lang='lat' dir='ltr'>iecur,</span> <span class='ocrx_word' id='word_1_415' title='bbox 1215 1433 1344 1470; x_wconf 86' lang='lat' dir='ltr'>iecinur,·</span> <span class='ocrx_word' id='word_1_416' title='bbox 1365 1431 1524 1471; x_wconf 78' lang='lat' dir='ltr'>prodeunt,</span> <span class='ocrx_word' id='word_1_417' title='bbox 1545 1432 1708 1472; x_wconf 82' lang='lat' dir='ltr'>prodinunt</span> <span class='ocrx_word' id='word_1_418' title='bbox 1731 1437 1759 1461; x_wconf 86' lang='lat' dir='ltr'>et</span> <span class='ocrx_word' id='word_1_419' title='bbox 1782 1433 1896 1462; x_wconf 81' lang='lat' dir='ltr'>similia.</span> <span class='ocrx_word' id='word_1_420' title='bbox 1942 1433 1993 1460; x_wconf 80' lang='lat' dir='ltr'>Est</span> <span class='ocrx_word' id='word_1_421' title='bbox 2017 1442 2085 1468; x_wconf 70' lang='lat' dir='ltr'>ergo</span> <span class='ocrx_word' id='word_1_422' title='bbox 2108 1432 2187 1459; x_wconf 82' lang='lat' dir='ltr'>nati-</span> 
     </span>
     <span class='ocr_line' id='line_1_30' title="bbox 234 1473 2185 1515; baseline -0.003 -9"><span class='ocrx_word' id='word_1_423' title='bbox 234 1487 304 1506; x_wconf 83' lang='lat' dir='ltr'>nare</span> <span class='ocrx_word' id='word_1_424' title='bbox 326 1485 406 1504; x_wconf 87' lang='lat' dir='ltr'>more</span> <span class='ocrx_word' id='word_1_425' title='bbox 430 1474 595 1503; x_wconf 76' lang='lat' dir='ltr'>natantium</span> <span class='ocrx_word' id='word_1_426' title='bbox 620 1485 737 1514; x_wconf 83' lang='lat' dir='ltr'>semper</span> <span class='ocrx_word' id='word_1_427' title='bbox 758 1476 789 1503; x_wconf 90' lang='lat' dir='ltr'>in</span> <span class='ocrx_word' id='word_1_428' title='bbox 812 1476 935 1514; x_wconf 84' lang='lat' dir='ltr'>negotiis</span> <span class='ocrx_word' id='word_1_429' title='bbox 958 1475 1114 1504; x_wconf 78' lang='lat' dir='ltr'>fluctuare.</span> <span class='ocrx_word' id='word_1_430' title='bbox 1140 1474 1241 1504; x_wconf 83' lang='lat' dir='ltr'>Scal.</span> <span class='ocrx_word' id='word_1_431' title='bbox 1285 1475 1432 1504; x_wconf 84' lang='lat' dir='ltr'>Isidorus:</span> <span class='ocrx_word' id='word_1_432' title='bbox 1464 1474 1601 1515; x_wconf 67' lang='lat' dir='ltr'>Negare,</span> <span class='ocrx_word' id='word_1_433' title='bbox 1631 1473 1789 1512; x_wconf 82' lang='lat' dir='ltr'>vacillare,</span> <span class='ocrx_word' id='word_1_434' title='bbox 1813 1475 1869 1504; x_wconf 74' lang='lat' dir='ltr'>huc</span> <span class='ocrx_word' id='word_1_435' title='bbox 1891 1481 1917 1503; x_wconf 76' lang='lat' dir='ltr'>et</span> <span class='ocrx_word' id='word_1_436' title='bbox 1938 1473 2013 1503; x_wconf 80' lang='lat' dir='ltr'>illuc</span> <span class='ocrx_word' id='word_1_437' title='bbox 2024 1475 2185 1514; x_wconf 82' lang='lat' dir='ltr'>fluctuare.</span> 
     </span>
     <span class='ocr_line' id='line_1_31' title="bbox 236 1516 604 1557; baseline -0.003 -11"><span class='ocrx_word' id='word_1_438' title='bbox 236 1519 328 1557; x_wconf 84' lang='lat' dir='ltr'>Lege:</span> <span class='ocrx_word' id='word_1_439' title='bbox 351 1517 470 1546; x_wconf 75' lang='lat' dir='ltr'>Nature.</span> <span class='ocrx_word' id='word_1_440' title='bbox 514 1516 604 1545; x_wconf 80' lang='lat' dir='ltr'>Dae.</span> 
     </span>
    </p>

    <p class='ocr_par' dir='ltr' id='par_1_7' title="bbox 235 1557 2185 1675">
     <span class='ocr_line' id='line_1_32' title="bbox 398 1557 2185 1597; baseline -0.001 -9"><span class='ocrx_word' id='word_1_441' title='bbox 398 1558 557 1588; x_wconf 78' lang='lat' dir='ltr'>Naccae.</span> <span class='ocrx_word' id='word_1_442' title='bbox 603 1559 720 1589; x_wconf 86' lang='lat' dir='ltr'>Scribe:</span> <span class='ocrx_word' id='word_1_443' title='bbox 754 1559 837 1588; x_wconf 83' lang='lat' dir='ltr'>Nace</span> <span class='ocrx_word' id='word_1_444' title='bbox 860 1558 998 1588; x_wconf 81' lang='lat' dir='ltr'>clicantur</span> <span class='ocrx_word' id='word_1_445' title='bbox 1020 1570 1037 1587; x_wconf 90' lang='grc' dir='ltr'><em>α</em></span> <span class='ocrx_word' id='word_1_446' title='bbox 1063 1558 1184 1588; x_wconf 78' lang='lat' dir='ltr'>Graecis</span> <span class='ocrx_word' id='word_1_447' title='bbox 1207 1557 1293 1597; x_wconf 74' lang='grc' dir='ltr'><strong><em>νάκη.</em></strong></span> <span class='ocrx_word' id='word_1_448' title='bbox 1342 1559 1482 1597; x_wconf 85' lang='lat' dir='ltr'>Apuleius</span> <span class='ocrx_word' id='word_1_449' title='bbox 1504 1559 1555 1589; x_wconf 94' lang='lat' dir='ltr'>lib.</span> <span class='ocrx_word' id='word_1_450' title='bbox 1569 1559 1622 1587; x_wconf 87' lang='lat' dir='ltr'>IX.</span> <span class='ocrx_word' id='word_1_451' title='bbox 1647 1560 1727 1597; x_wconf 81' lang='lat' dir='ltr'>(pag.</span> <span class='ocrx_word' id='word_1_452' title='bbox 1744 1561 1814 1590; x_wconf 80' lang='lat'>192.</span> <span class='ocrx_word' id='word_1_453' title='bbox 1841 1561 1890 1590; x_wconf 82' lang='lat'>16.</span> <span class='ocrx_word' id='word_1_454' title='bbox 1915 1559 2022 1595; x_wconf 83' lang='lat' dir='ltr'>Pric.):</span> <span class='ocrx_word' id='word_1_455' title='bbox 2059 1557 2137 1587; x_wconf 89' lang='lat' dir='ltr'>Nam</span> <span class='ocrx_word' id='word_1_456' title='bbox 2161 1566 2185 1586; x_wconf 83' lang='lat' dir='ltr'>et</span> 
     </span>
     <span class='ocr_line' id='line_1_33' title="bbox 235 1600 2185 1644; baseline -0.002 -13"><span class='ocrx_word' id='word_1_457' title='bbox 235 1610 394 1644; x_wconf 80' lang='lat' dir='ltr'>opportune</span> <span class='ocrx_word' id='word_1_458' title='bbox 418 1601 539 1630; x_wconf 80' lang='lat' dir='ltr'>maritus</span> <span class='ocrx_word' id='word_1_459' title='bbox 551 1601 637 1643; x_wconf 83' lang='lat' dir='ltr'>foris</span> <span class='ocrx_word' id='word_1_460' title='bbox 659 1600 739 1642; x_wconf 70' lang='lat' dir='ltr'>apud</span> <span class='ocrx_word' id='word_1_461' title='bbox 762 1602 896 1631; x_wconf 79' lang='lat' dir='ltr'>Naccam</span> <span class='ocrx_word' id='word_1_462' title='bbox 917 1603 1089 1641; x_wconf 80' lang='lat' dir='ltr'>proximum</span> <span class='ocrx_word' id='word_1_463' title='bbox 1114 1601 1288 1630; x_wconf 83' lang='lat' dir='ltr'>coenitabat.</span> <span class='ocrx_word' id='word_1_464' title='bbox 1310 1600 1398 1630; x_wconf 83' lang='lat' dir='ltr'>Dae.</span> <span class='ocrx_word' id='word_1_465' title='bbox 1438 1600 1546 1629; x_wconf 85' lang='lat' dir='ltr'>Nauci.</span> <span class='ocrx_word' id='word_1_466' title='bbox 1583 1600 1658 1629; x_wconf 87' lang='lat' dir='ltr'>Vide</span> <span class='ocrx_word' id='word_1_467' title='bbox 1680 1601 1710 1629; x_wconf 89' lang='lat' dir='ltr'>in</span> <span class='ocrx_word' id='word_1_468' title='bbox 1734 1600 1864 1630; x_wconf 85' lang='lat' dir='ltr'>Naucus.</span> <span class='ocrx_word' id='word_1_469' title='bbox 1904 1600 1941 1629; x_wconf 81' lang='lat' dir='ltr'>Id</span> <span class='ocrx_word' id='word_1_470' title='bbox 1964 1607 2012 1631; x_wconf 82' lang='lat' dir='ltr'>est.</span> <span class='ocrx_word' id='word_1_471' title='bbox 2050 1601 2083 1629; x_wconf 84' lang='lat' dir='ltr'>[d</span> <span class='ocrx_word' id='word_1_472' title='bbox 2106 1601 2185 1639; x_wconf 87' lang='lat' dir='ltr'>quod</span> 
     </span>
     <span class='ocr_line' id='line_1_34' title="bbox 236 1643 440 1675; baseline 0 -1"><span class='ocrx_word' id='word_1_473' title='bbox 236 1651 287 1675; x_wconf 83' lang='lat' dir='ltr'>est.</span> <span class='ocrx_word' id='word_1_474' title='bbox 334 1643 440 1674; x_wconf 73' lang='lat' dir='ltr'>Goth.</span> 
     </span>
    </p>

    <p class='ocr_par' dir='ltr' id='par_1_8' title="bbox 237 1683 2189 2064">
     <span class='ocr_line' id='line_1_35' title="bbox 400 1683 2187 1726; baseline -0.001 -12"><span class='ocrx_word' id='word_1_475' title='bbox 400 1685 561 1715; x_wconf 83' lang='lat' dir='ltr'>Naucus.</span> <span class='ocrx_word' id='word_1_476' title='bbox 607 1685 754 1714; x_wconf 78' lang='lat' dir='ltr'>Naucum.</span> <span class='ocrx_word' id='word_1_477' title='bbox 793 1686 967 1715; x_wconf 81' lang='lat' dir='ltr'>Meudosum</span> <span class='ocrx_word' id='word_1_478' title='bbox 992 1696 1052 1715; x_wconf 72' lang='lat' dir='ltr'>csse</span> <span class='ocrx_word' id='word_1_479' title='bbox 1079 1686 1215 1721; x_wconf 83' lang='lat' dir='ltr'>videtur3</span> <span class='ocrx_word' id='word_1_480' title='bbox 1250 1684 1330 1726; x_wconf 78' lang='lat' dir='ltr'>quod</span> <span class='ocrx_word' id='word_1_481' title='bbox 1351 1686 1380 1714; x_wconf 84' lang='lat' dir='ltr'>in</span> <span class='ocrx_word' id='word_1_482' title='bbox 1404 1684 1484 1714; x_wconf 81' lang='lat' dir='ltr'>oleae</span> <span class='ocrx_word' id='word_1_483' title='bbox 1505 1686 1588 1714; x_wconf 81' lang='lat' dir='ltr'>nucis</span> <span class='ocrx_word' id='word_1_484' title='bbox 1611 1683 1692 1724; x_wconf 77' lang='lat' dir='ltr'>quod</span> <span class='ocrx_word' id='word_1_485' title='bbox 1711 1685 1788 1713; x_wconf 75' lang='lat' dir='ltr'>intus</span> <span class='ocrx_word' id='word_1_486' title='bbox 1809 1685 1855 1714; x_wconf 78' lang='lat' dir='ltr'>sit.</span> <span class='ocrx_word' id='word_1_487' title='bbox 1901 1685 2009 1713; x_wconf 83' lang='lat' dir='ltr'>Paulus</span> <span class='ocrx_word' id='word_1_488' title='bbox 2033 1683 2114 1713; x_wconf 82' lang='lat' dir='ltr'>oleae</span> <span class='ocrx_word' id='word_1_489' title='bbox 2137 1692 2187 1712; x_wconf 82' lang='lat' dir='ltr'>aut</span> 
     </span>
     <span class='ocr_line' id='line_1_36' title="bbox 237 1725 2188 1766; baseline -0.001 -8"><span class='ocrx_word' id='word_1_490' title='bbox 237 1731 318 1758; x_wconf 84' lang='lat' dir='ltr'>nucis</span> <span class='ocrx_word' id='word_1_491' title='bbox 341 1728 458 1766; x_wconf 81' lang='lat' dir='ltr'>nucleo,</span> <span class='ocrx_word' id='word_1_492' title='bbox 482 1729 558 1756; x_wconf 78' lang='lat' dir='ltr'>sorte</span> <span class='ocrx_word' id='word_1_493' title='bbox 582 1729 660 1766; x_wconf 90' lang='lat' dir='ltr'>quod</span> <span class='ocrx_word' id='word_1_494' title='bbox 683 1730 712 1757; x_wconf 85' lang='lat' dir='ltr'>in</span> <span class='ocrx_word' id='word_1_495' title='bbox 737 1730 800 1758; x_wconf 87' lang='lat' dir='ltr'>olea</span> <span class='ocrx_word' id='word_1_496' title='bbox 824 1731 952 1766; x_wconf 86' lang='lat' dir='ltr'>nucique</span> <span class='ocrx_word' id='word_1_497' title='bbox 976 1729 1056 1757; x_wconf 77' lang='lat' dir='ltr'>intus</span> <span class='ocrx_word' id='word_1_498' title='bbox 1079 1731 1124 1759; x_wconf 81' lang='lat' dir='ltr'>sit.</span> <span class='ocrx_word' id='word_1_499' title='bbox 1171 1730 1210 1756; x_wconf 89' lang='lat' dir='ltr'>l)e</span> <span class='ocrx_word' id='word_1_500' title='bbox 1232 1739 1307 1756; x_wconf 83' lang='lat' dir='ltr'>nuce</span> <span class='ocrx_word' id='word_1_501' title='bbox 1329 1728 1468 1766; x_wconf 70' lang='lat' dir='ltr'>iuglande</span> <span class='ocrx_word' id='word_1_502' title='bbox 1491 1728 1560 1756; x_wconf 85' lang='lat' dir='ltr'>vide</span> <span class='ocrx_word' id='word_1_503' title='bbox 1582 1727 1712 1756; x_wconf 84' lang='lat' dir='ltr'>Macrob.</span> <span class='ocrx_word' id='word_1_504' title='bbox 1736 1727 1786 1755; x_wconf 90' lang='lat' dir='ltr'>lib.</span> <span class='ocrx_word' id='word_1_505' title='bbox 1801 1727 1852 1756; x_wconf 87' lang='grc' dir='ltr'>ΙΙΙ.</span> <span class='ocrx_word' id='word_1_506' title='bbox 1876 1728 1975 1756; x_wconf 83' lang='lat' dir='ltr'>Satur.</span> <span class='ocrx_word' id='word_1_507' title='bbox 1999 1725 2096 1766; x_wconf 81' lang='lat' dir='ltr'>(Adde</span> <span class='ocrx_word' id='word_1_508' title='bbox 2115 1727 2188 1756; x_wconf 80' lang='lat' dir='ltr'>Plin.</span> 
     </span>
     <span class='ocr_line' id='line_1_37' title="bbox 237 1769 2188 1812; baseline -0.002 -12"><span class='ocrx_word' id='word_1_509' title='bbox 237 1772 308 1808; x_wconf 89' lang='lat' dir='ltr'>XV,</span> <span class='ocrx_word' id='word_1_510' title='bbox 332 1770 408 1812; x_wconf 66' lang='lat'>22).</span> <span class='ocrx_word' id='word_1_511' title='bbox 433 1771 521 1800; x_wconf 76' lang='lat' dir='ltr'>Ant.</span> <span class='ocrx_word' id='word_1_512' title='bbox 545 1771 640 1810; x_wconf 72' lang='lat' dir='ltr'>Aug.</span> <span class='ocrx_word' id='word_1_513' title='bbox 687 1772 743 1800; x_wconf 90' lang='lat' dir='ltr'>Alii</span> <span class='ocrx_word' id='word_1_514' title='bbox 774 1773 875 1807; x_wconf 80' lang='lat' dir='ltr'>nauci,</span> <span class='ocrx_word' id='word_1_515' title='bbox 912 1772 1126 1800; x_wconf 82' lang='lat' dir='ltr'>indeclinabile.</span> <span class='ocrx_word' id='word_1_516' title='bbox 1172 1771 1296 1810; x_wconf 86' lang='lat' dir='ltr'>Proprie</span> <span class='ocrx_word' id='word_1_517' title='bbox 1327 1770 1497 1799; x_wconf 86' lang='lat' dir='ltr'>membrana</span> <span class='ocrx_word' id='word_1_518' title='bbox 1527 1770 1641 1807; x_wconf 80' lang='lat' dir='ltr'>tenuis,</span> <span class='ocrx_word' id='word_1_519' title='bbox 1682 1780 1756 1808; x_wconf 88' lang='lat' dir='ltr'>quae</span> <span class='ocrx_word' id='word_1_520' title='bbox 1784 1770 1895 1798; x_wconf 81' lang='lat' dir='ltr'>medias</span> <span class='ocrx_word' id='word_1_521' title='bbox 1924 1779 2015 1798; x_wconf 85' lang='lat' dir='ltr'>nuces</span> <span class='ocrx_word' id='word_1_522' title='bbox 2039 1769 2188 1806; x_wconf 66' lang='lat' dir='ltr'>disiungst,</span> 
     </span>
     <span class='ocr_line' id='line_1_38' title="bbox 238 1810 2189 1855; baseline -0.001 -14"><span class='ocrx_word' id='word_1_523' title='bbox 238 1815 315 1842; x_wconf 86' lang='lat' dir='ltr'>unde</span> <span class='ocrx_word' id='word_1_524' title='bbox 338 1825 392 1853; x_wconf 79' lang='lat' dir='ltr'>pro</span> <span class='ocrx_word' id='word_1_525' title='bbox 413 1813 509 1842; x_wconf 87' lang='lat' dir='ltr'>nihilo</span> <span class='ocrx_word' id='word_1_526' title='bbox 533 1818 588 1841; x_wconf 82' lang='lat' dir='ltr'>etc.</span> <span class='ocrx_word' id='word_1_527' title='bbox 634 1814 708 1852; x_wconf 84' lang='lat' dir='ltr'>Lege</span> <span class='ocrx_word' id='word_1_528' title='bbox 737 1814 829 1843; x_wconf 77' lang='lat' dir='ltr'>infra:</span> <span class='ocrx_word' id='word_1_529' title='bbox 866 1814 986 1842; x_wconf 83' lang='lat' dir='ltr'>Cincius</span> <span class='ocrx_word' id='word_1_530' title='bbox 1017 1813 1097 1855; x_wconf 76' lang='lat' dir='ltr'>quod</span> <span class='ocrx_word' id='word_1_531' title='bbox 1119 1815 1149 1842; x_wconf 81' lang='lat' dir='ltr'>in</span> <span class='ocrx_word' id='word_1_532' title='bbox 1172 1813 1252 1842; x_wconf 82' lang='lat' dir='ltr'>oleae</span> <span class='ocrx_word' id='word_1_533' title='bbox 1274 1825 1346 1842; x_wconf 85' lang='lat' dir='ltr'>nuce</span> <span class='ocrx_word' id='word_1_534' title='bbox 1367 1814 1444 1841; x_wconf 84' lang='lat' dir='ltr'>intus</span> <span class='ocrx_word' id='word_1_535' title='bbox 1467 1813 1518 1849; x_wconf 84' lang='lat' dir='ltr'>sit,</span> <span class='ocrx_word' id='word_1_536' title='bbox 1553 1813 1617 1841; x_wconf 82' lang='lat' dir='ltr'>vel:</span> <span class='ocrx_word' id='word_1_537' title='bbox 1657 1813 1791 1848; x_wconf 88' lang='lat' dir='ltr'>Cincius,</span> <span class='ocrx_word' id='word_1_538' title='bbox 1827 1814 1857 1841; x_wconf 86' lang='lat' dir='ltr'>in</span> <span class='ocrx_word' id='word_1_539' title='bbox 1880 1811 1944 1840; x_wconf 81' lang='lat' dir='ltr'>olea</span> <span class='ocrx_word' id='word_1_540' title='bbox 1968 1819 1994 1840; x_wconf 87' lang='lat' dir='ltr'>et</span> <span class='ocrx_word' id='word_1_541' title='bbox 2016 1823 2088 1840; x_wconf 85' lang='lat' dir='ltr'>nuce</span> <span class='ocrx_word' id='word_1_542' title='bbox 2109 1810 2189 1851; x_wconf 76' lang='lat' dir='ltr'>quod</span> 
     </span>
     <span class='ocr_line' id='line_1_39' title="bbox 239 1853 2188 1897; baseline -0.001 -14"><span class='ocrx_word' id='word_1_543' title='bbox 239 1856 315 1884; x_wconf 77' lang='lat' dir='ltr'>intus</span> <span class='ocrx_word' id='word_1_544' title='bbox 337 1857 382 1886; x_wconf 80' lang='lat' dir='ltr'>sit.</span> <span class='ocrx_word' id='word_1_545' title='bbox 427 1856 498 1884; x_wconf 74' lang='lat' dir='ltr'>Item</span> <span class='ocrx_word' id='word_1_546' title='bbox 523 1857 552 1884; x_wconf 85' lang='lat' dir='ltr'>in</span> <span class='ocrx_word' id='word_1_547' title='bbox 573 1855 665 1896; x_wconf 70' lang='lat' dir='ltr'>fabae</span> <span class='ocrx_word' id='word_1_548' title='bbox 687 1856 747 1886; x_wconf 76' lang='lat' dir='ltr'>hilo</span> <span class='ocrx_word' id='word_1_549' title='bbox 771 1867 826 1896; x_wconf 80' lang='lat' dir='ltr'>pro</span> <span class='ocrx_word' id='word_1_550' title='bbox 849 1858 878 1885; x_wconf 87' lang='lat' dir='ltr'>in</span> <span class='ocrx_word' id='word_1_551' title='bbox 898 1856 1016 1897; x_wconf 77' lang='lat' dir='ltr'>fabulo.</span> <span class='ocrx_word' id='word_1_552' title='bbox 1056 1856 1154 1885; x_wconf 82' lang='lat' dir='ltr'>Fabae</span> <span class='ocrx_word' id='word_1_553' title='bbox 1176 1855 1277 1885; x_wconf 77' lang='lat' dir='ltr'>hilum.</span> <span class='ocrx_word' id='word_1_554' title='bbox 1320 1856 1432 1883; x_wconf 79' lang='lat' dir='ltr'>Gallice</span> <span class='ocrx_word' id='word_1_555' title='bbox 1455 1854 1481 1884; x_wconf 82' lang='lat' dir='ltr'>Ie</span> <span class='ocrx_word' id='word_1_556' title='bbox 1502 1855 1568 1883; x_wconf 83' lang='lat' dir='ltr'>noir</span> <span class='ocrx_word' id='word_1_557' title='bbox 1590 1854 1625 1883; x_wconf 74' lang='lat' dir='ltr'>cie</span> <span class='ocrx_word' id='word_1_558' title='bbox 1647 1854 1676 1883; x_wconf 82' lang='lat' dir='ltr'>la</span> <span class='ocrx_word' id='word_1_559' title='bbox 1696 1853 1783 1896; x_wconf 61' lang='grc' dir='ltr'>Ῐέυες</span> <span class='ocrx_word' id='word_1_560' title='bbox 1806 1866 1916 1883; x_wconf 78' lang='lat' dir='ltr'>naucus</span> <span class='ocrx_word' id='word_1_561' title='bbox 1939 1865 1953 1883; x_wconf 87' lang='lat' dir='ltr'>a</span> <span class='ocrx_word' id='word_1_562' title='bbox 1977 1865 2084 1889; x_wconf 84' lang='lat' dir='ltr'>nucus,</span> <span class='ocrx_word' id='word_1_563' title='bbox 2108 1853 2188 1882; x_wconf 85' lang='lat' dir='ltr'>unde</span> 
     </span>
     <span class='ocr_line' id='line_1_40' title="bbox 243 1896 2187 1937; baseline -0.001 -12"><span class='ocrx_word' id='word_1_564' title='bbox 243 1896 377 1934; x_wconf 71' lang='lat' dir='ltr'>maculas,</span> <span class='ocrx_word' id='word_1_565' title='bbox 415 1898 567 1935; x_wconf 66' lang='lat' dir='ltr'>maculans,</span> <span class='ocrx_word' id='word_1_566' title='bbox 604 1898 730 1927; x_wconf 78' lang='lat' dir='ltr'>nucleus.</span> <span class='ocrx_word' id='word_1_567' title='bbox 776 1900 871 1937; x_wconf 88' lang='lat' dir='ltr'>quue</span> <span class='ocrx_word' id='word_1_568' title='bbox 902 1900 1022 1927; x_wconf 65' lang='lat' dir='ltr'>doctiss,</span> <span class='ocrx_word' id='word_1_569' title='bbox 1048 1900 1169 1927; x_wconf 87' lang='lat' dir='ltr'>Guietus</span> <span class='ocrx_word' id='word_1_570' title='bbox 1201 1899 1402 1937; x_wconf 84' lang='lat' dir='ltr'>adscripserat</span> <span class='ocrx_word' id='word_1_571' title='bbox 1431 1908 1499 1926; x_wconf 83' lang='lat' dir='ltr'>orae</span> <span class='ocrx_word' id='word_1_572' title='bbox 1522 1898 1598 1926; x_wconf 86' lang='lat' dir='ltr'>Festi</span> <span class='ocrx_word' id='word_1_573' title='bbox 1630 1898 1676 1925; x_wconf 87' lang='lat' dir='ltr'>sui</span> <span class='ocrx_word' id='word_1_574' title='bbox 1699 1907 1784 1936; x_wconf 89' lang='lat' dir='ltr'>quem</span> <span class='ocrx_word' id='word_1_575' title='bbox 1808 1897 1878 1925; x_wconf 88' lang='lat' dir='ltr'>mihi</span> <span class='ocrx_word' id='word_1_576' title='bbox 1902 1896 2129 1925; x_wconf 84' lang='lat' dir='ltr'>communicavit</span> <span class='ocrx_word' id='word_1_577' title='bbox 2153 1896 2187 1926; x_wconf 89' lang='lat' dir='ltr'>V.</span> 
     </span>
     <span class='ocr_line' id='line_1_41' title="bbox 242 1937 2188 1980; baseline 0.001 -15"><span class='ocrx_word' id='word_1_578' title='bbox 242 1938 285 1966; x_wconf 81' lang='lat' dir='ltr'>Cl.</span> <span class='ocrx_word' id='word_1_579' title='bbox 310 1944 337 1966; x_wconf 77' lang='lat' dir='ltr'>ot</span> <span class='ocrx_word' id='word_1_580' title='bbox 359 1941 452 1977; x_wconf 73' lang='lat' dir='ltr'>magni</span> <span class='ocrx_word' id='word_1_581' title='bbox 482 1941 610 1969; x_wconf 84' lang='lat' dir='ltr'>nominis</span> <span class='ocrx_word' id='word_1_582' title='bbox 636 1942 775 1979; x_wconf 85' lang='lat' dir='ltr'>Aegidius</span> <span class='ocrx_word' id='word_1_583' title='bbox 798 1942 957 1980; x_wconf 79' lang='lat' dir='ltr'>Menagius.</span> <span class='ocrx_word' id='word_1_584' title='bbox 991 1941 1121 1971; x_wconf 78' lang='lat' dir='ltr'>Naucus.</span> <span class='ocrx_word' id='word_1_585' title='bbox 1155 1942 1220 1979; x_wconf 85' lang='lat' dir='ltr'>Leg.</span> <span class='ocrx_word' id='word_1_586' title='bbox 1244 1952 1369 1970; x_wconf 83' lang='lat' dir='ltr'>naucum</span> <span class='ocrx_word' id='word_1_587' title='bbox 1393 1940 1441 1969; x_wconf 89' lang='lat' dir='ltr'>vel</span> <span class='ocrx_word' id='word_1_588' title='bbox 1464 1941 1552 1969; x_wconf 86' lang='lat' dir='ltr'>nauci</span> <span class='ocrx_word' id='word_1_589' title='bbox 1572 1945 1605 1969; x_wconf 89' lang='lat' dir='ltr'>ut</span> <span class='ocrx_word' id='word_1_590' title='bbox 1630 1950 1729 1979; x_wconf 86' lang='lat' dir='ltr'>supra.</span> <span class='ocrx_word' id='word_1_591' title='bbox 1755 1939 1841 1970; x_wconf 83' lang='lat' dir='ltr'>Dac.</span> <span class='ocrx_word' id='word_1_592' title='bbox 1889 1939 1961 1968; x_wconf 89' lang='lat' dir='ltr'>Vide</span> <span class='ocrx_word' id='word_1_593' title='bbox 1984 1949 2075 1979; x_wconf 81' lang='lat' dir='ltr'>supra</span> <span class='ocrx_word' id='word_1_594' title='bbox 2098 1937 2188 1967; x_wconf 87' lang='lat' dir='ltr'>Nac—</span> 
     </span>
     <span class='ocr_line' id='line_1_42' title="bbox 244 1980 2186 2025; baseline 0.002 -17"><span class='ocrx_word' id='word_1_595' title='bbox 244 1990 308 2015; x_wconf 78' lang='lat' dir='ltr'>cae,</span> <span class='ocrx_word' id='word_1_596' title='bbox 332 1985 358 2008; x_wconf 79' lang='lat' dir='ltr'>et</span> <span class='ocrx_word' id='word_1_597' title='bbox 380 1983 453 2010; x_wconf 79' lang='lat' dir='ltr'>infra</span> <span class='ocrx_word' id='word_1_598' title='bbox 476 1983 632 2023; x_wconf 77' lang='lat' dir='ltr'>Noegeum.</span> <span class='ocrx_word' id='word_1_599' title='bbox 664 1983 698 2012; x_wconf 88' lang='grc' dir='ltr'>Ῑη</span> <span class='ocrx_word' id='word_1_600' title='bbox 711 1984 834 2025; x_wconf 80' lang='lat' dir='ltr'>fabulo.</span> <span class='ocrx_word' id='word_1_601' title='bbox 865 1985 897 2013; x_wconf 89' lang='lat' dir='ltr'>In</span> <span class='ocrx_word' id='word_1_602' title='bbox 922 1985 1006 2013; x_wconf 85' lang='lat' dir='ltr'>sabae</span> <span class='ocrx_word' id='word_1_603' title='bbox 1028 1984 1100 2014; x_wconf 80' lang='lat' dir='ltr'>hilo.</span> <span class='ocrx_word' id='word_1_604' title='bbox 1136 1982 1317 2012; x_wconf 83' lang='lat' dir='ltr'>Tuniculari.</span> <span class='ocrx_word' id='word_1_605' title='bbox 1349 1983 1547 2012; x_wconf 84' lang='lat' dir='ltr'>Cunicularia.</span> <span class='ocrx_word' id='word_1_606' title='bbox 1577 1981 1644 2013; x_wconf 71' lang='lat' dir='ltr'>Sed.</span> <span class='ocrx_word' id='word_1_607' title='bbox 1669 1984 1715 2011; x_wconf 86' lang='lat' dir='ltr'>Et.</span> <span class='ocrx_word' id='word_1_608' title='bbox 1740 1981 1818 2011; x_wconf 83' lang='lat' dir='ltr'>Illic.</span> <span class='ocrx_word' id='word_1_609' title='bbox 1841 1982 1927 2010; x_wconf 89' lang='lat' dir='ltr'>Illuc.</span> <span class='ocrx_word' id='word_1_610' title='bbox 1953 1980 2057 2011; x_wconf 78' lang='lat' dir='ltr'>Goth.</span> <span class='ocrx_word' id='word_1_611' title='bbox 2091 1981 2186 2011; x_wconf 79' lang='lat' dir='ltr'>Plaut.</span> 
     </span>
     <span class='ocr_line' id='line_1_43' title="bbox 244 2021 940 2064; baseline 0.01 -15"><span class='ocrx_word' id='word_1_612' title='bbox 244 2021 328 2052; x_wconf 88' lang='lat' dir='ltr'>Most.</span> <span class='ocrx_word' id='word_1_613' title='bbox 347 2023 385 2059; x_wconf 84' lang='lat' dir='ltr'>V,</span> <span class='ocrx_word' id='word_1_614' title='bbox 411 2028 443 2059; x_wconf 88' lang='lat'>1,</span> <span class='ocrx_word' id='word_1_615' title='bbox 466 2027 494 2054; x_wconf 81' lang='lat'>2.</span> <span class='ocrx_word' id='word_1_616' title='bbox 541 2026 619 2054; x_wconf 86' lang='lat' dir='ltr'>Idem</span> <span class='ocrx_word' id='word_1_617' title='bbox 643 2027 750 2056; x_wconf 70' lang='lat' dir='ltr'>Tricul⁴</span> <span class='ocrx_word' id='word_1_618' title='bbox 765 2028 808 2063; x_wconf 92' lang='lat' dir='ltr'>Il,</span> <span class='ocrx_word' id='word_1_619' title='bbox 832 2031 865 2064; x_wconf 92' lang='lat'>7,</span> <span class='ocrx_word' id='word_1_620' title='bbox 889 2030 940 2060; x_wconf 88' lang='lat'>50.</span> 
     </span>
    </p>
   </div>
   <div class='ocr_carea' id='block_1_5' title="bbox 406 2073 1614 2117">
    <p class='ocr_par' dir='ltr' id='par_1_9' title="bbox 406 2073 1614 2117">
     <span class='ocr_line' id='line_1_44' title="bbox 406 2073 1614 2117; baseline 0.004 -17"><span class='ocrx_word' id='word_1_621' title='bbox 406 2073 554 2105; x_wconf 79' lang='lat' dir='ltr'>Norica.</span> <span class='ocrx_word' id='word_1_622' title='bbox 600 2078 702 2106; x_wconf 87' lang='lat' dir='ltr'>Scribe</span> <span class='ocrx_word' id='word_1_623' title='bbox 725 2079 839 2114; x_wconf 75' lang='lat' dir='ltr'>nar-ita,</span> <span class='ocrx_word' id='word_1_624' title='bbox 868 2078 1001 2117; x_wconf 77' lang='grc' dir='ltr'><em>νηρίτης.</em></span> <span class='ocrx_word' id='word_1_625' title='bbox 1045 2077 1153 2105; x_wconf 81' lang='lat' dir='ltr'>Versus</span> <span class='ocrx_word' id='word_1_626' title='bbox 1175 2081 1273 2105; x_wconf 85' lang='lat' dir='ltr'>autem</span> <span class='ocrx_word' id='word_1_627' title='bbox 1297 2077 1393 2105; x_wconf 90' lang='lat' dir='ltr'>Plauti</span> <span class='ocrx_word' id='word_1_628' title='bbox 1416 2077 1458 2105; x_wconf 86' lang='lat' dir='ltr'>ita</span> <span class='ocrx_word' id='word_1_629' title='bbox 1480 2076 1614 2115; x_wconf 81' lang='lat' dir='ltr'>legendi:</span> 
     </span>
    </p>
   </div>
   <div class='ocr_carea' id='block_1_6' title="bbox 246 2127 2185 2465">
    <p class='ocr_par' dir='ltr' id='par_1_10' title="bbox 814 2127 1526 2167">
     <span class='ocr_line' id='line_1_45' title="bbox 814 2127 1526 2167; baseline 0 -9"><span class='ocrx_word' id='word_1_630' title='bbox 814 2129 983 2159; x_wconf 61' lang='lat' dir='ltr'>Ilffuriatica</span> <span class='ocrx_word' id='word_1_631' title='bbox 1006 2136 1100 2157; x_wconf 84' lang='lat' dir='ltr'>autem</span> <span class='ocrx_word' id='word_1_632' title='bbox 1124 2127 1206 2157; x_wconf 74' lang='lat' dir='ltr'>video</span> <span class='ocrx_word' id='word_1_633' title='bbox 1229 2129 1259 2157; x_wconf 85' lang='lat' dir='ltr'>in</span> <span class='ocrx_word' id='word_1_634' title='bbox 1281 2129 1360 2157; x_wconf 84' lang='lat' dir='ltr'>vasis</span> <span class='ocrx_word' id='word_1_635' title='bbox 1381 2129 1526 2167; x_wconf 72' lang='lat' dir='ltr'>stagneis:</span> 
     </span>
    </p>

    <p class='ocr_par' dir='ltr' id='par_1_11' title="bbox 813 2171 1536 2210">
     <span class='ocr_line' id='line_1_46' title="bbox 813 2171 1536 2210; baseline -0.004 -9"><span class='ocrx_word' id='word_1_636' title='bbox 813 2171 930 2200; x_wconf 85' lang='lat' dir='ltr'>Bonam</span> <span class='ocrx_word' id='word_1_637' title='bbox 953 2171 1097 2207; x_wconf 63' lang='lat' dir='ltr'>nav-itam,</span> <span class='ocrx_word' id='word_1_638' title='bbox 1135 2178 1161 2199; x_wconf 85' lang='lat' dir='ltr'>et</span> <span class='ocrx_word' id='word_1_639' title='bbox 1184 2182 1333 2201; x_wconf 81' lang='lat' dir='ltr'>cumarum</span> <span class='ocrx_word' id='word_1_640' title='bbox 1357 2178 1382 2198; x_wconf 80' lang='lat' dir='ltr'>et</span> <span class='ocrx_word' id='word_1_641' title='bbox 1406 2171 1536 2210; x_wconf 80' lang='lat' dir='ltr'>tagenia:</span> 
     </span>
    </p>

    <p class='ocr_par' dir='ltr' id='par_1_12' title="bbox 246 2212 2185 2465">
     <span class='ocr_line' id='line_1_47' title="bbox 816 2212 1443 2253; baseline -0.002 -11"><span class='ocrx_word' id='word_1_642' title='bbox 816 2213 947 2253; x_wconf 82' lang='lat' dir='ltr'>Equinos</span> <span class='ocrx_word' id='word_1_643' title='bbox 966 2213 1082 2253; x_wconf 76' lang='lat' dir='ltr'>fartos,</span> <span class='ocrx_word' id='word_1_644' title='bbox 1109 2212 1237 2242; x_wconf 75' lang='lat' dir='ltr'>conchas</span> <span class='ocrx_word' id='word_1_645' title='bbox 1257 2213 1443 2252; x_wconf 79' lang='lat' dir='ltr'>piscinarias.</span> 
     </span>
     <span class='ocr_line' id='line_1_48' title="bbox 247 2254 2185 2306; baseline 0 -18"><span class='ocrx_word' id='word_1_646' title='bbox 247 2254 380 2294; x_wconf 67' lang='lat' dir='ltr'>Equi&#39;ws</span> <span class='ocrx_word' id='word_1_647' title='bbox 401 2256 544 2306; x_wconf 41' lang='lat' dir='ltr'>scfiptttm</span> <span class='ocrx_word' id='word_1_648' title='bbox 566 2255 714 2296; x_wconf 62' lang='grc' dir='ltr'>ἀρχαϊκῶς</span> <span class='ocrx_word' id='word_1_649' title='bbox 736 2273 790 2299; x_wconf 83' lang='lat' dir='ltr'>pro</span> <span class='ocrx_word' id='word_1_650' title='bbox 812 2264 937 2293; x_wconf 75' lang='lat' dir='ltr'>echinos.</span> <span class='ocrx_word' id='word_1_651' title='bbox 983 2266 1139 2301; x_wconf 79' lang='lat' dir='ltr'>Stagneum</span> <span class='ocrx_word' id='word_1_652' title='bbox 1165 2275 1216 2292; x_wconf 86' lang='lat' dir='ltr'>vas</span> <span class='ocrx_word' id='word_1_653' title='bbox 1240 2264 1392 2301; x_wconf 82' lang='lat' dir='ltr'>intelligit,</span> <span class='ocrx_word' id='word_1_654' title='bbox 1427 2263 1458 2291; x_wconf 89' lang='lat' dir='ltr'>ni</span> <span class='ocrx_word' id='word_1_655' title='bbox 1482 2263 1586 2299; x_wconf 80' lang='lat' dir='ltr'>fallor,</span> <span class='ocrx_word' id='word_1_656' title='bbox 1622 2263 1828 2292; x_wconf 76' lang='lat' dir='ltr'>incrustatum.</span> <span class='ocrx_word' id='word_1_657' title='bbox 1871 2262 1944 2290; x_wconf 83' lang='lat' dir='ltr'>Nam</span> <span class='ocrx_word' id='word_1_658' title='bbox 1968 2266 2103 2299; x_wconf 82' lang='lat' dir='ltr'>stagnare</span> <span class='ocrx_word' id='word_1_659' title='bbox 2124 2263 2185 2289; x_wconf 78' lang='lat' dir='ltr'>erat</span> 
     </span>
     <span class='ocr_line' id='line_1_49' title="bbox 246 2297 2183 2339; baseline 0.002 -13"><span class='ocrx_word' id='word_1_660' title='bbox 246 2300 461 2336; x_wconf 79' lang='grc' dir='ltr'><strong><em>περιπεταλουν</em></strong></span> <span class='ocrx_word' id='word_1_661' title='bbox 484 2311 519 2328; x_wconf 85' lang='grc' dir='ltr'>τα</span> <span class='ocrx_word' id='word_1_662' title='bbox 542 2297 626 2339; x_wconf 69' lang='grc' dir='ltr'><em>ἄγγη.</em></span> <span class='ocrx_word' id='word_1_663' title='bbox 662 2302 755 2339; x_wconf 80' lang='lat' dir='ltr'>Vulgo</span> <span class='ocrx_word' id='word_1_664' title='bbox 778 2306 806 2332; x_wconf 91' lang='lat' dir='ltr'>in</span> <span class='ocrx_word' id='word_1_665' title='bbox 830 2307 979 2334; x_wconf 78' lang='lat' dir='ltr'>idiotismo</span> <span class='ocrx_word' id='word_1_666' title='bbox 1003 2307 1127 2335; x_wconf 82' lang='lat' dir='ltr'>dicimus</span> <span class='ocrx_word' id='word_1_667' title='bbox 1150 2307 1308 2335; x_wconf 68' lang='lat' dir='ltr'>inviti-iare.</span> <span class='ocrx_word' id='word_1_668' title='bbox 1342 2308 1383 2335; x_wconf 87' lang='lat' dir='ltr'>Eo</span> <span class='ocrx_word' id='word_1_669' title='bbox 1407 2306 1525 2334; x_wconf 89' lang='lat' dir='ltr'>nomine</span> <span class='ocrx_word' id='word_1_670' title='bbox 1548 2306 1709 2334; x_wconf 83' lang='lat' dir='ltr'>crustariae</span> <span class='ocrx_word' id='word_1_671' title='bbox 1731 2305 1870 2334; x_wconf 79' lang='lat' dir='ltr'>tabernae</span> <span class='ocrx_word' id='word_1_672' title='bbox 1893 2306 2001 2333; x_wconf 82' lang='lat' dir='ltr'>Romae</span> <span class='ocrx_word' id='word_1_673' title='bbox 2023 2303 2183 2333; x_wconf 83' lang='lat' dir='ltr'>institutae.</span> 
     </span>
     <span class='ocr_line' id='line_1_50' title="bbox 247 2338 2185 2386; baseline -0.002 -8"><span class='ocrx_word' id='word_1_674' title='bbox 247 2338 391 2377; x_wconf 54' lang='lat' dir='ltr'>Hesy‘ffi*</span> <span class='ocrx_word' id='word_1_675' title='bbox 415 2340 564 2380; x_wconf 63' lang='lat' dir='ltr'>Ns&#39;sssma,</span> <span class='ocrx_word' id='word_1_676' title='bbox 589 2341 752 2381; x_wconf 73' lang='grc' dir='ltr'><em>πετάλματα</em></span> <span class='ocrx_word' id='word_1_677' title='bbox 774 2349 832 2375; x_wconf 76' lang='grc' dir='ltr'>τῶν</span> <span class='ocrx_word' id='word_1_678' title='bbox 855 2349 957 2386; x_wconf 77' lang='grc' dir='ltr'><em>ἱερῶν,</em></span> <span class='ocrx_word' id='word_1_679' title='bbox 982 2349 1029 2378; x_wconf 77' lang='grc' dir='ltr'>καὶ</span> <span class='ocrx_word' id='word_1_680' title='bbox 1053 2353 1109 2379; x_wconf 74' lang='grc' dir='ltr'>τῶν</span> <span class='ocrx_word' id='word_1_681' title='bbox 1135 2351 1267 2379; x_wconf 79' lang='grc' dir='ltr'><strong><em>σικελῶν.</em></strong></span> <span class='ocrx_word' id='word_1_682' title='bbox 1300 2350 1385 2386; x_wconf 76' lang='lat' dir='ltr'>Lege:</span> <span class='ocrx_word' id='word_1_683' title='bbox 1413 2346 1616 2386; x_wconf 72' lang='grc' dir='ltr'><em>Πεταλώματα</em></span> <span class='ocrx_word' id='word_1_684' title='bbox 1638 2351 1696 2377; x_wconf 73' lang='grc' dir='ltr'>τῶν</span> <span class='ocrx_word' id='word_1_685' title='bbox 1719 2348 1806 2386; x_wconf 73' lang='grc' dir='ltr'><em>ἱερῶν</em></span> <span class='ocrx_word' id='word_1_686' title='bbox 1828 2350 1941 2378; x_wconf 81' lang='grc' dir='ltr'><em>καινῶν</em></span> <span class='ocrx_word' id='word_1_687' title='bbox 1965 2348 2087 2377; x_wconf 77' lang='grc' dir='ltr'><strong><em>σκευῶν.</em></strong></span> <span class='ocrx_word' id='word_1_688' title='bbox 2119 2345 2185 2372; x_wconf 64' lang='lat' dir='ltr'>Sta-</span> 
     </span>
     <span class='ocr_line' id='line_1_51' title="bbox 248 2386 2185 2432; baseline -0.002 -13"><span class='ocrx_word' id='word_1_689' title='bbox 248 2391 422 2432; x_wconf 47' lang='lat' dir='ltr'>gnflelel&#39;g‘)</span> <span class='ocrx_word' id='word_1_690' title='bbox 438 2386 664 2420; x_wconf 65' lang='grc' dir='ltr'>πδῼιπεΐᾱλθῦν,</span> <span class='ocrx_word' id='word_1_691' title='bbox 688 2388 835 2432; x_wconf 49' lang='lat' dir='ltr'>muffet,</span> <span class='ocrx_word' id='word_1_692' title='bbox 857 2394 1012 2427; x_wconf 82' lang='grc' dir='ltr'><em>γναθοῦν,</em></span> <span class='ocrx_word' id='word_1_693' title='bbox 1037 2393 1176 2429; x_wconf 73' lang='grc' dir='ltr'>στομοῦν.</span> <span class='ocrx_word' id='word_1_694' title='bbox 1207 2393 1256 2419; x_wconf 86' lang='lat' dir='ltr'>Sic</span> <span class='ocrx_word' id='word_1_695' title='bbox 1280 2391 1356 2420; x_wconf 89' lang='lat' dir='ltr'>enim</span> <span class='ocrx_word' id='word_1_696' title='bbox 1380 2391 1524 2420; x_wconf 84' lang='lat' dir='ltr'>malumus</span> <span class='ocrx_word' id='word_1_697' title='bbox 1548 2401 1636 2429; x_wconf 89' lang='lat' dir='ltr'>quam</span> <span class='ocrx_word' id='word_1_698' title='bbox 1659 2395 1776 2427; x_wconf 76' lang='lat' dir='ltr'>stagnea</span> <span class='ocrx_word' id='word_1_699' title='bbox 1800 2400 1868 2418; x_wconf 83' lang='lat' dir='ltr'>vasa</span> <span class='ocrx_word' id='word_1_700' title='bbox 1886 2388 2069 2426; x_wconf 79' lang='lat' dir='ltr'>interpretari</span> <span class='ocrx_word' id='word_1_701' title='bbox 2084 2396 2185 2416; x_wconf 77' lang='grc' dir='ltr'><strong><em>κασσι-</em></strong></span> 
     </span>
     <span class='ocr_line' id='line_1_52' title="bbox 248 2427 2184 2465; baseline 0.002 -11"><span class='ocrx_word' id='word_1_702' title='bbox 248 2435 364 2463; x_wconf 73' lang='grc' dir='ltr'><em>τερινα,</em></span> <span class='ocrx_word' id='word_1_703' title='bbox 402 2435 569 2464; x_wconf 83' lang='lat' dir='ltr'>quanquam</span> <span class='ocrx_word' id='word_1_704' title='bbox 593 2437 651 2455; x_wconf 87' lang='lat' dir='ltr'>non</span> <span class='ocrx_word' id='word_1_705' title='bbox 676 2427 822 2465; x_wconf 78' lang='lat' dir='ltr'>displicet.</span> <span class='ocrx_word' id='word_1_706' title='bbox 868 2432 960 2465; x_wconf 78' lang='lat' dir='ltr'>Quam</span> <span class='ocrx_word' id='word_1_707' title='bbox 984 2433 1079 2461; x_wconf 72' lang='lat' dir='ltr'>alieno</span> <span class='ocrx_word' id='word_1_708' title='bbox 1103 2445 1117 2461; x_wconf 80' lang='lat' dir='ltr'>a</span> <span class='ocrx_word' id='word_1_709' title='bbox 1141 2434 1237 2462; x_wconf 81' lang='lat' dir='ltr'>Plauti</span> <span class='ocrx_word' id='word_1_710' title='bbox 1260 2439 1358 2462; x_wconf 87' lang='lat' dir='ltr'>mente</span> <span class='ocrx_word' id='word_1_711' title='bbox 1386 2444 1475 2463; x_wconf 86' lang='lat' dir='ltr'>sensu</span> <span class='ocrx_word' id='word_1_712' title='bbox 1499 2433 1656 2462; x_wconf 80' lang='lat' dir='ltr'>Turnebus</span> <span class='ocrx_word' id='word_1_713' title='bbox 1684 2433 1739 2461; x_wconf 78' lang='lat' dir='ltr'>hos</span> <span class='ocrx_word' id='word_1_714' title='bbox 1762 2442 1864 2460; x_wconf 85' lang='lat' dir='ltr'>versus</span> <span class='ocrx_word' id='word_1_715' title='bbox 1882 2431 2039 2464; x_wconf 68' lang='lat' dir='ltr'>restituere</span> <span class='ocrx_word' id='word_1_716' title='bbox 2062 2434 2184 2458; x_wconf 76' lang='lat' dir='ltr'>conatus</span> 
     </span>
    </p>
   </div>
  </div>
 </body>
</html>
