2263 2668
449 119 513 153 DE
539 118 813 154 VERBORUM
839 116 1226 154 SIGNIFICATIONE
1254 118 1567 155 FRAGMENTA.
1826 119 1898 152 231

122 216 324 260 Regimen
349 225 414 259 pro
439 214 625 258 regimento
652 220 811 259 usurpant
837 220 969 260 poetae.
1022 213 1146 245 Ennius
1172 213 1230 246 lib.
1252 213 1361 247 XVI.:

224 267 387 300 Primus
414 277 535 299 senex
561 265 725 310 bradyn
753 267 837 310 (in)
864 266 1055 310 regimen
1083 264 1281 308 bellique
1307 266 1481 310 peritus.

123 316 351 363 Relegati3
374 317 527 351 dicuntur
553 318 708 362 proprie,
746 318 866 361 quibus
891 316 1112 362 ignominiae,
1149 321 1205 349 aut
1231 327 1363 360 poenae
1389 329 1487 351 causa
1514 329 1647 352 necesse
1675 322 1722 350 est
1748 317 1791 349 ab
1818 315 1901 348 urbe

120 371 250 411 Roma,
294 370 402 403 aliove
435 380 502 412 quo
537 369 616 402 loco
645 370 760 403 abesse
785 371 881 414 lege,
928 367 1132 410 senatuique
1159 368 1330 410 consulto,
1374 375 1430 401 aut
1456 370 1567 403 edicto
1594 369 1824 414 magistratus,
1867 371 1901 399 ut

122 422 221 454 etiam
247 422 363 454 Aelius
397 421 516 454 Gallus
548 420 680 456 indicat.
740 417 1026 465 Religiosus4
1053 424 1100 451 est
1133 430 1200 452 non
1235 420 1339 452 modo
1375 420 1515 453 deorum
1548 421 1752 454 sanctitatem
1786 418 1902 463 magni

122 474 312 516 aestimans,
348 472 407 506 sed
435 473 533 505 etiam
561 472 729 505 officiosus
757 472 912 505 adversus
938 470 1098 504 homines.
1135 470 1206 503 dies
1233 477 1344 504 autem
1370 472 1536 516 religiosi,
1577 473 1696 516 quibus
1723 471 1783 504 nisi
1809 469 1902 514 quod

122 536 255 558 necesse
282 530 347 564 est,
391 523 484 556 nefas
510 523 654 556 habetur
680 524 809 558 facere:
852 523 966 567 quales
993 529 1066 555 sunt
1093 533 1149 555 sex
1175 529 1208 555 et
1231 523 1366 568 triginta
1393 525 1472 563 atri,
1515 525 1572 567 qui
1599 524 1827 568 appellantur,
1869 525 1902 553 et

122 577 176 608 alii
202 580 337 614 senes*;
378 580 478 618 atque
500 574 586 615 hi**‚
622 575 741 618 quibus
768 575 910 608 mundus
936 580 1028 619 patet
1038 577 1068 612 †.
1096 585 1166 606 esse
1191 574 1309 608 Gallus
1331 575 1468 614 Aelius,
1503 576 1595 619 quod
1622 575 1750 608 homini
1776 575 1821 606 ita
1848 572 2074 619 fa-'f.et5fflien-

122 639 198 662 cere
224 638 291 660 non
317 627 433 667 liceat,
476 633 511 659 ut
536 627 562 658 si
587 627 623 659 id
649 627 770 667 faciat,
815 633 930 660 contra
956 626 1097 659 deorum
1124 626 1329 659 voluntatem
1356 627 1508 660 videatur
1534 628 1655 662 facere.
1684 637 1751 670 quo
1778 625 1811 658 in
1838 635 1901 668 ge·
1950 622 2035 672 ..εξ-εξ

121 690 200 712 nere
226 683 300 711 sunt
325 678 429 712 haec:
469 678 502 710 in
529 678 648 710 aedem
670 679 788 712 Bonae
822 679 907 711 deae
938 678 1043 711 virum
1070 678 1226 716 introire;
1269 678 1426 712 adversus
1454 679 1609 722 mysticae
1621 678 1693 721 ††5
1716 678 1830 722 legem
1857 674 2077 722 ad†f.3x.Re1i-

121 730 287 775 populum
315 730 421 763 ferre:
457 729 512 762 die
534 730 661 762 nefasto
689 731 781 775 apud
803 731 998 763 Praetorem
1025 729 1105 774 lege
1131 741 1244 774 agere.
1297 730 1386 763 Inter
1411 741 1571 764 sacrum
1601 736 1727 769 autem,
1756 734 1788 762 et
1811 739 1900 761 san-
1909 724 2076 784 ††gs¹.⁰{l¹1?pi-

121 787 248 822 ctum,
276 787 309 814 et
335 781 589 825 religiosum
618 781 822 815 differentias
847 782 1025 814 bellissime
1044 781 1157 814 refert.
1184 792 1316 815 sacrum
1338 781 1546 820 aedificium,
1574 786 1801 816 consecratum
1824 779 1901 812 deo.
1976 785 2016 811 cia

120 834 280 867 Sanctum
308 844 458 873 murum,
492 833 584 875 quod
610 834 650 865 sit
676 834 801 867 circum
829 833 1005 877 oppidum.
1031 832 1226 877 religiosum
1254 833 1464 878 sepulcrum,
1491 833 1546 866 ubi
1573 839 1718 866 mortuus
1745 831 1903 876 sepultus,

120 891 177 918 aut
203 885 361 918 humatus
388 885 445 924 sit,
473 885 550 917 satis
577 891 727 918 constare
755 886 808 918 ait.
835 885 894 918 sed
921 885 966 918 ita
992 885 1147 929 portione
1174 885 1337 928 quadam,
1365 890 1398 918 et
1424 885 1629 929 temporibus
1656 885 1774 917 eadem
1796 882 1902 915 videri

120 948 229 981 posse.
257 936 421 980 siquidem
442 936 535 979 quod
556 947 685 970 sacrum
708 943 774 977 est,
801 937 891 969 idem
910 936 1006 980 lege,
1034 941 1090 969 aut
1114 936 1259 970 instituto
1287 937 1449 969 maiorum
1477 942 1627 970 sanctum
1654 948 1723 968 esse
1749 939 1868 979 putant
1878 930 1942 973 *,'f·
1952 932 2034 963 putat,
2049 933 2077 954 ⁰²

120 988 237 1021 violari
264 988 298 1020 id
326 989 395 1021 siue
421 999 532 1032 poena
558 999 623 1020 non
651 988 763 1032 possit.
790 989 880 1020 idem
907 988 1100 1032 religiosum
1127 999 1262 1031 quoque
1290 1000 1378 1029 esse,
1407 989 1464 1032 qui
1487 999 1555 1021 nou
1576 988 1641 1020 iam
1652 992 1679 1005 **
1703 988 1742 1020 sit
1765 985 1902 1029 aliquid,

119 1040 212 1083 quod
240 1040 286 1073 ibi
312 1039 441 1072 homini
468 1040 580 1073 facere
607 1051 673 1072 non
700 1040 817 1079 liceat3
851 1040 942 1083 quod
971 1041 996 1072 si
1023 1039 1141 1080 faciat,
1169 1040 1325 1073 adversus
1354 1040 1494 1073 deorum
1522 1040 1726 1072 voluntatem
1753 1038 1904 1070 videatur

120 1093 241 1125 facere.
268 1091 418 1125 similiter
445 1091 487 1124 de
515 1102 628 1131 mur0‚
664 1098 696 1124 et
723 1092 880 1136 sepulcro
907 1091 1034 1124 debere
1060 1091 1244 1133 observari,
1280 1098 1315 1125 ut
1343 1092 1462 1125 eadem
1487 1088 1508 1141 Η
1531 1097 1565 1124 et
1590 1102 1702 1132 sacra,
1735 1095 1767 1123 et
1820 1087 1901 1134 [89]

1913 981 1952 1006 Ὗ.
1960 979 2076 1014 quoniam

121 1150 251 1182 sancta,
288 1149 320 1176 et
342 1142 499 1187 religiosa
525 1143 622 1184 fiant,
658 1143 717 1175 sed
740 1147 832 1186 quo*
857 1143 982 1182 modo,
1022 1142 1114 1186 quod
1128 1146 1155 1161 ⁴¹*
1179 1154 1281 1188 supra
1307 1144 1494 1187 expositum
1523 1149 1590 1183 est,
1634 1153 1711 1176 cum
1739 1141 1782 1174 ‹le
1809 1151 1902 1174 sacro
1929 1135 1986 1193 ,sff-
2005 1143 2048 1193 ²30

120 1195 271 1228 diximus.
321 1195 508 1238 Repotia
538 1194 700 1238 postridie
727 1196 859 1239 nuptias
885 1195 979 1239 apud
1006 1205 1128 1227 novum
1157 1196 1310 1228 maritum
1338 1202 1490 1236 cenatur,
1533 1196 1612 1238 quia
1638 1193 1732 1237 quasi
1758 1192 1905 1225 reficitur
1974 1177 2014 1202 .q

120 1247 258 1291 potatio.
310 1246 474 1279 Pacuvius
500 1247 533 1278 in
553 1246 677 1278 Iliona:

223 1298 284 1330 Ab
312 1308 359 1329 eo
388 1297 613 1342 depulsum
647 1309 818 1330 mamma
845 1297 1243 1342 paedagogandum
1271 1298 1438 1342 accipit
1465 1303 1600 1342 appot
1653 1324 1661 1330 .
1718 1324 1723 1330 .
1777 1294 1876 1327 talis
1891 1286 2077 1321 vrttepotialis

324 1348 386 1382 lib
395 1353 434 1381 et
447 1347 473 1383 ⁶.

120 1400 345 1445 Repagula
371 1406 462 1442 sunt,
488 1407 525 1433 ut
546 1400 680 1434 Verrius
707 1400 768 1442 ait,
801 1411 888 1443 quae
913 1399 1141 1444 patefaciundi
1168 1400 1276 1444 gratia
1299 1401 1400 1445 (qua)
1427 1401 1474 1433 ita
1500 1400 1664 1445 figuntur,
1692 1404 1728 1432 ut
1755 1409 1794 1430 ex
1821 1408 1903 1430 con—

118 1453 220 1485 trario
243 1463 332 1495 quae
355 1459 604 1497 oppanguntur.
658 1451 779 1486 Cicero
805 1452 838 1484 in
861 1452 1002 1485 Verrem
1028 1452 1085 1485 lib.
1108 1450 1185 1484 llll:
1236 1452 1396 1485 Postea
1423 1452 1637 1486 convolsis
1663 1448 1903 1494 repagulis,

121 1503 409 1547 effractisque
442 1504 581 1537 valvis
615 1503 814 1537 demoliri
847 1504 1033 1548 signum,
1080 1514 1126 1537 ac
1152 1503 1354 1537 vectibus
1386 1504 1660 1537 labefactare
1686 1506 1901 1536 conantur.

119 1567 206 1598 quae
230 1560 352 1599 poetae
377 1556 543 1589 interdum
569 1567 713 1600 repages
743 1555 928 1600 appellant.
990 1554 1232 1599 Repudium
1256 1555 1390 1589 Verrius
1417 1556 1462 1588 ait
1487 1555 1632 1595 (lictum,
1676 1553 1769 1597 quod
1797 1552 1833 1584 fit
1859 1552 1903 1583 ob

120 1619 190 1640 rem
216 1606 424 1650 pudendam.
478 1607 618 1641 Accius:

222 1658 422 1701 Repudio
450 1659 589 1693 eiecta
616 1659 665 1691 ab
688 1658 815 1703 Argis
841 1658 919 1690 iam
948 1657 1105 1691 dudum
1134 1657 1291 1690 exsu10.

121 1708 365 1752 Repedare,
398 1709 567 1745 recedere.
619 1710 800 1744 Pacuvius:
2026 1751 2042 1777 d

1911 1752 1946 1777 *f.
1962 1760 2025 1785 repe
2044 1760 2059 1778 a

221 1760 395 1793 Paulum
423 1762 607 1794 recede*
633 1767 761 1806 gnate
787 1773 806 1793 a
833 1760 1054 1794 vestibulo
1081 1759 1266 1804 gradum.

121 1811 427 1854 Repastinari⁷
451 1825 534 1857 ager
560 1814 586 1845 is
611 1813 749 1853 dicitur,
793 1819 829 1845 ut
858 1812 989 1845 Verrius
1023 1811 1201 1850 existimat,
1246 1810 1338 1843 cuius
1370 1815 1482 1842 natum
1496 1814 1523 1827 **
1552 1815 1696 1842 mutatur
1730 1803 2074 1870 fodiend0‚‡¹}“·e¹;³ffg¹dfi{

121 1874 197 1896 cum
224 1869 280 1895 aut
306 1863 451 1896 silvester
477 1876 517 1897 ex
543 1875 610 1908 quo
639 1865 818 1906 ‹licatur†,
862 1868 918 1896 aut
944 1864 1030 1908 lapis
1057 1863 1204 1895 mollitur
1229 1861 1439 1906 frangendo,
1483 1866 1517 1893 ut
1542 1861 1600 1893 fiat
1625 1860 1741 1905 pascui
1752 1857 1823 1898 ’ἰή-8
1847 1869 1887 1890 ve
1952 1878 2033 1897 catur.

120 1914 299 1959 pecoribus
330 1914 452 1957 herba,
494 1917 549 1950 vel
581 1916 773 1949 hominibus
799 1915 923 1948 satione
935 1913 961 1949 9.
1024 1914 1110 1948 Cato
1137 1915 1171 1947 in
1198 1925 1253 1953 ea,
1296 1923 1397 1955 quam
1429 1912 1542 1946 scribit
1567 1912 1612 1945 de
1638 1912 1702 1945 suis
1727 1910 1900 1944 virtutibus
1921 1906 2056 1966 Ηέὖέἒὸ·

120 1973 235 2000 contra
256 1965 462 1999 Thermum:
506 1969 597 2013 Ego
625 1969 701 2000 iam
729 1980 748 2000 a
775 1967 997 2011 principio
1023 1966 1063 1998 in
1089 1964 1372 2009 parsimonia,
1408 1969 1536 2008 atque
1561 1964 1602 1996 in
1628 1963 1806 2001 duritia,
1841 1966 1898 1993 at-

121 2082 126 2087 .
150 2080 156 2086 .
182 2065 243 2094 tat,
268 2059 337 2087 satis
356 2064 437 2097 patet
459 2061 539 2099 apud
564 2060 725 2089 Varronem
748 2062 807 2087 ιἰαι
831 2058 986 2096 legendum
1030 2058 1266 2095 magistratum.
1304 2056 1379 2084 Urs.
1416 2071 1458 2078 -
1495 2055 1524 2095 4)
1556 2054 1761 2095 Religio-sus]
1798 2053 1898 2082 Livius

120 2111 183 2129 esse
205 2111 276 2140 pro,
307 2100 401 2131 dicat.
437 2101 513 2131 UrS.
538 2119 576 2124 —-
608 2103 638 2140 9)
662 2101 836 2141 Reglescit]
868 2101 900 2129 In
926 2101 985 2139 epi-
1029 2099 1081 2129 lib.
1104 2102 1134 2132 6.
1168 2099 1327 2127 Alliensem
1356 2098 1433 2127 diem
1457 2097 1522 2129 XV.
1549 2099 1613 2128 Kal.
1636 2100 1717 2137 Sept.
1754 2106 1815 2125 esse
1846 2096 1896 2125 ait.

119 2149 197 2171 tonia
222 2145 422 2182 manuscripta
447 2150 507 2181 est,
530 2145 699 2183 Reglescit,
730 2149 758 2173 et
780 2143 812 2172 id
835 2144 917 2182 quod
941 2143 986 2170 in·
1037 2141 1113 2171 Urs.
1138 2156 1175 2164 ·-—-
1199 2143 1226 2179 5)
1246 2142 1407 2179 Manciae
1428 2141 1459 2169 in
1480 2141 1514 2171 V.
1529 2142 1558 2169 C.
1582 2152 1644 2170 esse
1661 2144 1808 2169 testantur
1823 2137 1895 2166 Ven.

120 2186 164 2214 fra
187 2185 225 2214 de
253 2186 377 2223 gliribus
408 2186 534 2224 dicitur,
565 2187 679 2216 indicat
702 2186 892 2216 scribendum
922 2194 985 2214 esse
1029 2184 1105 2214 scal.
1122 2200 1164 2207 —-·
1185 2183 1217 2222 6)
1234 2184 1449 2222 appoltali-s*
1470 2184 1556 2213 liber
1579 2183 1649 2212 Ven.
1663 2184 1709 2212 Sc.
1723 2199 1765 2204 —
1788 2183 1818 2218 7)
1834 2182 1897 2210 Re-

119 2229 280 2266 }{egleu-c't.
311 2229 392 2258 Urs.
415 2229 536 2259 Scilicet
557 2229 638 2258 haud
661 2229 751 2258 dubie
774 2229 927 2267 Regiescit
951 2228 983 2256 in
1022 2226 1207 2265 pastinari]
1242 2227 1385 2256 Obstinui
1414 2226 1534 2256 videtur
1568 2226 1725 2264 legendum
1759 2235 1814 2264 pro
1843 2224 1896 2252 ab·

119 2272 254 2299 lemmate
283 2271 438 2309 legendum
465 2278 519 2303 est.
556 2273 600 2301 Ita
630 2273 707 2301 enim
738 2271 880 2300 exhibent
909 2270 982 2299 Ven.
1026 2272 1138 2304 seinai,
1174 2274 1207 2298 ut
1228 2269 1258 2297 in
1286 2270 1417 2308 margine
1447 2269 1621 2300 notavimus.
1646 2269 1715 2298 vide
1746 2277 1837 2307 supra
1866 2267 1895 2294 in

117 2315 164 2342 Sc.
185 2314 247 2342 Nisi
270 2315 346 2342 sorte
369 2315 503 2353 regllscit
529 2315 625 2344 voluit
648 2315 780 2344 Ursinus,
802 2330 844 2336 —
866 2312 894 2352 3)
918 2314 983 2341 Re-
1029 2313 1198 2341 Obstc'nato.
1233 2312 1284 2340 Ur
1294 2323 1318 2342 s.
1350 2329 1386 2334 -—
1425 2310 1455 2353 8)
1485 2313 1524 2341 Ut
1544 2312 1630 2350 stant
1653 2321 1777 2350 pascua
1803 2319 1893 2346 marg.

117 2355 234 2395 legum]
259 2356 331 2386 Cum
345 2357 375 2386 in
393 2358 557 2396 exemplari
570 2358 617 2393 sit,
634 2359 820 2395 senatuque
833 2356 981 2391 consulto,
1026 2355 1096 2385 Ven.
1120 2355 1196 2385 Seal.
1223 2370 1264 2376 —
1304 2354 1333 2393 9)
1358 2356 1498 2384 Sationes·
1528 2363 1619 2391 marg.
1652 2355 1722 2382 Ven.
1753 2353 1830 2381 Scal.

119 2410 174 2437 pro
197 2401 344 2435 &natum
369 2400 468 2439 placet
491 2405 524 2430 ut
546 2411 600 2439 pro
623 2402 844 2436 magale-atus,
868 2399 981 2436 legatur
