2263 2668
808 109 896 142 LlB.
923 109 984 157 Ill.
1037 109 1181 144 SEGM.
1208 110 1250 144 V.
1942 109 1989 143 31

217 205 250 239 2.
303 202 490 254 Πρόληψις
515 207 564 236 est
589 203 817 248 praesumptio
845 215 954 236 rerum
983 203 1134 236 ordinem
1161 208 1386 239 secuturarum
1413 205 1616 250 praecedens
1626 202 1666 247 ²¹,
1700 211 1738 239 ut

385 256 551 289 Continuo
575 265 683 299 reges
709 255 843 300 ingenti
868 255 960 288 mole
985 253 1135 288 Latinus
1146 251 1191 293 22,·

53 311 86 342 et
111 312 256 343 caetera.

221 358 367 403 Ζὲῦγμα
395 362 444 389 est
469 356 562 389 unius
589 357 681 389 verbi
708 356 875 390 conclusio
904 356 1038 389 diversis
1066 356 1219 390 clausulis
1246 360 1324 399 apte
1352 358 1543 402 coniuncta,
1574 363 1611 392 ut

386 408 607 452 Troiugena,
641 409 813 452 interpres
840 408 977 449 diuum,
1017 408 1076 452 qui
1101 408 1246 440 numina
1271 407 1416 448 Phoebi,

385 459 455 506 Qui
480 459 659 504 tripodas,
699 459 811 493 Clarii
837 460 973 500 lauros,
1008 460 1066 504 qui
1092 460 1215 492 sidera
1240 456 1394 496 sentis²³3

53 518 87 547 et
112 516 243 547 caetera
251 507 286 543 ²⁴.

217 562 264 598 ’Υ
260 557 417 603 πὸζευξις
443 565 492 594 est
517 561 627 605 figura
654 561 816 606 superiori
843 560 1027 602 contraria,
1070 561 1128 593 ubi
1161 561 1290 593 diversa
1323 561 1424 594 verba
1450 561 1583 607 singulis
1609 554 1831 604 quibusque²⁵
1857 558 1996 603 proprie

52 610 342 660 subiunguntur²⁶‚
377 617 413 645 ut

383 663 527 708 Regem
553 663 631 696 adit
659 666 692 696 et
717 663 800 708 regi
825 665 998 695 memorat
1024 673 1215 707 nomenque
1240 659 1465 708 genusqne²⁷;

53 722 86 751 et
112 721 244 751 caetera
252 711 287 750 ²⁹.

216 762 396 813 Σύλληψις
423 769 473 798 est
499 764 705 798 dissimilium
732 764 951 799 clausularum
978 775 1041 808 per
1068 775 1170 797 unum
1196 765 1337 798 verbum
1364 765 1588 810 conglutinata
1615 762 1810 807 conceptio,
1843 764 1880 793 ut

795 816 852 849 hic
878 816 971 848 illius
998 826 1114 857 arma,

382 866 454 899 Hic
481 877 605 899 currus
620 863 739 911 suit²⁹.

51 921 132 954 Hoc
148 919 284 954 schema
304 913 382 950 ita³⁰
407 918 474 950 late
492 922 601 962 patet,
630 915 694 950 ut³¹
721 918 793 950 fieri
811 917 916 951 soleat
929 928 996 949 non
1013 917 1120 950 solum
1138 928 1202 960 per
1216 922 1328 961 partes
1349 917 1519 957 orationis,
1546 915 1603 949 sed
1618 916 1716 949 etiam
1731 925 1794 959 per
1811 911 1995 948 accidentia

52 973 202 1018 partibus
220 969 386 1004 orationis.
439 969 524 1002 Item
540 969 706 1013 syllepsis,
734 981 808 1003 cum
826 969 999 1013 singularis
1017 969 1118 1001 dictio
1137 969 1259 1013 plurali
1274 971 1378 1003 verbo
1394 968 1603 1013 adiungitur,
1631 972 1667 1000 ut

797 1025 875 1054 sunt
900 1020 998 1053 nobis
1024 1021 1124 1052 mitia
1144 1031 1268 1064 poma,

386 1069 585 1104 castaneae
611 1071 733 1103 molles
760 1075 792 1103 et
813 1072 931 1116 pressi
958 1072 1061 1116 copia
1088 1068 1231 1104 lactis³².

216 1120 476 1160 Ἀναδίπλωσις
512 1127 560 1154 est
593 1123 841 1167 congeminatio
876 1123 1028 1156 dictionis
1063 1134 1104 1156 ex
1130 1123 1247 1156 ultimo
1274 1123 1352 1157 loco
1378 1120 1610 1168 praecedentis
1634 1129 1743 1152 versus
1771 1122 1803 1151 et
1828 1113 1994 1162 principio

53 1173 232 1221 sequentis,
259 1177 295 1206 ut

796 1225 951 1269 sequitur
971 1225 1210 1270 pulcerrimus
1234 1223 1354 1266 Astor,

382 1273 492 1306 Aslor
519 1285 605 1319 equo
619 1270 787 1320 fidens33.

220 1323 414 1372 ’Λναφορά
443 1331 491 1358 est
518 1326 634 1358 relatio
662 1326 809 1359 eiusdem
836 1327 928 1359 verbi
955 1338 1017 1370 per
1042 1327 1207 1372 principia
1231 1337 1384 1359 versuum
1410 1324 1648 1370 plurimorum,
1674 1325 1710 1355 ut

383 1369 480 1410 Nate
506 1388 607 1410 meae
632 1378 739 1419 vires,
767 1389 847 1410 mea
874 1390 1013 1423 magna
1035 1379 1196 1423 potentia,
1221 1378 1325 1418 solus,

383 1428 479 1461 Nate
499 1429 619 1474 patris
644 1429 770 1461 summi
778 1453 787 1469 ,
820 1429 878 1474 qui
904 1430 976 1462 tela
1008 1430 1174 1475 Typhoea
1200 1424 1365 1463 temnis³⁴.

219 1474 466 1526 Ἐπανιῖληψις
493 1486 540 1513 est
566 1480 660 1513 verbi
686 1481 718 1512 in
744 1481 911 1524 principio
939 1493 1050 1514 versus
1077 1483 1176 1526 positi
1202 1482 1235 1514 in
1261 1480 1409 1514 eiusdem
1435 1478 1502 1510 fine
1528 1474 1700 1520 repetitiO,
1727 1476 1763 1521 ut

381 1531 475 1564 Ante
501 1532 607 1565 etiam
632 1536 809 1577 sceptrum
835 1532 979 1566 Dictaei
1003 1535 1104 1578 regis
1130 1537 1162 1566 et
1189 1529 1311 1566 ante³⁵.
1737 1574 1744 1580 ι

217 1579 410 1624 Ἐπίζόυξις
429 1588 477 1615 est
491 1583 639 1616 eiusdem
655 1584 746 1616 verbi
763 1584 795 1616 in
812 1584 932 1617 eodem
949 1596 1045 1617 versu
1062 1585 1130 1618 sine
1145 1585 1257 1628 aliqua
1275 1582 1468 1616 dilatatione
1476 1575 1501 1596 ³⁶
1523 1575 1768 1621 congeminatlo
1779 1597 1790 1614 ‚
1817 1575 1853 1605 ut

381 1633 460 1675 Me,
488 1646 561 1675 me,
588 1635 716 1668 adsum
743 1636 802 1680 qui
817 1635 913 1681 feci,
940 1637 974 1669 in
1001 1648 1057 1669 me
1084 1637 1270 1672 convertite
1284 1628 1472 1679 serrum³⁷·

220 1686 487 1730 Παρονομασιά
508 1692 555 1719 est
571 1687 671 1719 veluti
690 1687 855 1730 quaedam
877 1687 1102 1720 denominatio
1112 1685 1152 1727 ³⁸,
1179 1693 1215 1720 ut

383 1736 481 1769 Nam
506 1738 655 1783 inceptio
683 1739 889 1779 amentium,
926 1739 1013 1773 haut
1040 1739 1233 1772 amantium
1243 1734 1278 1770 ³⁹.

218 1787 258 1820 Σ
253 1786 346 1830 χέσις
366 1785 556 1833 ὀνομάτων
579 1794 626 1822 est
645 1790 822 1822 multitudo
839 1791 1009 1823 nominum
1023 1791 1273 1824 coniunctorum
1291 1787 1438 1832 quodam
1455 1785 1582 1820 ambitu
1600 1780 1800 1827 copulandi,
1825 1783 1862 1812 ut

384 1839 515 1873 Illarsa
541 1852 682 1882 mamm,
718 1842 874 1887 Peligna
901 1843 1042 1883 cohors,
1078 1840 1220 1873 Festina
1247 1840 1361 1873 virum
1385 1835 1480 1873 vis⁴⁰.

1861 1364 1992 1415 [1774]

59 1938 104 1976 18)
128 1938 249 1967 XVII.
273 1939 304 1968 P.
327 1939 427 1968 Codex
453 1940 560 1969 decim
582 1947 609 1969 et
631 1953 654 1970 S.
685 1958 722 1963 —-
1611 1939 1683 1967 Item,
1698 1938 1835 1976 sjllepsis
1853 1945 1944 1973 usque
1959 1934 1996 1963 ad

776 1942 822 1980 19)
845 1942 1006 1979 παροίμιον
1049 1955 1090 1961 -
1112 1941 1160 1979 32)
1183 1941 1275 1969 Totus
1297 1940 1348 1969 hic
1369 1941 1454 1969 locus
1476 1950 1492 1967 a
1514 1949 1563 1970 vv.

56 1980 86 2009 P.
110 1981 194 2010 male.
224 1997 266 2002 —
310 1982 356 2022 ΞΟ)
382 1983 450 2012 cod.
475 1984 696 2021 polisinlhelon.
741 1985 850 2013 Verum
882 1989 924 2012 est
952 1995 1005 2012 πο-
1049 1985 1137 2021 copia
1160 1983 1251 2011 lactis
1273 1984 1360 2022 plane
1383 1983 1464 2011 deest
1486 1982 1566 2021 apud
1589 1982 1619 2010 P.
1643 1998 1684 2003 —
1705 1980 1752 2019 33)
1775 1979 1850 2008 Urbs
1862 1979 1996 2006 Etrusca

55 2019 251 2053 λυσύνθετον.
276 2041 311 2045 -
358 2025 405 2063 21)
429 2026 533 2054 ordine
550 2033 739 2063 secutarum,
764 2033 796 2054 ul
820 2027 847 2055 P.
872 2041 914 2046 —·
958 2024 1005 2062 22)
1049 2026 1129 2061 solo,·
1153 2027 1291 2064 &equilur
1308 2026 1536 2064 pulcherrimus
1549 2024 1662 2060 Astur,
1687 2024 1784 2052 Astus·
1806 2032 1879 2060 equo
1894 2019 1996 2059 fidens

55 2066 217 2093 Praeterea
231 2076 312 2103 reges
334 2072 388 2095 cet.
413 2069 441 2098 P.
485 2070 537 2097 Est
557 2070 643 2098 locus
658 2069 739 2106 Virg.
755 2069 824 2097 Aen.
839 2068 911 2104 XII,
931 2069 1006 2098 461.
1049 2074 1074 2095 et
1097 2069 1329 2096 malcolm-ihu..—
1351 2070 1455 2097 armis.
1485 2068 1515 2096 P.
1559 2068 1655 2096 Locus
1684 2071 1731 2095 est
1758 2065 1839 2102 Virg.
1861 2064 1933 2092 Aen.
1956 2063 1994 2098 X,

55 2107 108 2137 ubi
131 2117 211 2136 nunc
227 2107 337 2137 editur:
369 2110 485 2138 litteren
500 2123 581 2150 reges
600 2117 655 2140 etc.
681 2128 717 2132 -
764 2110 810 2147 23)
836 2110 915 2147 Virg-
934 2110 1005 2137 Aefl-
1049 2112 1117 2142 180-
1141 2127 1182 2133 -
1225 2112 1272 2150 34)
1296 2111 1376 2149 Virg-
1393 2111 1464 2139 Aen·
1480 2111 1508 2147 I,
1532 2110 1674 2148 664.seq.
1697 2125 1739 2131 ··-
1782 2106 1829 2144 35)
1844 2106 1925 2144 Virg·
1943 2105 1994 2133 Ge·

55 2150 114 2187 III,
136 2150 207 2182 395.
230 2160 290 2188 seq.
313 2168 352 2173 -—-
396 2153 443 2193 24)
466 2159 493 2181 et
516 2160 631 2182 caetera
662 2153 770 2181 desunt
801 2152 877 2191 apud
908 2152 940 2180 P.
963 2167 1005 2173 —
1046 2152 1089 2188 ΙΙ,
1114 2154 1184 2185 536.
1214 2169 1250 2174 —-
1295 2153 1343 2190 36)
1367 2153 1514 2182 dilatione
1536 2153 1567 2182 P.
1591 2169 1632 2175 --
1674 2151 1721 2189 37)
1745 2150 1826 2187 Virg.
1850 2149 1921 2177 Aen.
1945 2147 1995 2182 lx,

55 2192 104 2230 25)
135 2192 307 2231 quibusque
334 2193 416 2223 deest
444 2197 522 2235 apud
552 2197 582 2224 P.
611 2211 652 2216 —
702 2194 750 2232 26)
775 2196 898 2233 proprie
924 2194 1006 2222 deest
1047 2195 1118 2227 427.
1139 2212 1181 2218 —
1225 2196 1273 2233 38)
1296 2198 1530 2235 quotiescunque
1557 2194 1593 2223 de
1614 2196 1732 2223 nomine
1754 2190 1846 2220 aliud
1866 2191 1994 2229 efficitur

57 2235 137 2274 apud
158 2236 189 2263 P·
211 2251 254 2256 —
296 2234 343 2273 27)
368 2236 446 2275 virg.
470 2240 541 2267 Aen.
565 2239 609 2274 X,
640 2237 708 2268 149.
734 2253 767 2258 ——
816 2236 863 2275 28)
887 2242 913 2264 ct
935 2248 1004 2264 cae-
1047 2248 1170 2275 nomen,
1193 2240 1288 2267 veluti
1307 2250 1333 2277 q.
1350 2239 1380 2268 d.
1398 2240 1429 2268 Ρ.
1451 2255 1492 2261 -
1536 2236 1584 2278 39)
1608 2239 1677 2266 Post
1697 2247 1725 2267 v.
1751 2236 1877 2273 inceptio
1900 2234 1993 2261 inter-

57 2283 122 2305 tera
137 2277 245 2305 desunt
259 2277 338 2316 apud
355 2278 384 2307 P.
406 2295 448 2301 —-
489 2280 537 2318 29)
555 2279 737 2308 I’osllmln'la
753 2279 881 2307 coluisse
897 2280 1003 2314 Samo;
1046 2286 1167 2319 ponunt
1189 2282 1220 2310 P.
1244 2286 1272 2310 et
1295 2292 1370 2312 corr.
1395 2281 1466 2310 cod.
1490 2287 1540 2310 est.
1584 2281 1680 2309 Locus
1703 2284 1746 2308 est
1768 2278 1885 2306 Terent.
1901 2273 1991 2303 Andr.

56 2319 108 2349 Ῐῑίο·
130 2321 217 2348 illia-s·
239 2330 344 2354 arma,
381 2320 430 2348 hic
458 2333 567 2351 currus
587 2323 670 2360 suit,
710 2322 766 2349 hoc
787 2333 912 2360 regnum
934 2323 1004 2350 Dm
1046 2323 1058 2351 Ι
1066 2346 1072 2359 ,
1096 2325 1130 2359 3,
1157 2326 1202 2355 13.
1238 2341 1280 2347 -
1331 2323 1379 2364 40)
1409 2324 1514 2353 Versus
1545 2327 1589 2352 est
1617 2322 1777 2352 Ennianus.
1821 2319 1861 2348 Cf.
1882 2315 1991 2346 Hessel.

54 2363 200 2401 gentibus
222 2373 289 2390 csse.
314 2362 342 2390 Ρ.
387 2363 520 2393 Ceterum
543 2365 626 2393 locus
648 2369 690 2392 est
715 2365 793 2401 Virg.
809 2366 879 2393 Aen.
899 2365 926 2400 1,
955 2367 1002 2396 16.
1045 2376 1076 2405 p.
1094 2369 1162 2398 150.

57 2420 100 2427 —
121 2405 168 2443 30)
194 2405 278 2434 Deest
301 2405 346 2432 ita
368 2406 449 2445 apud
470 2408 501 2436 P.
523 2423 566 2429 --
608 2407 654 2444 31)
677 2407 734 2436 Pro
759 2413 792 2435 ut
815 2407 847 2435 iu
869 2407 940 2436 cod.
964 2412 1001 2436 ει.
