2263 2668
452 179 515 214 DE
543 179 816 215 VERBORUM
840 177 1227 214 SIGNIFICATIONE
1254 178 1568 218 FRAGMENTA.
1826 182 1902 218 209

125 274 284 309 salutatur
309 274 403 318 his*,
453 277 510 320 qui
535 276 569 309 in
594 275 765 325 provincia
791 279 1027 321 propraetore,
1074 278 1130 307 aut
1155 275 1357 319 proconsule
1384 278 1466 311 exit:
1513 277 1604 312 cuius
1629 277 1677 310 rei
1703 288 1830 311 morem
1857 277 1903 311 ait

125 327 225 360 fuisse
252 326 386 361 Cincius
414 328 447 360 in
473 329 556 361 libro
591 328 635 361 de
661 328 842 362 Consulum
877 331 1041 372 potestate
1074 327 1185 359 talem.
1246 327 1417 360 Albanus*
1442 341 1551 362 rerum
1578 329 1701 374 potitos
1726 341 1830 373 usque
1856 329 1900 362 ad

125 378 264 411 Tullum
292 391 427 424 regem:
453 380 543 412 Alba
571 379 693 413 ‹leinde
721 380 840 419 diruta,
866 390 969 422 usque
997 383 1030 410 at
1050 378 1255 422 poectum**
1277 378 1411 412 Murem
1440 392 1496 414 eos
1523 381 1669 425 populos
1694 381 1829 414 Latinos
1855 380 1898 414 ad

1945 287 1986 314 *L
2003 288 2025 313 is

1925 338 1963 364 *fi
1980 340 2056 365 Alba-

1960 382 2005 399 nos

1888 432 1896 440 ,
1927 408 1967 432 *ᾗ
1982 408 2013 434 ad
2026 409 2055 435 P.

125 430 237 474 capud
266 431 450 464 oetentinae
461 432 494 473 †,
525 431 617 475 quod
646 436 694 464 est
719 432 779 464 sub
807 435 919 464 monte
946 430 1077 463 Albano
1105 430 1278 463 consulere
1305 431 1435 472 solitos,
1472 437 1503 464 et
1528 432 1702 477 imperium
1731 443 1899 467 communi
1934 442 2039 468 Decium

125 482 263 515 consilio
299 483 534 515 administrare.
570 483 681 526 itaque
707 495 774 526 quo
802 493 887 515 anno
913 482 1085 514 Romanos
1110 481 1272 526 imprimis
1300 482 1342 514 ad
1369 483 1545 517 exercitum
1574 484 1702 516 mittere
1729 489 1902 529 oporteret
1919 476 1962 508 †f.
1978 482 2056 512 ⁰²³P¹¹t

124 533 212 566 iussu
240 535 378 566 nominis
404 534 531 574 Latini,
561 534 752 578 complures
780 539 908 566 nostros
935 534 968 566 in
991 532 1161 578 Capitolio
1185 545 1204 565 a
1227 533 1297 566 sole
1324 534 1452 567 oriente
1478 536 1628 579 auspiciis
1654 546 1792 580 operam
1821 536 1901 569 dare

125 585 247 618 solitos.
284 586 340 618 ubi
376 597 452 618 aves
486 585 704 627 addixissent,
751 586 886 618 militem
920 585 1017 618 iilum
1052 584 1108 628 qui
1135 597 1154 617 a
1181 585 1349 618 communi
1375 585 1501 618 Latio*
1528 587 1640 620 missus
1666 591 1750 620 esset
1782 587 1900 631 (illum

125 648 224 679 quem
252 648 329 669 aves
355 637 592 681 addixerant,)
620 638 813 671 Praetorem
839 637 981 670 salutare
1007 637 1157 678 solitum,
1194 636 1251 680 qui
1278 648 1352 670 eam
1378 637 1583 682 provinciam
1611 639 1776 682 optineret
1797 639 1902 671 Prae-

123 688 201 720 toris
235 688 377 720 nomine.
438 689 672 732 Patricius,
719 689 852 722 Cincius
879 689 923 721 ait
948 689 980 721 in
1006 688 1094 721 libro
1121 688 1164 721 de
1191 688 1350 731 comitiis,
1396 699 1452 721 eos
1480 690 1642 734 appellari
1668 691 1801 731 solitos,
1845 690 1902 734 qui

124 750 210 773 nunc
236 739 372 784 ingenui
397 744 568 775 vocentur.
622 737 951 774 Possessiones4
973 741 1185 785 appellantur
1211 740 1285 785 agri
1312 740 1379 773 late
1405 744 1573 785 patentes,
1607 741 1735 786 publici
1761 741 1900 786 privati-

123 802 209 834 que,
245 792 322 835 quia
347 803 414 825 non
440 793 704 836 mancipatione,
739 792 797 825 sed
825 804 883 825 usu
910 792 1123 833 tenebantur,
1160 796 1192 825 et
1216 797 1252 825 ut
1277 792 1451 835 quisquam
1478 797 1719 837 occupaverat,
1755 792 1900 827 collide-

123 843 180 875 bat
191 844 213 877 *.
268 842 498 877 Potestur⁵
521 844 639 888 Scipio
667 844 841 878 Africanus
867 844 899 876 in
927 855 984 885 ea,
1012 855 1097 888 quae
1124 847 1171 876 est
1196 843 1240 877 de
1262 843 1405 889 imperio
1429 844 1470 876 D.
1493 844 1595 877 Bruti.
1616 849 1649 876 et
1674 848 1900 889 poteratur

124 893 163 928 C.
186 894 363 928 Gracchus
388 895 421 928 in
448 907 487 928 ea
513 907 579 939 qua
606 896 722 928 vocis*
747 900 795 928 est
822 907 898 929 cum
933 895 1056 929 circum
1091 895 1313 930 conciliabula
1345 895 1416 928 iret.
1478 896 1686 928 Probrum
1721 896 1899 941 virginis

124 945 328 988 Vestalis,
363 951 399 980 ut
425 947 535 992 capite
561 948 752 992 puniretur,
787 948 837 980 vir
864 947 920 991 qui
948 959 1021 981 eam
1048 947 1284 987 incestavisset,
1318 947 1512 980 verberibus
1537 952 1728 991 necaretur,
1755 948 1808 981 lex
1834 948 1901 980 fixa

123 998 156 1029 in
184 998 268 1030 atrio
295 999 470 1032 Libertatis
496 1010 572 1032 cum
599 999 707 1032 multis
734 999 805 1032 aliis
832 999 965 1044 legibus
991 999 1145 1033 incendio
1174 1003 1370 1043 consumpta
1398 1003 1462 1040 est,
1493 1003 1528 1031 ut
1554 998 1599 1031 ait
1620 998 1670 1031 M.
1693 998 1777 1032 Cato
1803 1000 1837 1032 in
1861 1010 1901 1032 ea

124 1049 292 1090 oratione,
323 1062 410 1094 quae
438 1050 480 1084 de
506 1051 700 1096 Auguribus
726 1051 922 1084 inscribitur.
951 1051 1053 1085 adicit
1078 1062 1214 1095 quoque
1240 1051 1383 1096 virgines
1409 1050 1560 1084 Vestales
1587 1050 1772 1083 sacerdotio
1799 1062 1900 1084 exau-

123 1112 169 1145 gu
185 1096 206 1150 Η
222 1106 334 1145 ratas,
362 1114 453 1147 quae
479 1103 602 1135 incesti
628 1103 840 1146 damnatae,
867 1103 966 1136 vivae
992 1103 1158 1149 defossae
1182 1107 1280 1144 sunt,
1307 1102 1401 1148 quod
1426 1113 1526 1136 sacra
1556 1101 1680 1135 Vestae
1705 1113 1782 1134 ma-
1820 1101 1898 1148 [50]

123 1152 187 1185 tris
207 1153 433 1198 polluissent:
476 1165 540 1186 nec
567 1158 702 1198 tamen,
739 1155 818 1187 licet
845 1157 1023 1196 nocentes,
1059 1159 1157 1188 extra
1185 1155 1306 1188 urbem
1334 1154 1589 1195 obruebantur,
1625 1153 1689 1186 sed
1715 1153 1748 1186 in
1776 1164 1901 1198 campo

117 1205 282 1249 proxime
303 1211 442 1250 portam
471 1204 662 1246 Collinam,
691 1206 750 1250 qui
771 1205 975 1240 Sceleratus
1000 1207 1214 1252 appellatur.
1266 1206 1391 1240 Privi
1400 1206 1413 1239 l
1422 1206 1497 1251 egi
1505 1217 1570 1238 um
1597 1209 1671 1238 sunt
1696 1205 1755 1249 qui
1781 1205 1900 1237 dicant

124 1267 198 1289 esse
226 1257 408 1301 privatam
443 1257 571 1302 legem.
637 1257 760 1291 Cicero
786 1258 821 1291 in
847 1258 1004 1291 oratione
1030 1270 1136 1304 quam
1163 1258 1296 1304 scripsit
1317 1269 1388 1305 pro
1415 1258 1518 1291 domo
1544 1268 1611 1291 sua
1638 1256 1689 1289 ad
1715 1255 1902 1303 Pontifices

568 1309 630 1342 viri
691 1335 698 1342 .
752 1336 759 1342 .
814 1337 822 1344 .
877 1336 884 1343 .
940 1337 947 1344 .
1001 1336 1008 1343 .
1062 1338 1069 1345 .
1123 1337 1130 1343 .
1185 1336 1192 1343 .
1247 1336 1254 1343 .
1307 1335 1315 1344 .
1369 1335 1376 1342 .
1432 1335 1438 1341 .
1491 1335 1499 1344 .
1555 1335 1562 1342 .
1623 1318 1713 1342 cons.

123 1385 129 1391 .
186 1387 193 1394 .
249 1386 255 1392 .
311 1386 317 1392 .
373 1387 380 1394 .
808 1387 816 1394 .
870 1361 903 1394 in
934 1373 975 1394 eo
1029 1388 1036 1395 .
1154 1388 1161 1394 .
1216 1388 1223 1395 .

122 1410 260 1445 lictores
313 1438 319 1444 .
374 1438 380 1445 .
435 1438 441 1445 .
497 1437 504 1445 .
559 1438 565 1444 .
621 1439 627 1445 .
684 1438 691 1444 .
746 1438 753 1445 .
808 1440 815 1447 .
871 1440 877 1446 .
933 1442 940 1447 .
994 1441 1001 1448 .
1063 1413 1254 1447 existimate

435 1474 514 1498 cons
565 1489 572 1496 .
629 1492 635 1498 .
689 1492 694 1498 .
752 1491 758 1497 .
813 1492 819 1498 .
875 1490 882 1496 .
937 1491 944 1497 .
1001 1492 1007 1498 .
1063 1491 1070 1498 .
1125 1492 1133 1500 .
1187 1492 1195 1499 .
1250 1491 1257 1498 .
1312 1491 1318 1497 .
1382 1474 1443 1497 uos
1474 1467 1585 1496 autem
1771 1487 1778 1494 .
1832 1487 1839 1494 .

621 1527 720 1548 nemo
775 1544 782 1550 .
838 1541 844 1548 .
900 1541 906 1547 .
1086 1543 1094 1550 .
1271 1543 1278 1549 .
1332 1541 1339 1548 .
1394 1542 1401 1549 .
1456 1539 1462 1546 .
1517 1540 1524 1547 .
1579 1513 1728 1547 iudicant
1755 1512 1903 1546 Senato-

121 1576 196 1607 res,
223 1565 387 1611 Equites,
421 1566 514 1600 Trib.
538 1567 702 1610 Aerarii,
739 1568 971 1600 condemnant
998 1568 1100 1601 tribus
1127 1567 1266 1601 XXXV.
1294 1578 1360 1612 quo
1387 1567 1482 1608 iure,
1513 1576 1580 1611 quo
1606 1575 1720 1605 more,
1749 1575 1814 1609 quo
1842 1573 1903 1596 ex*-

123 1617 237 1662 emplo
263 1618 467 1651 nominatim
495 1619 611 1664 legem
638 1619 682 1651 de
710 1620 819 1663 capite
846 1619 929 1652 civis
954 1619 1149 1652 indemnati
1175 1617 1311 1652 tulisti?
1354 1621 1472 1651 vetant
1499 1618 1599 1662 leges
1624 1619 1808 1655 sacratae,
1845 1625 1905 1647 ve-

123 1673 191 1700 tant
217 1669 292 1701 Xll.
320 1669 524 1703 tabularum
552 1670 652 1715 leges
674 1671 828 1715 privatis
854 1670 1048 1704 hominibus
1079 1671 1245 1716 irrogari.
1310 1669 1485 1703 Veneficos
1519 1669 1668 1712 quinque
1695 1671 1727 1700 et
1754 1666 1904 1711 triginta

123 1719 234 1752 tribus
261 1721 397 1753 omnino
423 1733 490 1754 non
519 1722 762 1763 condemnant,
808 1722 886 1765 quia
913 1723 975 1766 ipsi
1001 1723 1134 1755 indicta
1160 1733 1271 1755 causa
1298 1721 1512 1755 occiduntur.
1567 1719 1678 1752 Puni
1686 1716 1751 1751 ci⁶
1779 1718 1904 1750 dicun—

122 1777 175 1803 tur
202 1782 268 1805 non
290 1772 414 1814 Poeni,
450 1773 615 1816 quamvis,
638 1777 688 1806 ‘ut
716 1773 766 1806 ait
796 1773 958 1817 Verrius,
995 1786 1018 1807 α
1044 1773 1278 1807 Phoenicibus
1304 1773 1469 1810 oriantur3
1513 1776 1545 1804 et
1571 1770 1733 1803 Punicum
1760 1769 1902 1809 bellum,

123 1834 189 1856 non
210 1823 416 1866 Poenicum,
460 1836 674 1870 quamquam
701 1825 811 1858 Poeni
836 1825 1071 1871 appellantur:
1124 1837 1199 1858 nam
1228 1836 1314 1868 quae
1339 1822 1495 1856 solebant
1521 1821 1655 1867 antiqui
1682 1819 1811 1868 efferre
1836 1829 1903 1865 per

124 1874 184 1908 Pu
210 1875 385 1920 syllabam
412 1875 552 1921 logam*
572 1877 698 1910 Ennius
720 1877 754 1909 in
777 1877 866 1917 Poe,
912 1878 1051 1919 extulit,
1090 1878 1224 1910 Poenos
1250 1876 1386 1916 dicem,
1423 1872 1515 1907 sed⁷
1536 1877 1586 1906 est
1613 1873 1719 1917 culpa
1747 1868 1923 1905 librario—'⁴

124 1939 213 1969 rum,
251 1928 308 1970 qui
336 1939 375 1960 ea
401 1939 486 1971 quae
513 1928 676 1961 feminino
702 1939 836 1973 genere
862 1928 1045 1970 dicuntur,
1080 1928 1234 1962 scribunt
1258 1926 1460 1960 masculino.
1490 1924 1587 1958 etiam
1614 1924 1676 1969 ipsi
1703 1923 1827 1957 Graeci
1851 1923 1903 1956 ita

123 1979 327 2024 loquuntur,
362 1980 421 2023 qui
446 1980 553 2013 solent
575 1980 795 2025 philologOS,
830 1979 1064 2025 philargyros,
1097 1979 1259 2025 seminas
1285 1978 1413 2010 dicere.
1467 1976 1619 2017 Poenos,
1650 1978 1784 2020 putans
1808 1974 1903 2007 viros

124 2030 284 2063 librarius
307 2029 493 2074 appellari,
520 2032 664 2064 mutavi!
686 2030 803 2076 quae8
819 2042 889 2076 per
915 2032 1146 2064 adiectionem
1174 2030 1221 2063 ab
1239 2029 1354 2062 Ennio
1382 2040 1425 2062 ea
1444 2040 1509 2061 vox
1533 2028 1709 2072 explanata
1729 2037 1796 2059 non
1812 2024 1902 2071 sue-

122 2083 184 2122 rit,
232 2093 309 2115 cum
345 2085 462 2114 tamen
496 2082 665 2115 eiusmodi
686 2083 774 2128 sere
805 2083 939 2115 nomina
975 2084 1073 2115 etiam
1107 2082 1138 2114 in
1165 2082 1274 2122 virili,
1322 2092 1389 2113 non
1416 2084 1551 2113 tantum
1579 2080 1613 2112 in
1628 2078 1787 2124 femineo
1812 2087 1900 2111 sexu

118 2133 361 2179 proferantur.
391 2134 531 2167 dicimus
556 2139 622 2166 tam
651 2133 707 2168 hic
734 2134 817 2178 lapis
827 2136 850 2174 *,
885 2145 992 2177 quam
1020 2134 1110 2166 haec
1137 2134 1256 2178 lupus,
1283 2133 1363 2177 quin
1391 2132 1498 2165 etiam
1525 2142 1568 2164 ea
1594 2140 1686 2175 quae
1707 2129 1900 2174 participia

122 2186 354 2230 appellantur,
381 2196 467 2228 quae
494 2189 531 2218 ut
555 2186 747 2230 plurimum
775 2186 927 2230 aliquem
954 2185 1109 2220 ordinem
1134 2196 1244 2219 rerum
1271 2184 1478 2229 significant,
1510 2186 1542 2219 et
1568 2192 1659 2227 quae
1686 2191 1805 2223 casus,
1833 2190 1900 2214 nu-

122 2295 286 2334 l’otescm-.]
309 2295 341 2323 ln
366 2295 527 2333 exemplari
550 2294 637 2332 plane
661 2299 721 2330 est,
752 2296 782 2323 in
807 2306 839 2323 ea
857 2305 919 2336 qua
936 2305 990 2322 vo·-
1032 2294 1134 2323 lumna
1168 2297 1296 2323 rostrata
1332 2292 1425 2322 Duilii
1462 2291 1589 2321 incisum
1634 2293 1696 2327 est,
1745 2287 1900 2318 CLASEIS

122 2341 166 2368 ρι’-ε-
189 2350 275 2374 cum,
297 2343 327 2366 ut
350 2338 474 2366 fortasse
498 2337 713 2366 emendandum
730 2337 784 2372 sit,
809 2339 839 2365 in
864 2348 897 2365 ea
913 2348 991 2377 quae
1034 2336 1228 2365 POENICAS.
1260 2341 1288 2365 et
1318 2335 1349 2364 in
1381 2334 1550 2374 fragmentis
1585 2333 1701 2371 legum,
1734 2329 1900 2380 ‘BELLUM

123 2388 179 2419 est,
215 2392 291 2409 cum.
343 2381 415 2409 Nam
447 2380 571 2408 verbum
603 2386 660 2416 est,
699 2380 753 2408 alia
791 2390 878 2410 manu
908 2379 991 2408 vide·
1033 2378 1254 2408 POENICIUM.
1296 2378 1373 2407 Urs,
1403 2393 1442 2401 —·
1486 2380 1514 2417 7)
1551 2375 1629 2405 Haec
1664 2384 1790 2415 pessune
1827 2383 1897 2403 con·

125 2430 172 2454 tur
204 2424 361 2452 adiectum.
409 2423 488 2451 Urs.
513 2440 551 2445 —
594 2421 621 2461 6)
645 2422 789 2462 I'unlci]
814 2423 851 2451 At
879 2423 908 2451 in
939 2432 990 2451 co-
1033 2423 1179 2452 sarcinata
1205 2425 1284 2452 sunt.
1315 2438 1357 2444 —
1400 2419 1584 2461 &mutavit
1607 2417 1691 2457 quod
1711 2417 1759 2447 Pr.

175 2476 340 2504 GRAMMAT.
363 2484 430 2503 uxr.
446 2473 480 2502 ΙΙ.
1584 2469 1616 2503 D
1632 2469 1655 2501 d

1910 511 2061 538 Ferentinae
2067 532 2073 544 ,

1930 601 1942 615 *
1952 597 1970 624 f.
1986 598 2055 623 Latii

1926 857 1939 872 *
1944 853 1964 879 f.
1972 853 2072 879 colebat

1925 904 1937 920 *
1946 905 1966 932 f.
1985 913 2046 931 usus

1931 1868 1950 1896 f.
1965 1868 2072 1903 longam.

1926 2130 1965 2159 *ἱ
1981 2131 2056 2165 lupus
