2263 2668
499 139 564 173 DE
590 136 982 173 SIGNIFICATIONE
1011 136 1295 172 VERBORUM.
1354 139 1500 173 LIBER
1525 138 1616 172 XIV.
1955 138 2031 174 56?

241 231 380 272 Figere.
426 230 577 260 Interdum
597 242 653 272 pro
675 229 799 260 tardari.
833 229 905 258 Inde
925 230 1017 269 piger.
1054 230 1102 258 Sic
1118 230 1247 260 Glossis:
1271 230 1369 272 Piget,
1391 229 1491 269 ὡρικῶς
1515 230 1616 272 Piger,
1640 227 1779 271 ὀκνηρός.
1810 229 1896 263 Adde
1910 231 2030 261 Festum

75 278 106 306 in
131 275 165 306 Pi
186 287 259 305 rare.
305 272 411 304 Goth.

163 288 184 316 g
240 316 417 356 Pangere.
462 315 538 345 Vide
561 314 704 356 Impages.
736 315 821 351 Quae
841 314 948 342 desunt
970 315 1122 353 supplebis
1146 326 1183 344 ex
1206 316 1342 354 epitome.
1366 315 1455 345 Dac.
1489 314 1630 355 Velfigi.
1653 315 1687 343 Id
1712 319 1756 344 est
1777 314 1837 353 figi.
1883 313 1988 347 Goth.

242 357 460 398 Pegasides.
504 358 610 387 Fulvio
635 358 741 387 Ursino
764 362 868 386 nostro
890 357 982 394 magis
1006 358 1118 395 placet:
1148 357 1314 397 appellatus
1335 365 1375 387 est
1398 358 1600 398 Ηίρροσνεηε,
1625 362 1659 386 ut
1681 358 1718 386 ad
1741 358 1855 386 sontem
1876 358 2031 390 referatur,

75 402 163 432 Ant.
185 402 281 442 Aug.
320 403 345 430 A
367 402 448 430 fonte
471 401 583 439 Pegasi.
621 401 750 439 Pegasus
778 400 887 429 dicitur
914 400 1026 436 ungula
1056 400 1168 429 fontem
1192 401 1358 439 aperuisse,
1389 402 1439 439 qui
1461 402 1530 430 ideo
1553 401 1675 429 Graecis
1698 401 1810 429 dicitur
1831 400 2030 439 Hippocrene.

76 445 180 484 Neque
203 445 282 474 enim
305 454 434 482 unquam
456 443 590 472 invenias
614 454 630 472 a
653 444 805 472 veteribus
828 453 925 472 musas
948 442 1043 471 dictas
1067 444 1157 471 fuisse
1179 443 1394 482 Hippocrenae.
1413 443 1501 475 Dae.
1541 441 1708 482 Pegasides.
1738 442 1868 481 Pegides.
1902 441 2010 475 Goth.

241 486 409 526 Pipaiio.
453 486 561 525 Pipare
583 486 653 514 Osci
682 486 820 515 dicebant
842 485 1020 514 eiulabuude
1044 486 1204 524 conqueri,
1242 496 1316 515 voce
1340 497 1355 515 a
1379 491 1470 515 cantu
1493 486 1650 515 Gallorum
1676 485 1789 521 efficta,
1828 487 1979 523 quomodo
2003 491 2033 515 et

74 529 186 558 Graeci
215 527 413 566 περικωκύειν
434 528 587 567 Aristoph.
631 528 705 558 Inde
730 527 849 568 pipulus
871 533 900 557 et
919 526 1053 568 pipulum
1082 529 1226 566 ploratuS.
1256 529 1343 558 Dac.
1389 529 1466 557 Hinc
1488 529 1602 568 pipiare
1625 528 1707 566 apud
1728 528 1852 557 Tertull.
1868 528 1890 557 I.
1915 528 2032 559 advers.

76 572 223 602 valentin.
247 572 375 600 sumitur
397 581 452 611 pro
474 571 621 610 plorando
645 582 747 600 vocem
771 571 912 601 emittere.
947 571 1035 609 Apud
1053 571 1182 599 Nonium
1201 572 1244 610 (p.
1260 573 1330 603 152.
1350 571 1456 609 Mem.)
1474 581 1544 600 vero
1567 570 1702 610 pipulum
1725 570 1899 599 convitium.
1925 568 2030 600 Goth.

241 613 481 654 Pimpleides.
526 613 551 642 A
574 614 655 642 fonte
680 614 830 652 Pimpleo,
861 614 912 652 qui
936 624 950 641 a
977 614 1117 652 Pimplia,
1145 624 1218 652 quae
1242 614 1348 642 civitas
1371 619 1399 642 et
1422 625 1504 643 mons
1529 617 1572 642 est
1594 613 1673 642 circa
1693 613 1875 642 Heliconem.
1922 613 1979 642 Alii
2001 614 2033 641 in

74 656 249 685 Macedonia
269 662 393 695 ponunt.
427 655 570 685 Thraciae
592 657 743 685 ascribunt
758 656 856 686 Schol.
871 656 1046 685 Callimachi
1069 661 1097 684 et
1114 656 1273 694 Apollonii.
1308 656 1400 694 quue
1423 657 1509 686 etiam
1533 666 1637 684 verum
1660 661 1719 693 est,
1742 656 1766 685 si
1783 657 1910 695 primam
1929 665 2032 684 eorum

74 699 213 728 locorum
234 699 392 737 originem,
427 709 488 728 non
514 709 587 727 vero
614 699 702 728 situm
726 699 875 738 respicias.
920 700 1016 728 Pieres
1037 700 1116 728 enim
1139 699 1284 727 Thracica
1308 709 1378 736 gens
1401 703 1549 738 occupata
1572 698 1763 728 Macedoniae
1786 698 1914 736 quadam
1936 703 2032 736 parte,

74 742 143 771 inde
164 742 196 770 in
219 742 370 770 Boeotiam
392 742 543 781 irrupere,
568 742 668 780 ibique
692 742 860 771 Heliconem
884 742 977 771 Musis
999 746 1030 771 et
1053 747 1174 771 antrum
1197 740 1400 770 Libethridum
1425 740 1624 781 nympharum
1647 740 1833 770 dedicarunt.
1876 740 1912 769 Id
1936 740 2033 770 obiter

73 784 172 813 innuit
188 784 295 813 Strabo
313 784 363 814 lib.
377 784 433 821 lx,
456 786 649 822 (pag.410.),
673 785 760 813 cuius
783 785 883 813 locum
905 784 1087 821 describam,
1112 784 1179 823 quia
1203 789 1232 814 et
1254 784 1376 822 insignis
1399 789 1443 813 est
1465 789 1493 813 et
1515 783 1637 812 omuino
1661 784 1696 812 ab
1718 782 1934 822 interpretibus
1956 783 2033 812 male

74 832 231 867 aceeptus:
263 824 418 867 Ἐνταῦθα
441 825 472 857 δ’
496 827 558 858 ἐστὶ
581 825 614 857 τό
636 839 666 858 τε
687 830 745 857 τῶν
768 829 891 866 μουσῶν
919 826 1001 865 ἷερόν
1026 827 1075 857 καὶ
1097 824 1116 866 ἡ
1140 828 1237 857 ἵππου
1260 824 1357 865 κρήνη
1381 827 1432 857 καὶ
1454 826 1485 857 τό
1509 829 1568 857 τῶν
1588 827 1806 866 Λειβηθρίόων
1828 827 1958 864 νυμφῶν
1981 823 2033 855 ἅν-

73 882 164 908 τρον,
192 869 223 907 ἐξ
245 868 280 900 οὗ
301 871 490 908 τεκμαίροιτο
516 867 554 900 ἅν
576 881 637 907 τις,
664 872 786 911 Θρᾷκας
808 868 884 900 εἶναι
907 868 977 905 τούς
998 867 1050 900 τὸν
1070 866 1218 900 Ἑλικῶνα
1241 874 1306 905 ταῖς
1327 873 1455 908 μουσαῖς
1476 866 1737 909 καθιερώσαντας,
1764 869 1794 899 οἷ
1813 868 1863 898 καὶ
1885 865 1940 906 τὴν
1960 870 2034 898 Πιε-

75 914 145 950 ρίαν
167 913 217 944 καὶ
240 910 273 942 τὸ
296 913 480 952 Λείβηθρον
503 912 552 942 καὶ
577 910 629 951 τὴν
654 915 823 951 Πίμπλειαν
848 915 912 948 ταῖς
943 910 1048 948 αὐταῖς
1075 915 1161 948 θεαῖς
1191 909 1359 948 ἀνέδειξαν,
1397 912 1556 942 ἐκαλοῦντο
1580 911 1609 942 δὲ
1635 912 1758 951 Πίερες·
1799 907 1979 942 ἐκλιπόντων
2002 909 2033 941 δὲ

70 955 196 987 ἐκείνων
220 955 399 990 Μακὲδονες
425 958 484 986 νῦν
513 955 614 994 ἔχουσι
644 953 679 985 τὰ
707 955 801 995 χωρία
830 958 938 986 ταῦτα·
976 956 1091 994 εἴρηται
1114 952 1145 985 δ’
1170 952 1215 985 ὅτι
1245 952 1299 994 τὴν
1322 956 1471 985 Βοιωτίαν
1500 952 1610 993 ταύτην
1633 951 1793 994 ἐπῴκησάν
1815 964 1886 984 ποτε
1913 955 2032 994 Θρᾷκες

72 995 252 1037 βιασάμενοι
273 995 344 1033 τούς
367 995 520 1032 Βοιωτούς
542 997 590 1028 καὶ
615 998 764 1036 Πέλασγοι
785 997 836 1029 καὶ
857 996 943 1029 ἄλλοι
966 995 1128 1038 βάρβαροι.
1172 997 1232 1026 Sed
1255 998 1334 1026 dicet
1356 997 1481 1036 aliquis,
1504 995 1655 1035 quomodo
1678 1007 1715 1024 ex
1740 1006 1789 1032 eo,
1816 995 1896 1034 quod
1918 995 1950 1023 in
1971 995 2033 1023 He-

72 1040 170 1069 licone
193 1042 253 1069 sint
275 1040 376 1068 fanum
399 1041 552 1069 Musarum
575 1045 604 1069 et
623 1040 815 1075 Libethrum,
853 1041 1000 1070 conficere
1025 1042 1091 1079 quis
1112 1040 1225 1080 possit,
1259 1039 1390 1069 Thracas
1412 1040 1586 1069 Heliconem
1609 1039 1701 1067 Musis
1725 1037 1937 1066 consecrasse?
1971 1038 2031 1066 Re-

72 1083 205 1122 spondeo
233 1083 312 1111 solos
335 1082 465 1111 Thracas
488 1083 614 1111 Musicas
645 1088 724 1111 artes
753 1084 823 1114 olim
854 1084 1028 1112 tractavisse
1057 1083 1150 1122 iisque
1177 1083 1369 1117 inclaruisse,
1405 1087 1439 1111 ut
1462 1081 1635 1121 Orpheum,
1672 1081 1822 1117 Museum,
1857 1079 2031 1119 Thamyrin,

72 1135 181 1164 eosque
204 1125 317 1164 primos
340 1126 440 1154 Musas
464 1125 606 1162 coluisse,
638 1126 771 1163 adeoque
793 1136 862 1154 cum
885 1137 923 1154 ex
944 1125 1077 1155 historiis
1101 1130 1216 1155 certum
1241 1130 1316 1155 esset
1338 1124 1470 1154 Thracas
1492 1125 1559 1153 loca
1583 1124 1635 1152 illa
1658 1123 1818 1160 insedisse,
1848 1133 1946 1162 prona
1970 1126 2034 1151 erat

72 1168 261 1204 coniectura,
293 1178 342 1197 eos
365 1168 468 1205 etiam,
503 1178 563 1196 non
589 1168 679 1204 alios,
708 1168 879 1197 Heliconem
903 1178 1102 1200 consecrasse.
1146 1168 1205 1198 Sed
1228 1173 1257 1197 et
1279 1179 1318 1197 ex
1341 1168 1403 1196 sola
1426 1168 1562 1197 locorum
1586 1166 1784 1205 appellatione
1807 1165 1848 1194 ita
1870 1165 2033 1194 ratiocina-

71 1216 119 1240 tus
142 1215 187 1239 est
209 1211 326 1240 Strabo.
369 1211 442 1239 Nam
467 1220 534 1239 cum
558 1211 589 1238 in
611 1210 752 1240 Helicone
775 1216 851 1240 esset
873 1211 1064 1248 Libethrum,
1089 1221 1127 1240 ex
1149 1221 1183 1240 eo
1207 1211 1329 1249 collegit
1352 1209 1482 1239 Thracas
1504 1210 1579 1239 illud
1604 1218 1804 1238 consecrasse.
1850 1208 1922 1236 Nam
1947 1207 2033 1236 Libe-

70 1253 189 1290 thrum,
212 1253 342 1291 Pimpla,
366 1258 400 1282 ut
423 1253 569 1292 Olympus
592 1258 620 1285 et
643 1253 754 1291 Pien‘a,
778 1254 922 1284 Thraciae
944 1255 1027 1284 fuere
1050 1254 1117 1283 loca
1141 1258 1169 1282 et
1190 1258 1322 1291 montes,
1348 1258 1383 1282 ut
1405 1258 1435 1282 et
1458 1254 1524 1292 ipse
1546 1252 1653 1281 Strabo
1676 1251 1763 1280 docet
1786 1250 1864 1279 alibi.
1909 1250 1933 1278 A
1955 1250 2034 1278 Pim-

69 1296 139 1336 pleo
162 1295 253 1334 igitur
274 1295 468 1335 PimpleideS,
492 1295 689 1334 pimpliades.
712 1301 742 1325 et
763 1296 922 1335 Pipleides.
961 1297 1055 1326 Varro
1080 1296 1131 1325 lib.
1145 1296 1192 1325 Vl.
1217 1296 1301 1336 (VII,
1326 1306 1390 1334 pag.
1404 1297 1477 1327 307.
1496 1294 1569 1334 Sp.).
1613 1295 1658 1323 Ita
1681 1293 1758 1323 enim
1781 1293 1817 1321 ab
1841 1292 2032 1322 terrestribus

70 1338 145 1367 locis
169 1338 395 1376 cognominatae
418 1337 619 1375 Libethrides,
644 1338 811 1377 Pipleides,
835 1339 1032 1378 Pimpliades,
1054 1339 1255 1378 Thespiades,
1279 1338 1501 1367 Heliconiades.
1539 1337 1617 1366 Hinc
1640 1341 1669 1366 et
1691 1346 1774 1365 musa
1796 1335 1928 1374 Pimplea
1952 1334 2034 1373 apud

69 1381 173 1411 Horat.
196 1381 255 1410 Od.
273 1383 325 1413 26.
350 1380 399 1409 lib.
413 1380 451 1410 1.:
473 1379 607 1420 Pimplea
630 1379 736 1410 dulcis.
758 1380 849 1412 Dae.
886 1381 1073 1422 Pimpleides.
1103 1382 1252 1422 Pipleides
1276 1382 1327 1411 vel
1346 1381 1501 1421 Pepleides
1522 1381 1572 1410 vel
1595 1379 1757 1409 Pecteides.
1784 1376 1889 1407 Goth.
1928 1376 2034 1406 Subti-

69 1422 200 1461 litatem,
224 1423 273 1452 alii
287 1422 504 1466 foelicitatem,
529 1423 578 1452 alii
591 1422 789 1466 facilitatem.
832 1422 945 1454 Idem.

233 1473 428 1504 Petissere.
472 1474 548 1504 Vide
570 1484 662 1514 supra
685 1485 752 1513 pag.
764 1476 838 1507 561.

231 1525 375 1565 Pippit.
419 1523 526 1564 Pirpiae.
565 1525 636 1554 Osci
658 1536 713 1564 pro
737 1523 810 1565 quid
833 1525 972 1554 dicebant
992 1526 1041 1564 pir
1063 1526 1127 1554 sive
1148 1526 1209 1564 pir,
1238 1524 1318 1553 unde
1339 1524 1446 1564 pirpit‚
1472 1521 1626 1565 quicquid.
1665 1522 1713 1551 Sic
1736 1521 1825 1550 iidem
1845 1522 1928 1561 piam
1951 1521 2032 1550 dice-

68 1569 141 1598 bant
163 1579 218 1608 pro
241 1579 344 1608 quam,
367 1567 447 1596 unde
470 1568 632 1607 quispiam,
660 1568 805 1607 nuspiam.
843 1567 918 1596 Vide
940 1568 1097 1608 quispiam.
1120 1567 1211 1598 Dae.
1251 1567 1397 1596 Nimirum
1417 1567 1481 1606 pis,
1509 1567 1555 1606 pit
1578 1564 1657 1605 apud
1682 1565 1776 1593 Oscos
1799 1563 1955 1592 dicebatur
1976 1573 2032 1603 pro

67 1613 150 1652 quis,
185 1609 274 1651 quid,
308 1619 348 1638 ex
369 1609 521 1638 Sanscrito
545 1607 604 1646 leis,
640 1607 691 1639 kit.
735 1609 861 1638 Mutatio
890 1610 1050 1648 gutturalis
1073 1612 1101 1638 in
1125 1610 1260 1638 labialem
1282 1610 1422 1647 frequens
1444 1609 1502 1638 fuit
1524 1610 1607 1648 apud
1630 1608 1741 1644 Oscos,
1781 1605 2031 1645 quemadmodum

69 1653 199 1682 ostendit
228 1659 370 1692 quatuor,
404 1658 517 1691 petora.
562 1652 606 1680 Cf.
629 1651 736 1680 Muller
766 1652 814 1680 die
843 1652 989 1681 Etrusker
1017 1657 1087 1681 tom.
1102 1652 1123 1681 I.
1153 1662 1218 1691 pag.
1230 1654 1283 1684 30.
1335 1651 1481 1690 Nuspiam
1511 1657 1612 1680 utrum
1642 1651 1673 1679 in
1703 1649 1838 1678 Latinum
1866 1658 2030 1678 sermonem

68 1695 236 1732 transierit,
260 1693 384 1722 dubium
408 1698 468 1730 est3
492 1694 606 1734 uspiam
631 1699 747 1723 certum
770 1699 828 1732 est,
853 1705 945 1734 quare
969 1697 1019 1724 vix
1042 1695 1175 1724 dubitari
1198 1694 1326 1733 poterit,
1350 1693 1438 1722 etiam
1462 1694 1597 1733 nuspiam
1621 1693 1711 1722 fuisse
1735 1693 1765 1720 in
1784 1701 1852 1722 usn.

233 1743 373 1774 Picena
397 1744 507 1782 regio.
552 1744 577 1772 A
599 1743 714 1773 Sabinis
738 1750 821 1774 ortos
845 1746 970 1774 Picenos
994 1751 1022 1775 et
1045 1757 1060 1775 a
1084 1745 1156 1774 Pico
1180 1745 1256 1774 duce
1279 1744 1392 1773 itineris
1415 1743 1512 1773 dictos
1536 1744 1628 1772 refert
1649 1742 1745 1771 Strab.
1768 1742 1818 1771 lib.
1834 1741 1867 1770 V.
1890 1742 1931 1780 (p.
1944 1740 2028 1779 240.)

68 1788 175 1818 Picena
196 1787 276 1823 regio
298 1785 388 1815 hodie
401 1785 530 1816 Mar-che
544 1785 716 1817 d’Ancone.
747 1788 772 1816 A
785 1789 901 1817 Picenis
924 1790 987 1818 sive
1011 1789 1179 1818 Picentibus
1201 1788 1259 1817 orti
1276 1786 1422 1816 Picentini
1445 1786 1483 1815 ad
1505 1797 1587 1816 mare
1603 1785 1800 1824 Tyrrhenum.
1822 1783 1912 1815 Dac.
1942 1783 2027 1813 Adde

67 1841 158 1872 supra
180 1829 306 1869 Peligni.
355 1827 459 1858 Goth.

231 1878 432 1910 Perditum.
476 1877 587 1910 Interit.
623 1880 748 1910 Interiit.
797 1879 902 1913 Goth.

228 1929 432 1960 Perbiiere.
476 1930 569 1959 Plaut.
592 1931 624 1959 in
648 1931 752 1960 Pseud.
776 1931 848 1971 (111,
874 1935 906 1969 1,
930 1931 1009 1972 12.):
1032 1930 1107 1960 Eum
1130 1942 1200 1961 oras
1222 1931 1357 1961 cruciatu
1378 1931 1514 1960 maximo
1537 1941 1567 1958 se
1586 1927 1735 1969 perbitere.
1778 1927 1816 1956 Et
1835 1927 1869 1955 in
1889 1926 2023 1959 Poenulo

66 1974 122 2015 (V,
146 1975 180 2011 8,
201 1973 255 2005 43.
269 1972 359 2012 seq.):
393 1972 440 2002 At
462 1984 498 2002 ne
520 1973 594 2002 inter
613 1974 677 2003 vias
699 1973 914 2003 Perbiteramus
935 1986 983 2003 eas
1004 1982 1113 2004 mutuo.
1157 1973 1222 2002 lllic
1245 1973 1354 2012 perire,
1379 1971 1429 2002 hie
1452 1972 1616 2011 praeterire
1638 1970 1793 2009 significat.
1817 1968 1905 2001 Ant.
1925 1968 2021 2007 Aug.

66 2019 163 2046 Locus
187 2016 281 2045 Plaut·
304 2020 347 2044 est
369 2025 384 2044 θ
405 2015 617 2053 Pseud01·111‚
642 2019 676 2053 1,
700 2017 787 2055 (12).
832 2017 908 2047 Vide
929 2017 1058 2046 Nonium
1082 2018 1164 2056 (pag.
1178 2016 1248 2047 153.
1269 2015 1386 2053 Mem).
1432 2016 1465 2044 ln
1489 2014 1665 2054 quibusdam
1692 2013 1816 2051 legitur:
1849 2009 2022 2041 Praebiiere.

64 2059 189 2090 Plautus
208 2069 263 2098 pro
283 2058 405 2098 praeire.
449 2058 507 2086 Sed
534 2069 570 2088 eo
599 2069 683 2087 usum
707 2060 797 2089 fuisse
819 2060 956 2089 Plautum
981 2069 1127 2099 nusquam
1150 2059 1299 2095 invenies,
1334 2058 1388 2088 sed
1409 2060 1453 2101 τῷ
1471 2056 1676 2098 praeterbitere
1695 2053 1867 2095 praeterire.
1911 2053 2021 2092 Vulga-

64 2107 127 2133 tam
148 2101 238 2141 igitur
258 2101 414 2129 lectionem
436 2100 560 2132 retineo.
606 2101 693 2131 Dac.

230 2141 418 2182 Peregere.
465 2143 541 2181 Lego
563 2142 696 2183 Per-gere,
727 2143 807 2173 unde
831 2143 986 2183 Pergiscor
1008 2148 1037 2172 et
1060 2144 1259 2182 compositum
1281 2143 1480 2182 expergiscor.
1510 2139 1611 2172 Scal.
1654 2138 1713 2169 Sed
1733 2137 1810 2168 nihil
1831 2137 2015 2169 mutandum.

64 2186 200 2227 Per-egere
221 2186 298 2214 enim
321 2185 474 2222 dicebant,
498 2196 514 2214 a
537 2196 596 2224 quo
616 2197 748 2225 pergere,
768 2187 910 2226 pergisci,
933 2187 1106 2226 empergisci.
1130 2186 1221 2216 Dac.
1260 2184 1405 2224 Per-egere.
1427 2185 1559 2224 Peregre.
1584 2181 1690 2213 Goth.
1723 2181 1810 2212 Haud
1831 2181 1921 2210 dubie
1942 2190 2016 2220 pro·

64 2235 165 2269 pterea
187 2227 308 2265 Pergere
330 2228 463 2256 enotavit
485 2228 604 2262 Festus,
627 2233 660 2257 ut
680 2229 868 2258 transitivam
891 2229 954 2258 eius
977 2233 1153 2268 potestatem
1176 2228 1355 2258 ostenderet.

228 2270 388 2310 Pergin.
435 2271 521 2309 Verg.
541 2271 641 2308 Eelog.
659 2272 688 2302 6.
713 2272 800 2303 Ant.
823 2271 916 2310 Aug.
943 2272 984 2310 (V.
999 2270 1071 2309 13).
1911 2305 1917 2312 ,

229 2312 494 2352 Per-graecari.
539 2314 787 2352 Intemperantius
815 2313 916 2342 bibere
939 2315 1121 2343 Graecorum
1149 2322 1247 2349 more,
1284 2312 1335 2351 qui
1364 2310 1484 2341 remotis
1511 2309 1608 2348 epulis
1631 2307 1794 2338 maioribus
1818 2305 1932 2346 poculis
1954 2314 2010 2341 po—

61 2355 193 2386 scebant.
217 2356 279 2384 Cic.
302 2356 333 2384 in
354 2355 404 2384 ΙΙΙ.
420 2355 504 2385 Verr.
527 2354 563 2396 (1.
581 2356 662 2385 verr.
679 2359 735 2390 26,
762 2354 841 2396 67.):
870 2355 917 2385 Fit
938 2367 1032 2386 termo
1055 2357 1129 2385 inter
1149 2366 1198 2385 eos
1219 2362 1246 2384 et
1267 2355 1418 2391 invitatio,
1443 2360 1474 2382 ut
1497 2350 1612 2383 Graeco
1634 2362 1714 2382 more
1736 2349 1884 2379 biberetur.
1922 2344 2009 2376 Hor·-

62 2405 143 2428 utur
162 2396 282 2438 hospes:
304 2404 431 2438 poscunt
451 2398 614 2428 maioribus
633 2398 760 2439 poculis.
805 2399 927 2429 Glossae
946 2399 1134 2439 pergraecari
1154 2402 1310 2438 exponunt
1330 2396 1490 2437 ἑλληνίζειν
1513 2395 1574 2427 alio
1595 2404 1692 2425 sensu.
1737 2392 1824 2421 Dac-
