2263 2668
243 177 320 211 663
668 170 1013 205 COMMENTARH
1038 172 1086 205 IN
1113 170 1255 205 PAULI
1280 172 1476 206 DIACONI
1503 173 1757 207 EXCERPTA

245 266 345 298 Scal.
381 265 542 296 Summussi
564 262 614 300 qui
636 262 833 290 submussant.
876 263 949 292 Vide
972 262 1119 293 Massam.
1155 264 1276 293 Versum
1300 265 1389 293 Ennii
1414 274 1427 293 e
1452 269 1535 293 sexto
1559 265 1633 296 Ann.
1656 267 1733 296 idern
1757 277 1845 305 snpra
1869 266 1972 295 retulit
1994 267 2023 294 in
2046 279 2182 298 mussare,

243 311 351 340 Versus
374 308 454 337 Accii
478 307 520 334 sic
543 305 642 333 forsan
669 304 825 342 legendus:

815 347 889 376 Dice
910 348 984 384 iam,
1008 355 1099 376 mater
1121 359 1177 376 non
1200 356 1257 387 est,
1283 350 1340 377 iam
1364 360 1493 378 mussare
1515 351 1583 379 sine.

242 395 274 423 In
296 395 351 421 fine
374 396 473 429 aperte
497 390 605 418 citatur
627 389 772 417 Caecilius
795 389 824 417 in
841 390 1131 429 Anagnorizomene‚
1156 401 1245 429 quare
1268 402 1327 420 non
1351 391 1436 419 video
1461 393 1532 430 quid
1556 403 1643 431 agens
1661 393 1769 421 Paulus
1788 393 1947 421 Caecilium
1966 393 1996 421 in
2013 393 2183 422 Terentium

241 435 371 464 mutavit.
395 433 486 461 Dac.
517 431 605 471 Apud
628 431 764 460 Servium
787 433 816 460 in
841 433 1009 470 fragmentis
1031 444 1159 461 mussare
1181 444 1237 472 pro
1261 442 1353 462 tacere
1376 439 1403 462 et
1425 446 1605 463 murmurare
1626 436 1779 474 accipitur.
1805 434 1908 465 Goth.
1945 434 2039 470 Quem
2065 436 2182 464 Paullus

241 477 378 505 Terentio
405 476 508 504 tribuit
532 475 646 511 locuni,
682 474 716 501 ab
742 474 846 503 Ursino
870 475 996 503 Caecilio
1020 476 1197 512 assignatum
1229 477 1379 512 videmus,
1415 476 1451 503 dc
1481 479 1666 515 coniectura,
1706 483 1737 506 ut
1765 478 1894 508 videtur.
1939 477 2030 515 Igitur
2053 478 2183 516 Scaliger

239 519 407 548 Terentium
431 519 571 546 Libonem
594 516 719 554 intelligi
743 518 929 556 suspicatur,
967 522 1061 552 recte,
1100 528 1156 546 non
1180 518 1255 547 enim
1283 518 1420 547 credibile
1443 525 1500 556 est,
1536 521 1721 549 notissimum
1747 520 1865 548 Caecilii
1889 530 2011 556 nomen,
2042 530 2057 547 a
2082 520 2182 549 Paullo

239 561 326 590 toties
350 561 419 589 alibi
443 561 617 598 repetitum,
653 558 710 587 hoc
738 559 805 587 loco
830 560 860 588 in
884 560 1013 588 Terentii
1037 570 1098 588 esse
1122 567 1343 590 commutatum.
1390 561 1430 588 Cf.
1455 563 1586 600 Scaliger
1609 563 1646 591 ad
1670 563 1795 592 Varron.
1819 563 1854 590 de
1877 562 1908 590 L.
1928 563 1957 590 L.
1981 571 2046 601 pag.
2061 564 2112 594 83.
2136 561 2183 592 ed.

238 603 338 642 Steph.
371 603 453 632 Adde
477 602 611 641 Spengel.
636 602 664 630 in
689 602 832 638 Fragmm.
857 603 975 631 Caecilii
998 612 1065 640 pag.
1082 605 1129 633 11.
1166 604 1220 631 Sed
1247 605 1339 632 Varro
1363 604 1412 631 lib.
1428 604 1475 632 VI.
1499 615 1563 643 pag.
1577 609 1648 637 227.
1672 607 1721 644 Sp.
1754 602 1877 633 Iuventii
1899 604 1969 633 citat
1991 605 2108 641 locum,
2130 605 2183 634 ubi

238 647 367 684 Scaliger
390 646 502 684 pariter
523 644 719 673 substituebat
745 645 922 681 Terentium,
953 655 1039 682 quem
1064 645 1188 673 eundem
1212 645 1355 674 Libonem
1379 646 1565 684 opinabatur.
1611 648 1710 683 Quare
1734 647 1911 682 videndum,
1935 657 1970 676 ne
1993 647 2071 685 apud
2095 647 2182 676 Paul-

238 689 298 717 lum
329 694 356 718 et
381 689 494 716 Festum
526 687 625 724 potius
654 686 808 724 legendum
837 688 873 715 sit
897 686 1044 715 quentius
1073 688 1102 715 in
1124 688 1407 727 Anagnorizomene.
1455 690 1493 717 De
1516 690 1650 719 Iuventio
1674 690 1848 729 Spengelius
1872 689 1954 719 iubet
1980 690 2114 719 conferre
2137 691 2182 718 in-

239 736 338 771 terpp.
362 731 398 759 ad
423 732 454 759 A.
477 730 605 758 Gellium
622 729 735 765 XVIII,
762 732 810 761 12.
836 729 886 758 ubi
910 730 994 757 locus
1019 739 1055 758 ex
1080 729 1202 758 Iuventii
1227 731 1382 759 comoedia
1407 731 1524 761 citatur.

400 771 492 800 Sum.
539 772 647 800 Versus
670 772 771 801 Ennii:

769 814 814 842 At
837 822 877 849 te,
912 825 969 842 non
993 821 1023 842 ut
1046 826 1125 851 sum,
1157 827 1297 844 summam
1322 826 1433 844 servare
1456 815 1534 845 dece!
1559 829 1623 846 rem.

236 858 322 886 Item:

767 897 822 928 Ad
844 910 872 927 se
894 910 922 927 se
944 910 1007 927 sum
1030 900 1080 938 qui
1103 899 1221 928 dederat
1244 901 1272 928 in
1296 898 1415 929 luminis
1438 911 1515 932 oras.

234 951 347 989 Supple
370 949 495 979 advocat
519 951 566 978 vel
590 951 670 978 aliud
694 950 805 985 simile,
830 954 858 978 et
881 949 917 977 de
940 949 1061 978 Horatio
1085 961 1180 979 sermo
1204 957 1260 987 est,
1291 951 1340 989 qui
1364 962 1380 979 a
1403 952 1558 981 lictoribus
1583 953 1812 991 comprehensus
1835 956 1948 990 patrem
1972 951 2008 979 ad
2033 961 2062 980 se
2085 955 2180 981 vocat.

234 993 295 1021 Imo
319 993 418 1021 forsan
442 992 515 1021 nihil
541 993 729 1022 mutandum:

767 1034 811 1063 At
834 1046 863 1063 se
885 1046 914 1062 se
936 1046 997 1063 sum
1022 1034 1072 1075 qui
1094 1034 1210 1064 dederat
1233 1036 1263 1064 in
1288 1034 1407 1065 luminis
1430 1048 1507 1073 oras,

233 1091 267 1115 ut
295 1095 397 1115 sensus
427 1087 480 1115 sit:
517 1091 545 1114 at
577 1086 626 1124 qui
649 1085 801 1113 Horatium
833 1090 975 1123 genuerat
1004 1085 1045 1114 ait
1072 1086 1135 1115 iure
1166 1087 1218 1115 sibi
1249 1097 1361 1115 caesam
1391 1087 1480 1116 filiam
1509 1087 1600 1117 videri
1627 1093 1655 1117 et
1681 1097 1742 1116 sese
1766 1087 1794 1115 in
1819 1097 1881 1116 eam
1905 1085 2180 1115 animadversurum

234 1128 341 1166 fuisse,
370 1129 399 1157 ni
422 1134 598 1168 occupasset
622 1128 771 1157 Horatius,
817 1130 891 1157 Sane
917 1128 1003 1156 nimis
1027 1129 1166 1158 audacter
1189 1129 1308 1159 doctiss.
1334 1130 1458 1159 Merula:

769 1178 911 1217 Accedit,
937 1190 998 1208 sum
1022 1180 1074 1219 qui
1095 1179 1213 1209 dederat
1236 1182 1266 1209 in
1289 1179 1408 1210 luminis
1431 1192 1508 1211 oras,

233 1221 322 1251 Dac.

397 1262 517 1294 Solle.
563 1266 601 1292 At
623 1263 715 1291 soltus
739 1274 754 1291 a
778 1264 892 1292 Graeco
916 1261 986 1300 ὅλος
1008 1269 1096 1293 totus.
1122 1265 1208 1294 Dac.
1250 1264 1345 1294 Suasa
1368 1277 1489 1305 quoque.
1525 1265 1612 1294 Hunc
1637 1265 1740 1293 Lucilii
1764 1274 1882 1293 versum
1905 1264 1947 1292 sic
1970 1263 2041 1301 legit
2064 1263 2178 1292 Douza:

766 1315 862 1344 Suasa
885 1327 998 1355 quoque
1021 1317 1137 1344 omnino
1162 1314 1277 1344 redimit
1301 1327 1358 1345 non
1381 1315 1458 1345 solla
1483 1314 1623 1355 dupondi.

232 1366 291 1395 Sed
314 1363 427 1394 dirimit
451 1365 639 1394 retinendum
663 1371 692 1395 et
714 1365 795 1394 hunc
818 1376 936 1394 versum
960 1366 1062 1402 alteri,
1091 1367 1141 1404 qui
1164 1367 1194 1394 in
1215 1367 1355 1404 Sicyonia
1379 1367 1503 1403 legitur,
1527 1367 1569 1394 sic
1593 1367 1830 1395 continuandum
1854 1376 1971 1395 censeo:

764 1408 802 1436 Et
823 1407 945 1447 pedibus
968 1407 1052 1437 laeva
1076 1408 1218 1447 Sicyonia
1241 1408 1329 1437 demit
1352 1408 1472 1437 honesta

766 1450 862 1479 Suasa
887 1462 1000 1491 quoque
1022 1452 1141 1480 omnino
1165 1449 1277 1479 dirimit
1299 1462 1356 1479 non
1379 1449 1457 1479 solla
1480 1449 1621 1490 dupondi.

231 1493 416 1531 Sequebatur
439 1503 561 1530 nomen,
591 1493 628 1521 ad
651 1493 732 1531 quod
756 1493 934 1521 adiectimm
959 1503 1043 1521 suasa
1068 1493 1244 1531 pertinebat.
1286 1494 1327 1521 De
1349 1504 1434 1521 suaso
1458 1491 1555 1521 colore
1578 1493 1644 1522 vide
1668 1492 1743 1520 infra
1768 1491 1903 1523 Suasum.
1928 1491 2036 1521 Idem.
2086 1490 2178 1521 Solli-

232 1536 328 1570 curia‚
351 1536 381 1563 in
405 1536 485 1564 omni
507 1548 535 1564 re
557 1537 682 1565 curiora.
716 1535 843 1564 Forsan:
867 1534 1043 1570 Sollicurio,
1068 1537 1095 1563 in
1121 1536 1200 1563 omni
1223 1547 1251 1563 re
1274 1536 1413 1564 curiosus.
1445 1535 1595 1573 Scriptum
1615 1537 1709 1563 suerat
1725 1536 1845 1570 curios.‚
1869 1535 1947 1564 unde
1964 1535 2050 1563 facile
2067 1534 2179 1562 sactum

231 1579 362 1614 curiosa,
394 1579 520 1607 curiora.
550 1576 658 1608 Idem.
699 1576 778 1606 Solli
796 1589 912 1606 erreum.
958 1578 1061 1605 Livius
1085 1577 1135 1606 lib.
1148 1578 1256 1605 XXIV.
1280 1577 1439 1615 (XXXIV,
1464 1576 1540 1616 14.):
1576 1577 1613 1605 Ut
1635 1577 1750 1606 omissis
1771 1577 1941 1618 solliferreis
1961 1575 2180 1617 phalaricisque

228 1618 349 1658 gladios
370 1621 569 1656 strinxerunt,
593 1627 662 1649 tunc
683 1618 759 1648 velut
783 1619 977 1658 redintegrata
999 1626 1040 1648 est
1060 1630 1170 1658 pugna.
1194 1618 1305 1648 Idem.
1338 1619 1412 1647 Vide
1430 1629 1518 1657 supra
1537 1618 1733 1649 Solitaurilia.
1761 1618 1865 1649 Goth.
1903 1617 1990 1657 Quod
2007 1629 2059 1648 nos
2074 1625 2178 1649 totum.

230 1661 304 1690 Vide
329 1660 436 1691 Solida
457 1660 540 1691 sella.
565 1661 671 1691 Idem.
699 1661 806 1690 Suasa.
829 1661 914 1691 Vasa.
939 1660 1049 1690 Idem.
1082 1661 1177 1692 Sella.
1201 1662 1293 1690 Sollo.
1318 1660 1426 1690 Idem.
1458 1660 1617 1693 Solemnia.
1650 1661 1723 1691 Vide
1747 1660 1905 1691 Solemnia.
1928 1659 2037 1691 Idem.
2065 1660 2178 1690 Livius.

231 1704 382 1732 Lucillius.
428 1702 535 1733 Idem.

395 1744 510 1774 Solia.
555 1747 630 1784 Lege
652 1745 729 1775 solia
753 1751 807 1775 etc.
830 1745 951 1786 ideoque
972 1745 1065 1775 soliar
1087 1754 1209 1775 sternere
1232 1746 1369 1776 dicuntur
1391 1751 1445 1777 etc.
1492 1747 1579 1775 Item:
1614 1755 1640 1775 et
1667 1745 1791 1775 soliaria
1817 1753 1960 1776 vocantur
1982 1743 2177 1784 Babylonica.

233 1788 328 1817 Varro
352 1789 556 1817 Cosmotorine
578 1790 645 1828 περὶ
668 1791 791 1828 φθορᾶς
813 1787 938 1827 κόσμου.
985 1788 1112 1828 Phrygio
1135 1791 1186 1829 qui
1205 1789 1344 1829 polvinar
1363 1796 1478 1828 poterat
1500 1790 1617 1828 pingere
1638 1788 1732 1817 soliar
1753 1787 1909 1828 levigabat.
1954 1788 2089 1817 Glossae:
2120 1786 2180 1816 So-

234 1829 305 1867 liar,
340 1832 458 1869 δίφραξ-
492 1829 594 1860 Scal.
639 1832 733 1860 Soliar
756 1836 853 1860 autem
878 1836 1008 1860 sternere
1030 1831 1223 1869 dicebantur,
1258 1833 1309 1870 qui
1334 1832 1543 1860 sellisternium
1566 1830 1732 1868 habebant,
1768 1832 1848 1869 quod
1872 1830 1930 1859 alio
1953 1830 2070 1859 nomine
2092 1828 2179 1859 lecti-

234 1874 366 1901 sternium
392 1873 561 1908 dicebatur,
598 1874 678 1912 quod
704 1874 763 1902 Diis
787 1874 950 1912 epulaturis
973 1874 1043 1902 lecti
1067 1879 1094 1902 et
1116 1875 1206 1903 sellae
1229 1879 1443 1903 sternerentur.
1488 1874 1583 1902 Valer.
1608 1875 1685 1902 Max.
1709 1873 1759 1902 lib.
1773 1874 1809 1903 II.
1832 1884 1895 1912 cap.
1911 1876 1956 1904 1.:
1992 1871 2071 1902 Iovis
2092 1869 2178 1912 epulo

236 1913 295 1950 ipse
316 1916 345 1942 in
368 1914 521 1952 lectulum,
545 1915 619 1945 Iuno
642 1924 669 1944 et
691 1916 828 1945 Minerva
851 1918 880 1944 in
902 1915 991 1945 sellas
1015 1914 1056 1944 ad
1078 1927 1197 1945 coenam
1220 1916 1430 1946 invitabantur.
1462 1916 1536 1945 Vide
1556 1915 1715 1956 Epolonos.
1755 1915 1916 1955 Babylonia
1939 1915 2056 1945 saliaria
2079 1926 2096 1944 a
2117 1915 2179 1943 Ba-

235 1953 359 1991 bylone,
383 1968 456 1994 quae
480 1958 614 1987 diversos
637 1959 751 1987 colores
775 1958 908 1997 picturae
930 1959 1063 1987 intexere
1086 1958 1190 1987 docuit
1208 1959 1319 1987 Ph'nius
1341 1960 1390 1989 lib.
1405 1959 1483 1988 V111.
1500 1969 1565 1996 cap.
1578 1959 1645 1990 48.:
1667 1957 1853 1999 Babylonica
1873 1959 2079 1997 peristromata
2102 1957 2178 1986 dixit

237 1995 331 2024 Plaut.
354 1999 381 2025 in
404 1999 496 2028 Stich.
520 1999 576 2039 (11,
599 2003 633 2038 3,
655 1999 729 2040 53.).
753 2000 842 2031 Dac.
873 1999 964 2030 Alvei
985 2011 1098 2040 quoque
1118 2000 1236 2030 leuandi
1258 2013 1356 2032 causa.
1388 2002 1477 2038 Lege:
1502 1999 1588 2030 Solia
1610 1999 1756 2030 dicuntur.
1788 2001 1898 2031 Gloss.:
1922 1998 2036 2030 Solium
2055 1997 2177 2040 ἐμβάτη-

237 2038 311 2066 Nam
334 2038 443 2079 ἐμβάτη
467 2042 583 2079 alveus,
610 2044 641 2071 in
664 2053 751 2082 quem
775 2043 959 2072 descendunt
981 2043 1116 2072 lavaturi.
1146 2041 1299 2084 ’Ἐμβασιν
1321 2049 1409 2072 vocat
1433 2044 1563 2073 Dioscor.
1609 2042 1719 2073 Idem.

399 2080 666 2116 Sollistimum.
711 2086 906 2114 Scribendum
929 2096 983 2125 per
1007 2087 1128 2114 unicum
1151 2087 1161 2114 l
1183 2085 1366 2116 solistimum.
1398 2087 1471 2114 Nam
1494 2096 1508 2113 a
1530 2085 1609 2122 solo,
1632 2086 1662 2113 id
1686 2091 1729 2114 est
1752 2093 1838 2115 terra.
1874 2083 1945 2114 Cum
1967 2083 2030 2125 ‘ff'
2053 2084 2114 2112 iam
2136 2094 2177 2113 est:

238 2132 286 2151 ore
304 2120 388 2169 pulli.
405 2121 565 2162 deciderat,
590 2134 649 2156 tum
673 2129 840 2167 auspicanti
862 2127 1022 2166 tripudium
1045 2127 1218 2157 solistimum
1243 2128 1440 2157 nuntiabatur.
1475 2129 1533 2157 Cic.
1559 2129 1613 2165 (de
1638 2128 1733 2157 Divin.
1749 2127 1792 2163 11,
1815 2128 1892 2164 34).
1925 2126 2006 2155 Idem
2031 2130 2059 2155 et
2082 2124 2177 2155 Soni-

237 2163 472 2211 viunf,·d¹.ctu'111
495 2177 510 2193 a
533 2178 620 2204 sono,
654 2179 738 2208 quem
762 2171 866 2199 edebat
889 2181 955 2199 cum
979 2170 1114 2207 caderet,
1143 2172 1190 2200 vel
1214 2171 1286 2207 offa,
1319 2172 1367 2199 vel
1390 2171 1495 2207 arbor,
1531 2171 1580 2200 vel
1602 2181 1722 2207 saxum,
1756 2170 1806 2199 vel
1827 2169 1907 2198 aliud
1929 2168 2013 2207 quid.
2056 2167 2177 2197 Servius

241 2206 366 2234 Danielis
388 2216 417 2234 in
441 2207 531 2235 illud:
554 2217 669 2239 tremere
691 2213 789 2241 omnia
810 2214 874 2242 visa
897 2220 1009 2252 repente
1031 2213 1115 2250 (Aen.
1132 2214 1191 2250 111,
1214 2215 1292 2250 90.):
1320 2212 1392 2242 Hoc
1413 2214 1584 2253 augurium.
1607 2213 1719 2251 inquit,
1740 2214 1829 2242 iuxta
1852 2209 2022 2251 auguralem
2044 2209 2177 2250 discipli·-

239 2258 309 2276 ’ΨΜ
332 2246 442 2276 dimum
465 2256 520 2283 ²⁸¹,
557 2250 635 2288 quod
656 2253 822 2292 appellatur
848 2254 1008 2295 tripudium
1031 2257 1190 2292 sonivium,
1224 2254 1266 2284 ad
1288 2254 1367 2296 quod
1387 2257 1525 2295 pertinet,
1562 2256 1588 2284 si
1608 2255 1697 2284 arbor
1716 2262 1817 2295 sponte
1837 2252 1987 2284 radicibus
2009 2251 2117 2289 cadat,
2149 2253 2176 2281 si

240 2297 316 2318 terra
337 2296 456 2339 tremat,
490 2290 570 2331 quod
592 2291 639 2320 hic
659 2295 777 2323 Aeneae
794 2296 915 2337 factum
940 2296 1080 2335 ostendit,
1115 2306 1271 2338 antequam
1299 2309 1369 2327 voce
1396 2297 1495 2327 divina
1520 2309 1655 2337 responsa
1675 2299 1840 2338 perciperet.
1885 2296 1964 2325 Infra
1987 2306 2058 2334 pro:
2094 2293 2175 2333 Quae

239 2343 291 2361 nec
313 2342 384 2370 prae
403 2339 474 2361 vitio
494 2332 645 2362 humanive
668 2336 874 2375 caedanturve,
897 2340 1070 2377 legendum:
1093 2352 1167 2381 quae
1189 2351 1240 2370 nec
1259 2351 1331 2379 prae
1352 2341 1422 2369 vitio
1444 2340 1608 2369 humanave
1628 2341 1658 2369 vi
1679 2339 1874 2369 caedanturve
1891 2343 1946 2369 etc.
1974 2338 2048 2367 Nam
2068 2336 2099 2366 id
2120 2340 2174 2372 est,

239 2373 320 2444 guod·
344 2373 531 2446 altdSettviuZ
547 2385 651 2446 supra:
673 2377 698 2404 si
720 2377 808 2406 arbor
828 2389 929 2417 sponte
951 2380 1101 2411 radicibus
1123 2381 1220 2412 cadat.
1253 2383 1327 2412 Vide
1348 2383 1423 2412 infra
1447 2381 1578 2412 Sonivio.
1602 2382 1688 2411 Dae.
1724 2381 1866 2412 Humani.
1900 2381 2052 2410 Humanae
2075 2378 2104 2407 vi
2125 2378 2173 2406 vel

261 2426 322 2445 uini
344 2426 377 2445 ca
401 2426 437 2445 an
453 2440 460 2447 .
539 2424 573 2446 ot
602 2440 608 2446 .
