2263 2668
273 144 297 177 8
911 142 1092 176 DONATI
1118 143 1209 177 ARS
1239 143 1576 177 GRAMMATICA.

275 239 319 272 de
337 251 371 272 se
384 238 536 272 reddunt.
590 237 771 282 Trisyllabi
785 247 863 269 vero
880 247 956 269 cum
971 236 1146 280 trisyllabis
1167 238 1327 281 geminati
1352 238 1522 282 sexaginta
1545 233 1720 280 quattuor¹
1748 237 1970 282 collegnntur.
2022 239 2134 283 Atque
2157 251 2216 273 ex—

275 296 375 335 cepto
393 287 622 335 ampibrachi²
639 296 671 322 et
689 288 819 333 epitrito
828 284 850 327 ³,
878 299 1022 331 quorum
1036 289 1174 321 alterum
1192 290 1303 332 tripla,
1321 289 1460 322 alterum
1481 289 1611 333 epitrita
1627 288 1784 321 divisione
1801 290 1972 334 partimur,
1989 292 2215 324 universorum

273 343 401 386 pedum
418 344 504 374 trina
523 341 669 375 conditio
686 339 882 382 repperitur.
935 340 972 372 ln
989 340 1058 372 aliis
1078 340 1164 372 enim
1181 352 1287 383 aequa
1304 340 1422 373 divisio
1440 345 1503 381 est,
1531 341 1562 372 in
1583 340 1651 372 aliis
1671 340 1792 384 dupla,
1822 342 1854 373 in
1882 342 1953 373 aliis
1978 343 2151 386 sexcupla;
2184 348 2217 375 et

275 395 384 438 prima
397 394 573 437 dactylica,
593 391 737 424 secunda
753 390 905 431 iambica,
919 391 1015 423 tertia
1027 392 1191 435 paeonica
1207 392 1402 423 nominatur.
1455 392 1537 424 Sunt
1555 392 1587 424 in
1602 402 1805 434 unoquoque
1821 397 1927 424 metro
1943 393 2047 437 pedes
2063 394 2215 438 legitimi,

275 452 346 478 sunt
358 445 461 479 nothi.
489 444 666 488 Simplices
675 442 780 487 pedes
799 453 865 475 uon
882 443 1033 488 amplius,
1049 454 1149 486 quam
1163 448 1273 476 ternas
1285 444 1438 487 syllabas,
1454 443 1606 488 duplices
1621 454 1686 476 non
1703 444 1844 487 amplius
1859 456 1960 487 quam
1975 456 2067 477 senas
2082 444 2216 478 habent.

914 540 1066 574 SEGM.
1093 539 1134 574 V.
1216 540 1301 575 De

439 608 472 641 l.
525 608 641 642 Touos
660 607 713 640 alii
732 610 883 640 accentus
907 609 961 641 alii
979 614 1110 641 tenores
1125 609 1304 641 nominant.
1357 609 1446 642 Toni
1464 610 1566 654 igitur
1580 613 1645 642 tres
1661 614 1744 650 sunt,
1772 614 1897 649 acutus,
1924 609 2045 654 graw’S,
2073 608 2217 642 circum—

274 661 387 694 flexus.
442 661 567 694 Acutus
582 671 656 694 cum
675 660 706 691 iu
724 658 860 691 Graecis
875 659 1071 693 dictionibus
1087 661 1147 692 tria
1164 661 1238 694 loca
1256 665 1383 701 teneat,
1411 661 1564 693 ultimmn
1576 685 1584 699 ,
1612 657 1893 704 paeneultimum⁴
1920 666 1953 692 et
1979 661 2219 704 antepaeneul-

274 714 409 748 timumz
436 712 527 756 apud
538 712 674 744 Latinos
687 710 946 754 paeueultimum
965 717 997 744 et
1014 708 1489 755 antepaeneultiiuumtenet⁵;
1517 713 1668 745 ultimum
1681 724 1873 755 numquam.
1907 712 2061 745 Circum-
2090 710 2218 757 [1741]

275 764 378 796 flexus
397 769 525 802 autem,
553 763 715 805 quotlibet
738 761 940 804 syllabarum
963 764 1003 796 sit
1026 763 1147 804 dictio,
1176 775 1242 795 non
1265 764 1389 796 tenebit
1410 764 1469 795 nisi
1492 764 1752 807 paeneultimum
1773 765 1897 797 iocum.
1952 763 2070 796 Gravis
2088 763 2170 807 poni
2187 763 2220 795 in

275 815 394 847 eadem
420 815 563 847 dictione
584 814 636 846 vel
663 824 739 846 cum
764 818 862 846 acuto
885 815 940 847 vel
964 826 1040 847 cum
1064 815 1278 848 circumflexo
1304 821 1431 858 potest3
1465 815 1532 848 hoc
1556 815 1604 846 ilii
1630 826 1695 847 non
1718 821 1766 847 est
1790 826 1967 847 commune
1990 826 2066 848 cum
2089 815 2218 848 ceteris

274 867 370 910 Ergo
386 866 631 909 monosyllaba,
660 876 745 907 quae
764 872 953 910 correptam
971 866 1123 899 vocalem
1141 865 1330 906 habebunt,
1359 872 1457 899 acuto
1480 872 1619 900 accentu
1637 867 1950 910 pronunciabimus,
1978 872 2013 899 ut
2023 877 2119 911 pax,
2142 866 2220 911 pix,

274 929 365 952 uum:
397 929 482 960 quae
504 916 703 961 productam
725 916 879 949 vocalem
902 917 1092 959 habebunt,
1120 917 1334 950 circumflexo
1359 923 1497 950 accentu
1522 919 1836 961 pronunciabimus,
1863 923 1898 949 ut
1922 928 1995 958 res,
2023 918 2102 957 dos,
2129 928 2218 962 spes.

274 969 312 1001 Ιιι
331 968 512 1012 disyllabis,
540 979 626 1010 quae
643 969 788 1011 priorem
805 968 1009 1013 productam
1027 968 1207 1001 habuerint
1223 974 1255 1001 et
1271 970 1490 1012 posteriorem
1506 976 1707 1012 correptam,
1736 970 1881 1013 priorem
1900 969 2058 1011 syllabam
2075 969 2220 1002 circum-

274 1020 450 1056 flectimus,
478 1025 513 1051 ut
534 1023 647 1060 meta,
679 1017 798 1053 Creta.
850 1020 920 1053 Ubi
947 1021 1001 1053 vel
1024 1021 1143 1052 ambae
1170 1020 1376 1064 productae,
1412 1021 1465 1053 vel
1490 1021 1655 1064 posterior
1680 1021 1807 1064 syllaba
1829 1020 1995 1064 producta
2021 1020 2139 1060 fuerit,
2166 1019 2221 1052 vel

276 1072 394 1103 ambae
419 1077 612 1114 correptae,
651 1081 808 1103 acuemus
832 1072 979 1115 priorem
1004 1072 1188 1115 syllabam,
1224 1072 1290 1104 sive
1315 1069 1391 1104 illa⁶
1418 1078 1573 1116 correpta
1596 1073 1714 1112 fuerit,
1750 1073 1817 1104 sive
1840 1071 2025 1115 pmducta,
2053 1076 2090 1104 ut
2110 1072 2220 1116 leges,

274 1133 399 1167 reges,
427 1133 549 1166 vapos,
576 1119 713 1154 bonus'.
766 1122 804 1154 lu
828 1121 1028 1166 trisyllabis*
1056 1128 1089 1155 et
1110 1123 1284 1166 deinceps,
1319 1124 1343 1156 si
1369 1125 1591 1168 paeneultima
1616 1129 1771 1167 correpta
1795 1123 1911 1161 fuerit,
1947 1134 2104 1156 acuemus
2126 1128 2221 1155 ante-

273 1173 550 1218 paeueultimam,
577 1178 612 1205 ut
640 1170 811 1212 Tulli1189,
836 1174 1015 1207 Hostilius.
1069 1174 1105 1207 Si
1125 1175 1349 1218 paeneultima
1371 1176 1536 1219 positione.
1558 1176 1660 1219 longa
1683 1175 1799 1213 fuerit,
1826 1175 1898 1217 ipsa
1920 1180 2056 1207 acuetur
2075 1178 2108 1206 et
2127 1179 2221 1206 ante-

274 1225 498 1269 paeneultima
516 1225 610 1269 gravi
628 1231 766 1258 accentu
784 1226 1074 1269 pronunciabitur,
1102 1232 1138 1258 ut
1157 1226 1318 1259 Catullus
1328 1223 1361 1267 ¹⁰,
1389 1226 1571 1267 M‘es’cllus,
1600 1227 1642 1258 ita
1659 1232 1787 1267 tamen,
1815 1226 1840 1257 si
1857 1226 2021 1269 positione
2039 1226 2142 1269 longa
2155 1236 2222 1258 non

277 1288 316 1309 ex
340 1282 431 1309 muta
457 1282 489 1309 et
513 1276 640 1319 liquida
665 1276 773 1309 fuerit.
827 1278 914 1310 Nam
937 1278 1078 1309 mutabit
1097 1282 1288 1317 accentum,
1316 1282 1352 1310 ut
1371 1277 1549 1317 latebrae,
1576 1277 1751 1311 tenchrae.
1805 1277 1841 1309 Si
1856 1277 1971 1309 ultima
1987 1277 2096 1309 brevis
2112 1277 2220 1316 fuerit,

275 1328 500 1371 paeneult'una
518 1339 597 1360 vero
614 1332 729 1360 natura
744 1328 858 1373 longa,
886 1329 1111 1373 paeneultima
1130 1329 1414 1369 circumflectitur,
1443 1336 1478 1361 ut
1499 1329 1687 1374 Cethegus,
1707 1325 1901 1373 pcrosusn.
1954 1329 1990 1361 Si
2005 1328 2119 1361 ultima
2135 1339 2222 1371 quo-

277 1391 342 1421 que
368 1385 480 1411 natura
506 1379 609 1424 longa
633 1375 780 1420 fuerit¹²‚
814 1381 1039 1424 paeneultima
1063 1386 1216 1421 acuetur,
1252 1386 1287 1412 ut
1311 1380 1491 1421 Athenae,
1519 1381 1704 1423 ‚Um-enac.
1759 1381 1795 1412 lu
1819 1380 1998 1423 conpositis
2022 1379 2222 1413 dictionibus

278 1442 360 1463 unus
379 1436 530 1464 accentus
547 1436 593 1463 est
608 1442 674 1463 non
687 1431 810 1471 minus,
838 1443 937 1474 quam
953 1432 985 1463 in
1005 1443 1067 1464 una
1086 1439 1182 1476 parte
1203 1432 1376 1472 orationis,
1405 1438 1440 1464 ut
1456 1433 1656 1464 malesanus
1666 1428 1705 1470 ¹³,
1734 1431 1945 1464 imm-caloci.

443 1482 475 1514 2.
528 1483 695 1515 Accentus
712 1482 744 1514 in
759 1483 895 1527 integris
911 1483 1111 1517 dictionibus
1128 1483 1357 1519 observanturz
1384 1484 1416 1515 in
1432 1484 1710 1516 interiectionibus
1726 1489 1757 1515 et
1770 1483 1802 1514 in
1819 1483 2002 1526 peregrinis
2018 1482 2125 1515 verbis
2140 1487 2172 1514 et
2188 1483 2222 1514 in

277 1533 423 1565 barbaris
438 1534 621 1566 nominibus
636 1534 716 1566 nulli
733 1534 814 1567 certi
831 1540 912 1566 sunt.
966 1535 1175 1567 Accentuum
1194 1535 1307 1580 legem
1322 1535 1375 1567 vel
1393 1535 1615 1580 distinguendi
1638 1535 1692 1567 vel
1715 1534 1957 1578 pronunciandi
1980 1534 2063 1566 ratio
2078 1533 2132 1565 vel
2155 1533 2223 1565 dis-

278 1585 463 1617 cernendae
483 1586 705 1629 ambiguitatis
722 1586 896 1618 necessitas
913 1598 1013 1629 saepe
1028 1587 1213 1618 conturbat.
1268 1587 1355 1619 Sane
1371 1587 1503 1620 Graeca
1518 1588 1619 1619 verba
1636 1586 1774 1619 Graecis
1797 1585 1985 1618 accentibus
1995 1581 2019 1602 ¹⁴
2046 1584 2222 1617 efferimus.

279 1636 316 1667 lu
334 1636 454 1667 Latinis
474 1647 580 1677 neque
591 1633 613 1652 ¹³
640 1643 753 1669 acutus
771 1643 926 1670 accentus
945 1638 977 1669 in
997 1638 1111 1670 ultima
1129 1637 1257 1680 syllaba
1277 1639 1359 1681 poni
1376 1644 1497 1682 potest,
1524 1638 1583 1670 nisi
1601 1637 1804 1670 discretionis
1825 1648 1932 1677 causa,
1960 1641 1996 1669 ut
2013 1637 2046 1669 in
2063 1636 2222 1669 adverbio

274 1683 415 1730 ponem,
441 1686 518 1717 ideo
543 1698 582 1718 ne
607 1688 745 1719 verbum
770 1694 907 1731 putetur
931 1689 1103 1732 imperativi
1127 1689 1238 1728 modi3
1270 1701 1378 1733 neque
1402 1690 1650 1730 circumflexus,
1677 1689 1737 1721 nisi
1755 1689 1787 1720 in
1803 1700 1841 1721 ea
1858 1688 2041 1733 particula,
2069 1699 2154 1731 quae
2177 1693 2224 1720 est

279 1748 376 1781 crgo.
2092 1738 2221 1785 [1742]

2091 1790 2222 1831 Gravis,

1317 1843 1555 1876 circumflexus
1571 1848 1648 1875 nota
1667 1843 1709 1875 de
1727 1848 1825 1875 acuto
1840 1847 1871 1875 et
1888 1841 1982 1886 gravi
1998 1841 2095 1881 faeta,
2116 1842 2177 1873 ita:
2203 1841 2223 1874 ⁸.

278 1890 400 1933 Longa
417 1890 502 1921 linea
512 1886 533 1905 ¹⁵
550 1901 568 1921 a
584 1890 709 1922 sinistra
728 1891 760 1922 in
777 1891 946 1923 dexteram
964 1899 1093 1935 partem
1114 1895 1295 1937 aequaliter
1314 1891 1456 1935 ductam,
1484 1895 1547 1926 ita:
1575 1911 1617 1926 —.
1660 1895 1776 1926 Brevis
1793 1893 1925 1937 virgula
1941 1892 2087 1925 similiter
2103 1894 2223 1934 iacens,

279 1941 337 1973 sed
356 1941 469 1984 panda
485 1946 518 1973 et
533 1938 780 1979 condacum-²⁰,
807 1943 867 1974 ita:
895 1961 926 1974 υ.
980 1943 1130 1987 Hyphen
1147 1946 1279 1991 virgula
1300 1946 1445 1979 subiecta
1462 1945 1578 1988 versui,
1607 1946 1668 1978 ita:
1695 1955 1780 1985 ὐ-ς
1806 1944 1873 1978 hac
1891 1948 1970 1977 nota
1989 1944 2101 1977 subter
2115 1944 2225 1988 posita

280 1992 348 2025 duo
363 1993 479 2034 verba,
507 2003 582 2025 cum
597 1993 642 2024 ita
660 2005 712 2025 res
729 1993 851 2037 exigit,
880 1994 1095 2038 copulamus,
1124 2001 1176 2029 ut:

1358 540 1573 576 Τοηὶε.

443 1787 476 1818 3.
529 1787 655 1819 Acutus
675 1794 827 1820 accentus
846 1794 892 1821 est
911 1795 989 1822 nota
1004 1803 1065 1835 per
1080 1792 1252 1834 obliquum
1269 1791 1449 1825 ascendens
1467 1792 1499 1824 in
1522 1791 1693 1824 dexteram
1715 1796 1861 1835 partem,
1887 1786 1983 1822 itan:
2010 1791 2037 1821 ‘.

279 1844 357 1871 nota
374 1850 392 1870 a
409 1850 538 1870 summo
557 1839 589 1870 in
609 1839 777 1871 dexteram
796 1846 922 1883 partem
942 1842 1155 1885 descendens,
1172 1844 1231 1875 ita:
1254 1842 1274 1874 ⁸.

364 2096 390 2130 1)
412 2095 570 2129 sexaginta
588 2099 613 2121 ct
631 2100 764 2132 quatuo]-
781 2094 808 2123 P.
833 2111 875 2117 —-
918 2098 944 2129 Q)
966 2096 1182 2133 amphibracho
1197 2098 1228 2126 P.
1271 2105 1297 2126 el
1313 2110 1340 2127 α.
1363 2099 1393 2128 Ρ.
1411 2114 1443 2120 --
1470 2096 1498 2136 6)
1516 2098 1595 2126 deest
1612 2097 1668 2124 illa
1684 2097 1762 2135 apud
1780 2096 1897 2125 Putsch.
1915 2113 1953 2118 —
1976 2098 2008 2134 7)
2023 2096 2118 2126 honos·
2133 2097 2165 2126 P.
2181 2112 2225 2120 ·—
2260 2094 2263 2127 i

279 2152 320 2159 —
344 2135 371 2174 3)
391 2137 457 2164 Post
469 2135 525 2164 hoc
542 2147 608 2164 voc.
625 2137 780 2165 intrudunt
797 2138 940 2166 editiones
958 2138 1044 2166 haec:
1070 2150 1155 2176 quem
1167 2151 1227 2167 me—
1272 2142 1304 2177 8)
1327 2142 1409 2169 addit
1422 2142 1452 2169 P.
1471 2140 1684 2178 tctt-aqillabis.
1710 2155 1750 2161 —-
1779 2139 1808 2179 9)
1832 2140 1952 2167 nullius
1968 2140 1998 2168 P.
2022 2156 2059 2161 —-
2098 2139 2141 2178 10)
2159 2140 2224 2168 Ca-

279 2180 349 2206 tric-i
365 2180 521 2214 izrfbrmem
540 2185 564 2206 e(
579 2181 767 2215 iucog‘nilmu
786 2179 935 2210 [mlivanl.
961 2181 1031 2209 Cod.
1047 2182 1146 2209 cadem
1163 2187 1229 2220 post
1270 2184 1362 2211 tellus
1384 2185 1414 2212 P.
1446 2200 1483 2205 —-
1537 2186 1584 2220 11)
1607 2185 1740 2210 Berosus
1763 2182 1793 2210 P.
1823 2198 1865 2205 —-
1914 2182 1963 2217 12)
1985 2187 2101 2210 natura
2121 2183 2223 2219 fuerit

279 2223 476 2259 v.p‹crli111u1·
493 2221 589 2257 addit,
613 2222 662 2249 scd
676 2233 729 2260 pro
748 2224 945 2259 incugvziltlnb
970 2223 1158 2251 incomlitmn
1177 2224 1229 2252 lia·
1272 2226 1364 2263 longa
1381 2227 1412 2256 P.
1436 2243 1479 2249 —
1521 2227 1564 2263 13)
1589 2227 1619 2252 in
1636 2235 1698 2252 ιιηα
1714 2230 1802 2262 purte
1819 2224 1978 2261 ‹lic-lionis,
2007 2230 2040 2252 ut
2058 2224 2225 2252 hene-vanus
2261 2244 2263 2248 .

279 2264 337 2292 bet.
370 2264 429 2301 Ego
443 2268 477 2291 ut
492 2264 585 2292 serius
599 2264 834 2292 additamentum
849 2266 930 2300 eieci,
956 2266 1116 2304 locumque
1134 2271 1229 2295 totum
1272 2268 1303 2296 P.
1327 2284 1369 2289 ——
1399 2269 1442 2303 14)
1461 2268 1544 2296 addit
1560 2268 1588 2296 P.
1604 2268 1722 2296 melius.
1744 2283 1786 2289 —
1819 2270 1860 2302 15)
1877 2277 2034 2305 nunquam
2050 2267 2080 2297 P.
2105 2282 2147 2288 —
2176 2264 2223 2307 16)
2256 2269 2261 2297 ἕ

279 2306 389 2335 rectius
403 2306 535 2335 distinxi.
582 2307 735 2335 Consentit
749 2318 863 2335 mecum
880 2309 1044 2336 Priscianus
1060 2309 1088 2336 in
1101 2309 1177 2337 libro
1194 2309 1230 2337 de

280 2348 365 2386 figur.
382 2358 529 2377 numeror.
553 2359 579 2376 c.
595 2352 627 2384 6,
658 2350 709 2377 ubi
731 2350 819 2378 verba
843 2350 896 2378 ista
917 2351 1019 2379 itidem
1041 2352 1227 2381 omittuntur.

284 2407 320 2412 -—
347 2392 584 2429 &penultimum
595 2398 618 2418 tl
631 2393 900 2430 cmlepenultimmn
919 2394 949 2422 P.
995 2394 1092 2431 Atque
1102 2394 1141 2421 itu
1151 2404 1230 2432 quo-

283 2443 338 2471 que
352 2434 452 2472 paullo
470 2439 549 2473 post.
575 2451 609 2456 —
647 2438 673 2468 5)
695 2441 768 2463 lem-l
785 2435 873 2473 apud
887 2437 1018 2464 Latinos
1028 2437 1230 2474 pcnallimmn

1275 2309 1504 2347 Diligentissime
1523 2310 1642 2338 enotavi
1660 2310 1740 2348 signa
1762 2309 1834 2337 llaec
1855 2309 2043 2347 grammatica
2064 2319 2101 2337 ex
2116 2308 2224 2337 Codice
2256 2303 2261 2334 i

1274 2353 1496 2381 accuratissime
1511 2353 1634 2391 scripto.
1658 2369 1699 2375 —
1745 2351 1787 2391 17)
1811 2353 1859 2380 Ila
1878 2351 1928 2380 hic
1951 2356 1979 2380 et
1995 2351 2027 2379 in
2044 2361 2124 2389 seqq.
2143 2351 2225 2380 deest

2254 2356 2261 2389 {k

1274 2394 1354 2432 apud
1369 2395 1399 2424 P,
1423 2412 1465 2417 —
1508 2395 1554 2429 18)
1577 2397 1705 2431 Longas
1727 2400 1767 2422 esi
1792 2395 1872 2422 [ὤεα
1890 2395 1920 2422 P.
1943 2409 1983 2416 —-
2028 2395 2072 2429 19)
2096 2393 2127 2424 h.
2143 2394 2162 2422 1.
2178 2395 2225 2421 ita
2252 2410 2257 2430 q

1274 2436 1355 2465 deest
1377 2438 1407 2465 in
1431 2437 1501 2467 Cod.
1522 2452 1564 2459 —

1616 2441 1660 2474 ΞΟ)
1684 2436 1796 2465 Panda
1820 2447 1839 2463 α
1862 2436 2011 2475 superiori
2032 2441 2059 2463 et
2082 2447 2105 2464 c.
2127 2436 2159 2465 P.
2184 2452 2221 2457 ——
2252 2445 2256 2484 ἒ
