2263 2668
556 146 621 180 DE
647 144 1038 181 SIGNIFICATIONE
1065 144 1350 180 VERBORUM.
1403 148 1548 183 LIBER
1574 149 1617 185 11.
1989 151 2063 186 345

112 241 206 269 rium:
227 237 372 275 Burrum,
395 237 529 278 πυρῤόν,
552 238 676 276 ξανθόν.
702 239 802 269 Scal.
839 240 897 269 Pro
921 237 1024 267 burrus
1046 248 1133 276 saepe
1156 239 1323 268 scribebant
1346 240 1454 281 byrrus.
1492 242 1625 271 Servius:
1657 240 1783 281 Pyrrhus
1804 253 1822 270 a
1845 240 1942 271 colore
1963 254 2064 274 comae

112 284 156 311 sic
179 280 293 318 dictus,
331 282 382 321 qui
400 281 510 310 Latine
540 281 642 323 byrrus
674 281 790 312 dicitur.
834 282 883 311 Sic
907 281 1047 321 Πυρῤίας
1076 291 1183 309 nomen
1210 283 1367 320 proprium
1398 285 1480 323 apud
1503 285 1622 314 Latinos
1651 289 1766 313 veteres
1790 285 1916 314 comicos
1938 285 2064 326 Byrrias

113 324 233 353 dicitur.
279 323 326 351 Sic
356 334 447 361 genus
477 326 545 363 equi
575 325 722 354 brevioris
752 336 767 353 a
798 326 897 354 colore
919 323 1026 352 Graeci
1054 324 1220 364 πυῤῥίχον,
1252 325 1348 353 Latini
1377 325 1542 356 burriclzum
1574 327 1772 366 appellarunt.
1816 327 1899 356 Unde
1927 334 2063 359 nostrum

115 366 277 407 bourrique.
301 366 390 396 Dae.
436 367 510 396 Vide
533 377 623 406 supra
646 368 676 396 in
696 366 857 398 Balaenae.
905 365 1010 395 Goth.

278 407 507 439 Basiliscus.
553 410 626 438 Plin.
648 410 700 438 lib.
714 410 796 447 VIII,
820 413 870 442 21.
908 406 1020 437 Eadem
1042 415 1068 436 et
1092 406 1223 437 basilisci
1247 411 1384 449 serpentis
1406 419 1446 440 est
1468 412 1520 440 vis.
1565 409 1725 451 Cyrenaica
1748 411 1825 441 bunc
1848 419 1965 451 generat
1985 425 2063 452 pro-

113 451 227 487 vincia,
262 449 414 480 duodecim
438 463 495 480 non
518 451 646 492 amplius
669 451 826 491 digitorum
850 449 1065 491 magnitudine,
1101 449 1231 479 cantlitla
1253 452 1284 479 in
1308 453 1401 491 capite
1423 453 1557 490 macula,
1592 461 1622 482 ut
1645 452 1773 494 quodam
1797 453 1963 483 diademate
1985 457 2064 484 insi-

110 505 205 533 gnem.
236 491 332 521 Sibilo
356 505 452 522 omnes
466 493 563 535 fugat
585 502 734 535 serpentes.
762 494 834 523 Vide
858 495 949 522 Solin-
973 495 1062 524 c.20.
1086 491 1171 521 Alba
1194 494 1278 533 quasi
1301 494 1421 523 mitrula
1444 495 1567 525 lineatus
1591 503 1687 536 caput.
1710 496 1798 526 Dac.
1831 495 1889 525 Tsel
1910 496 1990 536 quoti
2013 510 2063 526 re—

114 534 206 575 liqua,
237 536 354 563 Festum
377 537 513 574 sequitur
535 537 641 568 Isidos,
663 538 693 565 in
716 538 839 575 originn,
862 537 914 565 lib,
929 540 978 567 11.
1008 533 1173 564 Basiliscus
1193 534 1319 573 Graece,
1342 536 1451 566 Latine
1472 539 1676 578 interpretatur
1698 537 1828 578 regulus,
1852 551 1883 568 eo
1907 539 1986 578 quocl
2010 552 2064 569 rex·

113 578 302 617 serpentium,
327 576 400 607 acleo
423 586 453 607 ut
476 591 537 608 eum
561 578 688 608 videntes
700 578 845 621 fugiant,
868 580 937 620 quia
960 577 1078 620 olfactu
1100 588 1152 606 suo
1175 589 1222 606 eos
1245 586 1337 608 necat.
1373 579 1425 609 Da
1436 591 1460 609 c.

279 618 544 651 Barbaricum.
588 622 676 651 lIunc
700 622 859 652 clamorem
882 621 1022 650 barritum
1048 621 1137 649 etiam
1159 626 1276 650 vocant.
1308 621 1408 659 Veget.
1431 622 1542 652 lib.iIi.
1576 621 1711 659 Clamor,
1735 634 1817 663 quem
1842 621 1982 653 bar-ritum
2005 636 2063 654 vo—

115 668 183 691 cant
206 672 263 689 non
281 662 363 700 prius
386 661 466 692 debet
489 663 644 701 exaudiri,
675 675 764 705 quam
786 666 863 694 acies
885 672 1007 704 utraque
1027 675 1056 692 se
1078 664 1217 693 iunxerit.
1247 663 1336 692 Dae.
1375 665 1442 693 Alio
1465 665 1629 703 significatu
1647 664 1841 694 Barbaricum
1866 665 1896 694 in
1919 667 1982 695 iure
2006 678 2063 695 su-

114 704 215 735 mitur.
248 704 321 732 Nam
344 705 532 735 barbaricum
555 707 584 735 in
606 707 626 735 l.
642 710 669 739 1.
687 707 759 737 cod.
777 718 851 746 quae
869 718 917 736 res
934 706 1093 745 exportari.
1112 706 1131 734 l.
1144 709 1174 738 2.
1195 705 1266 734 Cod.
1282 706 1318 734 de
1336 709 1536 744 commerciis3
1558 718 1609 736 seu
1623 705 1827 747 βαρβαρικόν,
1852 710 1902 740 19.
1919 709 2060 746 Eclog.1.

115 748 204 777 c.73.
228 747 388 776 Barbarum
413 749 508 778 solum
531 761 565 777 ac
587 750 704 778 minime
727 751 900 780 Romanum.
927 749 958 777 in
979 750 1000 778 l.
1014 751 1044 780 2.
1069 749 1141 778 Cod.
1163 748 1199 776 de
1223 749 1384 778 Eunuchis.
1414 750 1499 778 Natio
1521 751 1646 779 barbara
1669 751 1699 779 in
1718 751 1736 780 l.
1759 750 1844 778 unica
1869 751 1904 780 de
1926 752 2063 780 littorum

115 793 143 818 et
163 788 303 818 itinerum
327 791 469 820 custodia.
507 792 681 821 Ammianus
702 795 750 824 18.
773 795 851 822 visus
873 794 903 822 in
925 790 1091 821 Barbarico
1114 790 1205 820 miles.
1252 789 1357 820 Goth.

280 831 403 862 Breve.
450 835 474 862 A
497 834 609 875 βραχύ,
642 840 757 864 mutato
779 848 796 875 χ
817 836 847 864 in
869 848 906 872 v,
938 839 971 863 ut
992 835 1024 862 in
1046 831 1176 873 μαλάχη,
1202 834 1308 863 malva.
1356 834 1442 864 Dac.

279 873 420 905 Brutia
430 889 447 905 n
457 878 475 906 ἱ.
523 878 676 907 videndus
692 878 823 915 Gell.X‚
846 880 876 909 3.
899 877 987 906 Ant.
1003 875 1095 916 Aug.
1126 876 1274 905 Brettiani
1296 882 1373 907 esset
1395 876 1568 915 legendum,
1592 878 1660 915 quia
1684 887 1698 905 a
1721 876 1843 905 Bruttiis
1868 887 1940 915 quos
1957 878 2063 907 Graeci

115 915 271 953 Βρεττίους
293 924 418 955 vocant,
451 920 572 948 ductum
597 926 641 950 est
663 931 779 949 nomen.
801 921 863 949 Nec
886 920 973 949 aliter
993 918 1108 948 habent
1129 919 1210 948 MSS.
1235 919 1326 955 Livii,
1351 930 1439 958 quain
1464 919 1577 949 Brettii,
1603 919 1653 948 Fu
1664 918 1682 948 l.
1712 919 1786 947 Urs.
1832 919 1988 957 Eleganter
2011 931 2062 950 ve-

113 963 162 987 tus
186 958 383 994 Glossarium3
414 961 568 999 Brutiani,
598 964 628 994 οἰ
649 962 788 999 δουλικᾶς
809 961 904 1000 τάξεις
927 963 1149 1002 χρεωστοῦντες.
1187 962 1252 990 Non
1276 962 1353 991 enim
1376 967 1464 991 vocat
1488 960 1624 997 δούλους.
1665 962 1719 989 Eos
1738 962 1910 999 Fulgentius
1935 964 1974 991 ait
2000 962 2064 992 Ge-

113 1011 197 1029 rones
220 1001 326 1031 dictos.
359 1002 568 1044 Gangem-ones,
592 1006 704 1044 inquit,
729 1007 780 1046 qui
802 1005 899 1034 aliena
923 1004 962 1034 acl
984 1017 1014 1033 se
1035 1012 1222 1044 congregant.
1255 1003 1338 1033 Unde
1360 1004 1441 1044 apud
1456 1004 1611 1033 Romanos
1637 1002 1795 1032 Ger-ones
1818 1003 1959 1033 Brutiani
1981 1004 2062 1035 dicti.

114 1042 205 1078 Quod
227 1053 330 1074 verum
354 1051 405 1076 est.
440 1048 512 1076 Nam
539 1046 662 1077 Gerones
685 1054 754 1078 sunt
776 1049 931 1089 χειρισταί,
954 1050 1137 1088 πρηκτῆρες,
1159 1052 1193 1076 ut
1215 1052 1319 1076 auctor
1344 1047 1488 1076 Glossarii
1513 1048 1610 1076 docet.
1648 1047 1733 1085 Apud
1756 1047 1894 1075 Plautum
1917 1052 1986 1076 sunt
2007 1060 2064 1087 ge—

114 1084 188 1122 ruli,
211 1086 242 1115 in
265 1087 448 1118 Truculento
472 1091 528 1127 (ΙΙ,
553 1094 584 1122 7.
607 1090 701 1131 inim:

479 1127 483 1130 .
607 1133 651 1163 Ite
673 1133 730 1164 bac
751 1132 841 1163 simul
861 1132 934 1163 muli
955 1134 1046 1171 aeris,
1078 1131 1289 1173 damnigeruli‚
1316 1132 1529 1175 forasgerones

605 1176 758 1206 Bonorum
780 1176 1017 1215 hamaxagogae.

115 1213 213 1252 Atque
235 1213 308 1245 haec
332 1221 377 1245 est
398 1218 493 1255 prima
518 1218 687 1248 coniectura
712 1225 813 1248 nostra
835 1219 871 1247 de
892 1218 1042 1247 Brutianis
1065 1217 1234 1256 geronibus.
1271 1217 1329 1246 Sed
1353 1222 1385 1246 ut
1408 1217 1529 1255 Ingenue
1553 1217 1712 1253 fateamur,
1736 1222 1875 1254 putamus
1898 1217 1995 1255 potius
2019 1216 2062 1245 di-

115 1261 195 1293 ctos,
221 1258 289 1295 quia
312 1269 433 1296 gerones
455 1261 623 1290 litterarum
648 1267 677 1290 et
697 1262 813 1301 publici
837 1272 972 1290 cursores
996 1266 1086 1292 erant.
1124 1261 1231 1290 Strabo
1255 1259 1318 1299 (lib.
1332 1260 1365 1290 V.
1388 1259 1435 1288 fin.
1459 1271 1487 1299 p.
1500 1260 1603 1296 251.):
1638 1261 1694 1288 τῶν
1717 1259 1747 1289 (δὲ
1773 1261 1926 1289 Πικεντῶν
1949 1257 2065 1299 ὑπῆρχε

112 1296 295 1349 μητρόπολις
321 1304 474 1333 Πικεντία.
522 1304 605 1334 Νυνὶ
634 1303 665 1334 δὲ
694 1301 836 1344 κωμηδὸν
864 1306 953 1340 ζῶσιν
982 1300 1172 1339 ἆπωσθέντες
1200 1300 1260 1333 ὑπὸ
1284 1301 1434 1342 Ῥωμαίων
1465 1300 1513 1333 διὰ
1543 1301 1598 1340 τήν
1626 1298 1702 1341 notis
1727 1299 1865 1341 Ἀννίβαν
1893 1302 2064 1332 κοινωνίαν.

114 1341 190 1372 Αντὶ
213 1343 243 1373 δὲ
267 1345 417 1381 στρατείας
438 1343 659 1386 ἦμεροόρομεῖν
681 1347 731 1377 καὶ
753 1350 1020 1387 γραμματοφορεῖν
1044 1344 1266 1386 οἷπεδείχθησαν
1289 1346 1319 1376 ἐν
1343 1348 1384 1386 τῷ
1406 1343 1469 1375 τότε
1494 1344 1647 1383 δημοσίῳ,
1676 1341 1814 1383 καθάπερ
1838 1344 1886 1373 καὶ
1911 1344 2065 1374 Λευκανοὶ

113 1384 162 1415 καὶ
183 1386 316 1425 Βρέττιοι
338 1387 411 1418 κατὰ
434 1388 487 1424 frig
509 1387 600 1425 αὑτάς
623 1391 726 1425 αἰτίας.
753 1388 854 1418 Scal.
887 1389 960 1418 Vide
979 1387 1140 1428 Bilingues.
1178 1388 1267 1424 Quod
1290 1399 1320 1417 se
1343 1388 1482 1416 Annibali
1507 1388 1672 1423 dedissent,
1697 1387 1752 1415 hoc
1774 1397 1886 1425 poenae
1910 1386 1943 1414 iis
1966 1398 1982 1414 a
2008 1387 2066 1414 Ro-

114 1427 206 1456 manis
229 1430 415 1468 impositum,
450 1436 481 1460 ut
505 1442 640 1461 cursores
664 1437 761 1461 essent
791 1437 819 1460 et
840 1431 996 1460 tabellarii.
1040 1431 1114 1460 Vide
1139 1431 1212 1460 Gell.
1229 1432 1272 1467 X,
1296 1431 1326 1462 4.
1352 1436 1379 1458 et
1402 1430 1498 1460 Slrsb.
1522 1435 1654 1458 extremo
1679 1429 1791 1465 lib.V.‚
1824 1429 1873 1467 qui
1897 1439 1955 1457 non
1979 1430 2065 1457 Brut-

113 1470 162 1499 tiis
185 1476 315 1510 tantuin,
339 1473 389 1502 sed
404 1474 563 1503 Picentinis
588 1475 675 1504 etiam
698 1480 727 1504 et
750 1475 877 1503 Lucanis
901 1475 1011 1503 sactum
1033 1474 1134 1504 tradit.
1171 1474 1241 1502 Inde
1265 1473 1350 1502 etiam
1374 1472 1486 1501 Bruttii
1505 1484 1625 1512 gerones
1647 1472 1726 1510 apud
1742 1472 1936 1509 Fulgentium.
1973 1473 2064 1500 Porro

114 1513 149 1542 ab
174 1515 285 1543 ultimis
310 1525 403 1553 usque
426 1518 535 1546 seculis
559 1518 722 1547 victoribus
746 1517 771 1545 is
795 1528 857 1545 mos
881 1517 951 1552 suit,
982 1521 1016 1544 ut
1038 1521 1139 1554 gentes
1162 1516 1309 1552 devictas,
1341 1526 1415 1554 quas
1439 1516 1556 1554 penitus
1580 1515 1696 1543 nollent
1719 1514 1907 1550 exscindere,
1937 1514 1973 1542 ad
1995 1514 2066 1542 vilia

114 1557 235 1586 servitia
266 1557 425 1594 adigerent.
469 1560 518 1588 Sic
546 1561 631 1589 Iosue
655 1560 854 1596 Gubaonstzw,
891 1569 965 1597 quos
990 1559 1088 1588 delere
1111 1559 1136 1587 ei
1160 1558 1239 1587 nefas
1263 1563 1325 1587 erat
1347 1563 1473 1597 propter
1496 1562 1727 1593 sacramentum,
1766 1562 1924 1595 aquatores
1947 1557 2015 1585 fecit
2038 1561 2066 1585 et

112 1599 262 1638 lignarios.
306 1600 394 1630 Dac.

279 1641 425 1673 Bruma.
473 1644 495 1672 A
518 1644 661 1673 brevitate
685 1644 810 1673 dicrum.
844 1644 891 1672 Sic
914 1643 1006 1682 igitur
1029 1642 1164 1671 ducenda
1188 1643 1379 1681 etymologia:
1402 1642 1611 1677 BrevissimuS,
1636 1640 1793 1677 brevimus,
1818 1640 1961 1678 brevima,
1987 1640 2065 1669 breu-

115 1694 178 1719 ma,
203 1682 314 1712 bruma.
360 1686 454 1714 Varro
476 1686 528 1716 lib.
543 1687 576 1716 V.
602 1688 638 1715 de
661 1687 692 1716 L,
716 1687 746 1715 L.
769 1686 836 1726 (VI,
860 1697 888 1725 p.
902 1688 971 1717 190.
995 1683 1076 1726 Sp.):
1100 1685 1191 1714 Dicta
1216 1685 1334 1722 bruma,
1358 1683 1438 1725 quod
1461 1683 1643 1712 brevissimus
1667 1682 1726 1711 dies
1749 1690 1797 1712 est.
1823 1683 1909 1712 Dac.
1954 1682 2066 1711 Bruma

117 1737 132 1754 a
157 1727 295 1765 Βροῦμος
319 1726 336 1757 i.
360 1737 384 1757 e.
410 1726 555 1768 Βρόμιος,
594 1729 743 1765 Bacchus,
775 1729 952 1758 descendere
981 1728 1100 1757 videtur
1123 1728 1270 1766 Scaligero
1299 1728 1329 1755 in
1352 1727 1554 1756 Coniectaneis
1577 1736 1644 1764 pag.
1660 1728 1730 1757 166.
1756 1726 1835 1764 quod
1857 1726 1909 1754 illo
1932 1731 2065 1764 tempore

114 1768 200 1798 Festa
220 1768 341 1800 Bacchi,

279 1810 442 1844 Brutum.
490 1813 589 1842 Horat.
629 1813 693 1851 Quo
717 1813 802 1842 bruta
824 1812 917 1843 tellus.
954 1813 1064 1851 Estque
1088 1823 1125 1841 ex
1143 1813 1339 1841 Etruscorum
1362 1811 1508 1839 librorum
1532 1810 1687 1847 doctrina,
1719 1810 1748 1838 in
1773 1810 1880 1848 quibus
1904 1810 1990 1838 etiam
2015 1819 2065 1837 eo-

116 1853 181 1882 dem
205 1853 292 1882 modo
318 1853 402 1884 bruta
414 1854 552 1897 fulmina
577 1857 761 1885 dicebantur.
790 1855 890 1885 Scal.
935 1856 994 1884 Sed
1016 1861 1044 1884 et
1067 1854 1180 1884 brutum
1204 1855 1295 1884 hebes
1319 1859 1345 1882 et
1369 1854 1508 1882 obtusum
1530 1853 1637 1881 Nonio.
1662 1853 1805 1891 (pag.77.
1829 1851 1931 1891 Mero.)
1961 1850 2064 1880 Goth.

115 1896 262 1934 Scaligero
287 1896 386 1926 brutus
409 1911 424 1927 a
448 1897 571 1938 βροτός,
594 1900 658 1928 aliis
682 1910 697 1927 a
722 1896 845 1938 βρωτός.
879 1899 969 1926 Nobis
994 1898 1183 1926 coniunctum
1206 1898 1329 1926 videtur
1350 1907 1416 1925 cum
1441 1897 1553 1924 Graeco
1578 1893 1658 1934 βλάξ.

279 1938 493 1972 Brachium.
538 1942 577 1970 Os
602 1942 637 1970 ab
661 1941 785 1970 humero
810 1941 846 1970 ad
871 1941 1013 1971 cubitum.
1061 1941 1183 1968 Graecis
1208 1941 1339 1980 βραχίων
1362 1950 1377 1966 a
1401 1935 1513 1977 βραχύ,
1552 1938 1632 1976 quod
1656 1937 1748 1965 breve
1771 1937 1826 1972 Sit,
1860 1937 1882 1964 Si
1907 1946 1975 1964 cum
1999 1945 2064 1963 0558

116 1980 236 2009 semoris
260 1982 440 2013 conteratur.
463 1983 551 2012 Dac.
582 1984 749 2020 Breviores,
773 1984 920 2013 breviora.
948 1982 1054 2012 Goth.
1087 1982 1113 2010 A
1131 1983 1279 2011 sanserita
1303 1992 1376 2010 voce
1400 1980 1477 2009 tutha
1499 1980 1561 2009 sive
1583 1980 1675 2017 υιῗῆιι,
1699 1989 1774 2018 quae
1798 1977 1947 2008 brachium
1971 1978 2063 2016 signi-

114 2023 200 2060 ficut,
230 2023 382 2054 descendit
403 2028 513 2065 πῆχυς,
545 2038 560 2054 a
584 2038 642 2065 quo
665 2027 795 2066 βραχίων
819 2031 848 2055 et
871 2025 1021 2055 brachium
1047 2035 1114 2053 cum
1137 2025 1196 2053 levi
1218 2025 1361 2053 varietate
1385 2023 1545 2052 detortum.

281 2066 472 2098 Brassica.
518 2069 542 2096 A
562 2080 634 2108 prae
656 2074 684 2097 ct
705 2080 786 2103 seco,
820 2080 839 2108 p
864 2073 976 2097 mutato
1000 2069 1029 2095 in
1055 2067 1088 2103 b,
1127 2072 1155 2096 et
1177 2079 1191 2095 e
1213 2067 1242 2095 in
1265 2068 1284 2097 i.
1330 2066 1422 2094 Varro
1446 2065 1559 2095 1ib.1V.
1585 2065 1620 2093 de
1645 2065 1676 2092 L.
1697 2064 1727 2094 L.
1757 2061 1810 2103 (V.
1834 2073 1862 2101 p.
1877 2065 1947 2094 106.
1973 2063 2061 2101 Sp.):

113 2108 254 2138 Brassica
277 2117 308 2138 ut
329 2122 483 2149 praeseca7
519 2110 598 2150 quod
625 2123 664 2140 ea·
694 2110 778 2139 huius
806 2122 893 2150 scapo
922 2111 1087 2138 minutatim
1114 2117 1308 2149 praesecatur.
1342 2109 1429 2138 Dac.
1476 2108 1518 2136 Cf.
1542 2108 1618 2136 Scal.
1641 2107 1670 2135 in
1694 2105 1889 2134 coniectaneis
1912 2115 1976 2144 pag.
1991 2107 2060 2136 166.

114 2152 165 2189 qui
188 2152 275 2181 docet
299 2151 458 2182 brassicam
481 2153 541 2182 dici
564 2165 579 2181 a
604 2154 718 2182 Graeco
742 2151 890 2193 πρασική,
928 2152 1006 2190 quod
1030 2153 1069 2180 sit
1091 2151 1285 2180 hortulanum
1308 2151 1382 2180 olus.
1427 2151 1499 2179 Nam
1529 2147 1640 2187 πρασιᾶ
1667 2152 1752 2177 notat
1777 2148 1906 2176 areolam
1932 2147 2061 2176 horten-

114 2205 189 2231 sem,
213 2195 290 2223 unde
314 2199 343 2223 et
363 2203 481 2234 pratum
505 2206 612 2225 nomen
636 2196 759 2234 accepit.
804 2195 985 2234 Hesychius:
1019 2191 1156 2233 Βρᾶσκη,
1184 2193 1317 2234 κράμβη,
1341 2192 1507 2224 Ἰταλιῶται.
1555 2191 1657 2221 Voss.
1681 2192 1716 2220 in
1740 2189 1854 2230 Etym.

279 2237 506 2267 Bruttianae
526 2249 686 2277 parmae.
730 2237 804 2266 Vide
827 2236 982 2266 Parmulis.
1031 2237 1116 2266 Dae.
2033 2272 2038 2277 .

278 2278 475 2309 Bubinare.
522 2281 644 2309 Glossae
663 2280 782 2309 isidoti:
817 2280 978 2315 Buvinare,
1010 2281 1149 2318 sanguine
1170 2280 1322 2320 inquinare
1342 2277 1471 2307 mulieris
1493 2283 1694 2306 menstruatae.
1738 2275 1863 2304 Versum
1888 2274 1990 2302 Luc11n
2017 2282 2057 2300 sic

112 2322 227 2361 legebat
247 2321 352 2351 Franc.
373 2323 488 2352 Douza:

649 2364 735 2394 ,Haec
758 2372 784 2393 te
805 2363 983 2401 imbubinat,
1012 2371 1037 2392 et
1061 2371 1163 2393 contra
1187 2371 1212 2392 te
1233 2362 1399 2392 imbulhirat
1421 2361 1478 2391 ille.
1845 2399 1872 2405 ..

113 2407 184 2436 Vel:
224 2407 266 2436 Te
294 2406 461 2437 imbulbitat
489 2407 601 2452 infans.
646 2407 834 2436 linbulbitare
864 2412 962 2436 autem
992 2411 1036 2436 est
1061 2407 1167 2445 quovis
1192 2411 1321 2435 stercore
1344 2404 1514 2444 inquinare,
1550 2414 1609 2432 non
1630 2407 1744 2431 tantum
1768 2399 1882 2438 puerili-

159 2459 324 2488 GRAMMAT.
346 2470 414 2488 mr.
437 2458 470 2487 ΙΙ.
1580 2455 1611 2487 Χ
1626 2466 1646 2486 x

1926 2395 1981 2424 Sed
2005 2393 2051 2421 hie
