2263 2668
508 79 572 112 DE
598 77 987 113 SIGNIFICATIONE
1014 78 1297 114 VERBORUM.
1356 81 1500 115 LIBER
1525 81 1617 116 XIII.

93 167 295 203 Obacerbat
324 171 510 204 exacerbat.

1964 86 2036 120 113

92 218 377 255 oblucuviasse³⁵
399 222 556 257 dicebant
582 224 707 268 antiqui
733 229 844 257 mente
871 234 1011 264 errasse,
1054 225 1147 267 quasi
1172 226 1204 258 in
1232 226 1310 260 luco
1321 222 1346 243 ³⁸
1365 226 1507 259 deorum
1533 227 1632 261 alicui
1659 228 1847 261 occurrisse.

92 270 303 307 oboedir-effi
326 273 498 308 obaudire.

92 322 293 370 01)]18νίνί3ὅ
315 331 515 370 exspectare.

92 376 276 410 Obtrectat
286 373 310 393 ³⁹
334 382 449 410 contra
475 376 670 411 sententiam
696 382 825 410 tractat.

92 428 224 462 Obtutu
250 429 342 471 quasi
370 429 499 462 obtuitu
525 441 544 461 a
571 429 674 460 verbo
701 425 823 469 tuor⁴⁰,
858 427 951 472 quod
962 425 986 445 ⁴¹
1007 428 1173 473 significat
1199 428 1308 464 video.

92 479 181 526 Opis
207 480 296 513 dicta
323 486 370 513 est
397 475 573 513 coniunx⁴²
593 479 741 521 Saturni,
788 491 850 524 per
876 491 975 523 quam
1006 480 1181 512 voluerunt
1214 485 1336 513 terram
1363 480 1568 525 significare,
1615 484 1694 526 quia
1722 495 1836 518 omnes
1864 496 1946 531 opes
1972 486 2038 521 hu—

191 542 289 564 mano
317 532 434 576 generi
460 537 547 564 terra
574 531 706 571 tribuit,
741 531 830 564 unde
857 537 889 564 et
916 531 1066 575 opulenti
1091 532 1299 564 terrestribus
1309 528 1334 548 4³
1354 529 1473 565 rebus⁴¹
1508 533 1654 578 copiosi,
1690 541 1722 569 et
1749 535 1877 570 hostiae
1904 539 2038 582 opimae

190 583 373 628 praecipue
400 584 560 628 pingues,
603 588 635 615 et
663 583 776 627 opima
804 579 1017 628 magnifica&
1040 588 1073 616 et
1099 583 1214 627 ampla
1240 583 1357 627 spolia.

93 635 246 669 Obscum
256 632 280 651 ⁴⁸³
301 635 421 668 dicitur
446 635 633 680 significare
661 646 809 675 sacrum,
840 635 927 668 unde
954 640 987 668 et
997 631 1021 651 ⁴⁷
1041 635 1135 679 leges
1163 630 1351 668 οὸεοὶἰαε48
1373 634 1408 667 id
1436 640 1484 668 est
1510 641 1664 670 sacratae.

92 686 243 732 Opicum
270 698 406 730 quoque
432 687 613 719 invenimus
640 697 703 730 pro
732 686 833 719 Osco.

92 840 244 874 Obinunt
273 841 407 874 obeunt.

92 891 256 937 obigitat
280 898 355 925 ante
383 892 504 937 agitat,
545 897 578 925 ut
605 892 809 925 obambulat.

92 943 272 977 Obiurare
298 944 509 977 iureiurando
537 940 788 989 obstringereffl.

92 995 198 1029 Obitu
225 995 382 1029 dicebant
409 1007 471 1040 pro
500 995 601 1028 aditu.

93 1046 293 1092 Opiparum
320 1059 516 1093 magnarum
543 1058 647 1091 opum
658 1043 682 1064 ⁵²
702 1051 911 1091 apparatum.

93 1098 241 1132 Obescet
267 1099 391 1140 oberit,
428 1099 481 1131 vel
509 1098 624 1133 aderit.

93 1149 338 1198 Offerumenta
348 1146 374 1167 ⁵³
397 1150 571 1189 dicebant,
609 1161 696 1193 quae
723 1149 920 1182 offerebant.

93 1202 292 1236 Obsecrare
319 1206 366 1234 est
393 1213 493 1247 opem
521 1213 540 1234 a
567 1202 665 1235 sacris
691 1206 817 1246 petere.

93 1253 228 1287 Obesas
253 1252 405 1298 pinguis,
440 1253 533 1296 quasi
560 1254 605 1286 ob
633 1252 800 1286 edendum
828 1252 943 1286 factus.

93 1305 243 1350 Opertat
253 1301 278 1322 ⁵⁴
299 1316 400 1348 saepe
427 1305 544 1349 operit.

93 1356 271 1390 Obnoxius
296 1367 427 1401 poenae
453 1356 620 1402 obligatus
648 1356 692 1389 ob
718 1354 886 1390 delictum.

90 1403 243 1454 Opillo⁵⁵
264 1419 370 1453 genus
394 1408 471 1442 avis.

895 686 991 720 Oscis
1018 687 1104 719 enim
1132 686 1413 730 frequentissimus
1440 687 1501 719 fuit
1529 699 1604 721 usus
1631 689 1804 723 libidinum
1832 700 2038 735 spurcarum,

192 738 280 772 unde
308 744 341 771 et
367 739 470 771 verba
495 738 703 782 impudentia
730 738 943 782 appellantur
970 739 1122 771 obscena.

464 785 612 823 Οόεοε49
636 793 669 822 et
698 789 819 823 l‘olsce
837 789 1073 835 fabulantur,
1108 801 1191 823 nam
1217 790 1345 823 Latine
1371 789 1512 823 nesciun

1175 738 1356 771 Titinnius:

1513 793 1525 822 t
1536 785 1570 824 ⁵⁰.

91 1459 292 1505 Opunculo,
333 1459 424 1503 quod
453 1458 609 1504 opilionis
637 1469 742 1502 genus
769 1463 884 1491 cantus
912 1454 1122 1491 imitanturf’fi.

91 1508 303 1557 Obpuviat⁵⁷
327 1511 493 1553 verberat,
527 1522 547 1542 a
575 1506 789 1554 puviend0⁵⁸‚
822 1510 857 1542 id
887 1514 934 1543 est
961 1509 1122 1544 feriendo.

191 1562 225 1596 id
254 1566 302 1595 est
327 1562 452 1607 plagis3
486 1561 576 1595 unde
603 1567 634 1593 et
661 1558 895 1605 pavimentaffl.

93 1613 236 1647 Obdere
262 1624 437 1657 opponere
462 1613 516 1646 vel
543 1612 685 1657 operire.

1177 1507 1278 1541 Unde
1305 1507 1418 1551 pueri,
1453 1506 1548 1550 quod
1562 1502 1586 1523 ⁵⁹
1608 1506 1777 1550 puviendo
1787 1503 1813 1525 ⁶⁰
1833 1513 2039 1550 coercentur,

93 1664 149 1698 Ob
174 1675 235 1698 vos
259 1675 363 1698 sacro
389 1676 452 1709 pro
478 1675 537 1697 vos
564 1665 704 1698 obsecro
715 1660 751 1704 ⁶²,
789 1668 825 1697 ut
851 1662 914 1696 sub
942 1673 1001 1696 vos
1023 1662 1133 1707 placo
1159 1671 1223 1706 pro
1250 1660 1415 1705 supplicO.

91 1816 132 1821 —-
154 1802 202 1835 33)
225 1798 333 1838 solent]
359 1809 427 1827 cum
448 1800 472 1827 li
491 1799 611 1838 syllaba
631 1799 785 1827 breviatur
802 1809 894 1837 neque
911 1797 948 1825 ab
968 1797 1044 1825 ohli-

90 1844 177 1870 wione
190 1852 283 1881 neque
297 1853 316 1869 α
330 1841 430 1870 littore
444 1842 561 1871 videtur
576 1842 731 1877 inclinari,
755 1840 808 1869 secl
821 1842 921 1879 magis
936 1850 968 1867 ex
983 1840 1045 1867 lino

91 1885 160 1914 add.
176 1885 208 1913 B.
230 1901 273 1906 —
294 1887 339 1921 3⁴)
362 1884 497 1923 obiicere]
513 1886 624 1913 obicere
641 1885 670 1912 L.
686 1884 718 1912 B.
736 1884 830 1915 Gu.2.
852 1899 895 1905 —-
917 1884 962 1919 35)
988 1882 1046 1910 Ob-

91 1925 282 1965 lueuviasse]
311 1927 360 1954 Sic
381 1927 412 1955 B.
428 1927 465 1955 M.
489 1928 545 1955 Gu.
561 1930 585 1958 1.
600 1929 628 1958 2.
652 1937 696 1965 pr.
744 1926 944 1955 Ohlucmasse
962 1924 1044 1962 vulg.

91 1970 151 2000 Sed
166 1979 271 1998 verum
289 1978 350 1997 esse
367 1969 458 2006 illud,
489 1968 570 2008 quod
590 1980 644 1997 nos
667 1969 867 2008 reposuimus,
897 1968 985 1996 docet
1001 1967 1045 1994 in-

92 2012 266 2052 terpretatio
283 2011 406 2042 adiecta.
432 2029 467 2033 —
492 2013 539 2049 36)
555 2013 588 2039 in
603 2011 681 2049 luco]
698 2021 755 2039 om.
769 2011 800 2039 Β.
823 2026 866 2032 -
888 2008 935 2049 37)
954 2008 1045 2037 Ohoe-

93 2055 169 2094 dire]
190 2055 238 2083 Sic
253 2054 291 2084 M.
308 2054 401 2085 Gu.2.
450 2054 575 2083 Obetlire
587 2054 667 2091 vulg.
693 2070 731 2075 —
755 2056 800 2090 33)
827 2051 977 2091 Opperirl]
997 2052 1045 2079 Sic

92 2098 132 2128 M.
150 2099 208 2127 Gu.
222 2100 249 2129 2.
267 2107 312 2136 pr.
327 2098 354 2126 S.
402 2098 521 2136 Operiri
542 2097 622 2133 vulg.
666 2096 715 2124 Bis
738 2095 810 2123 haec
834 2097 929 2133 glossa
953 2098 997 2122 est
1017 2094 1046 2122 in

93 2141 150 2169 Gu.
167 2144 195 2172 1.
240 2139 305 2170 Om,
323 2149 385 2167 eam
401 2140 432 2170 Β,
454 2155 490 2161 ——
516 2138 561 2178 351)
589 2139 758 2173 Obtrectat]
785 2138 944 2166 Obtractat
960 2137 991 2165 L.
1005 2136 1045 2166 M.

92 2199 132 2204 —
156 2181 204 2222 40)
228 2183 314 2217 tuor]
339 2187 422 2210 tueor
442 2183 470 2211 S.
492 2197 533 2203 --
556 2181 600 2219 41)
625 2180 724 2219 quod]
748 2180 797 2208 Sic
820 2179 908 2208 codd.
932 2184 961 2207 et
979 2178 1047 2207 edit.

92 2236 139 2266 pr.
153 2226 181 2254 S.
227 2229 253 2252 et
271 2224 351 2263 vulg.
377 2241 412 2246 -
438 2225 482 2261 42)
506 2222 652 2261 coniunx]
676 2224 786 2250 coniux
800 2222 837 2251 Μ.
851 2224 880 2251 S.
927 2232 1002 2249 uxor
1016 2221 1047 2250 L.

93 2284 133 2290 -
156 2270 201 2301 43)
225 2266 425 2305 terrestribus]
438 2277 495 2305 pro
511 2269 701 2305 praeponunt
714 2265 752 2293 M.
765 2265 821 2294 Gu.
832 2267 859 2296 1.
872 2269 901 2293 et
915 2264 994 2302 vulg.
1008 2281 1043 2286 -

93 2311 140 2347 44)
163 2309 270 2348 rebus]
295 2310 400 2348 opibus
420 2310 451 2337 L.
474 2325 514 2330 ——
538 2310 585 2343 45)
608 2306 793 2347 magnifica]
815 2318 930 2346 magna
951 2307 981 2335 L.
1006 2323 1043 2328 —

94 2353 142 2390 46)
168 2352 312 2388 Obscum]
336 2353 384 2382 Sic
403 2352 440 2381 M.
459 2352 514 2380 Gu.
532 2354 556 2382 1.
574 2354 601 2383 2.
617 2351 649 2379 B.
697 2351 840 2379 Obscium
856 2350 886 2379 L.
934 2350 1046 2378 Oscum

147 2413 302 2441 Gnnaun·
338 2423 403 2440 ωτ.
423 2412 455 2439 ll.

1087 1796 1116 1823 S.
1161 1795 1226 1823 Om.
1243 1794 1368 1833 glossam
1385 1793 1465 1832 vulg.
1487 1809 1529 1814 —-
1551 1792 1597 1832 47)
1620 1791 1663 1831 et]
1688 1802 1744 1821 om.
1761 1793 1790 1821 S.
1812 1810 1853 1815 —
1874 1793 1922 1835 48)
1945 1795 2039 1824 obsci-

1088 1837 1148 1876 tae]
1168 1838 1217 1866 Sic
1231 1838 1262 1865 L.
1306 1838 1419 1865 ascitae
1432 1838 1461 1866 S.
1503 1835 1623 1864 obsatae
1637 1835 1675 1864 M·
1689 1835 1746 1865 Gu.
1759 1837 1787 1866 1.
1797 1837 1828 1867 2.
1850 1851 1893 1858 -
1914 1837 1963 1876 49)
1982 1839 2041 1867 Ob-

1088 1882 1146 1915 sce]
1169 1880 1219 1909 Sic
1235 1880 1272 1909 M.
1289 1880 1384 1911 Gu.2.
1433 1880 1506 1908 Osee
1519 1878 1597 1916 vulg.
1620 1893 1661 1900 —
1685 1876 1731 1917 50)
1753 1878 1867 1906 Latine
1880 1879 1971 1919 neca]
1996 1882 2041 1910 lo-

1090 1924 1145 1961 qui
1162 1923 1299 1950 nesciunt
1316 1922 1347 1950 B.
1368 1938 1410 1944 —-
1431 1921 1480 1959 51)
1504 1919 1698 1959 obstringere]
1714 1921 1864 1959 astingere
1879 1921 1909 1950 B.
1931 1939 1973 1944 —
1994 1927 2040 1961 52)

1087 1964 1190 2004 opum]
1215 1965 1318 2003 opium
1330 1964 1361 1992 L.
1382 1980 1425 1986 —-
1446 1967 1492 1998 55)
1519 1961 1734 2003 Offerumenta]
1760 1963 1957 2002 Offirimenta
1971 1966 2001 1994 L.
2010 1967 2042 1998 Β,

1087 2024 1129 2030 —
1152 2008 1201 2045 54)
1224 2005 1360 2046 Opertat]
1375 2006 1424 2035 Bis
1438 2006 1468 2035 in
1483 2006 1539 2037 Gu.
1551 2010 1578 2038 1.
1593 2005 1666 2035 haec
1680 2005 1775 2044 glossa
1791 2005 1911 2044 legitur.
1932 2025 1974 2030 —
1996 2013 2043 2043 55)

1093 2049 1214 2089 opillo]
1245 2050 1294 2078 Sic
1310 2050 1342 2078 L.
1365 2049 1437 2089 (qui
1460 2048 1528 2078 add.
1550 2059 1627 2088 quae
1646 2053 1672 2076 et
1693 2048 1788 2087 opilio
1807 2048 1942 2088 dicitur)
1957 2051 1989 2080 B.
2004 2052 2042 2081 Μ.

1091 2094 1148 2122 Gu.
1161 2096 1189 2124 1.
1200 2095 1229 2125 2.
1244 2102 1289 2132 pr.
1336 2093 1438 2131 Opilio
1454 2092 1536 2130 vulg.
1558 2109 1597 2113 —
1619 2094 1664 2125 56)
1690 2090 1867 2132 imitantur]
1883 2093 1932 2122 Sic
1948 2094 2041 2127 Gu.2.

1091 2137 1232 2164 imitatur
1247 2135 1325 2173 vulg.
1346 2151 1388 2156 —
1409 2134 1458 2171 57)
1483 2135 1645 2174 Obpum'at]
1672 2133 1829 2173 Obpum'at
1843 2135 1875 2165 L.
1891 2136 1948 2166 Gu.
1961 2141 1988 2169 1.
2001 2153 2042 2158 —

1090 2180 1135 2216 58)
1153 2176 1326 2217 paviendo]
1343 2176 1497 2216 paviendo
1511 2187 1557 2216 pr.
1594 2176 1753 2215 puniendo
1765 2177 1799 2207 B.
1815 2177 1909 2209 Gu.1.
1931 2196 1972 2200 —
1994 2178 2039 2216 59)

1091 2220 1190 2260 quod]
1214 2231 1269 2251 om.
1288 2220 1319 2249 L.
1334 2220 1367 2250 B.
1385 2220 1442 2250 Gu.
1460 2222 1487 2252 1.
1503 2230 1549 2259 pr.
1570 2235 1613 2242 —
1635 2217 1680 2258 60)
1698 2219 1871 2259 paviendo]
1886 2219 2041 2259 puniendo

1090 2264 1128 2293 M.
1154 2263 1209 2292 Gu.
1225 2266 1251 2295 1.
1296 2274 1315 2291 a
1331 2273 1406 2302 pun.
1428 2263 1483 2291 Gu.
1503 2266 1530 2294 1.
1580 2262 1690 2301 obpuv.
1714 2273 1759 2301 pr.
1781 2279 1824 2285 —
1845 2263 1893 2300 61)
1914 2262 1991 2291 unde
2014 2268 2039 2289 et

1084 2305 1272 2345 pavimenta]
1291 2312 1319 2334 et
1331 2307 1510 2344 pavimenta
1526 2304 1598 2334 inde
1613 2304 1697 2333 dicta
1714 2305 1746 2333 1..
1772 2321 1808 2327 —
1832 2306 1879 2340 62)
1901 2315 1952 2332 vos
1969 2304 2039 2337 aba]

1089 2349 1175 2377 vobis
1188 2349 1249 2379 obs.
1264 2349 1292 2377 S.

1603 2399 1631 2430 P
