<?xml version="1.0" encoding="UTF-8"?>
<!DOCTYPE html PUBLIC "-//W3C//DTD XHTML 1.0 Transitional//EN"
    "http://www.w3.org/TR/xhtml1/DTD/xhtml1-transitional.dtd">
<html xmlns="http://www.w3.org/1999/xhtml" xml:lang="en" lang="en">
 <head>
  <title>
</title>
<meta http-equiv="Content-Type" content="text/html;charset=utf-8" />
  <meta name='ocr-system' content='tesseract 3.04.00' />
  <meta name='ocr-capabilities' content='ocr_page ocr_carea ocr_par ocr_line ocrx_word'/>
</head>
<body>
  <div class='ocr_page' id='page_1' title='image "./corpusgrammatico01linduoft_0596.png"; bbox 0 0 2263 2668; ppageno 0'>
   <div class='ocr_carea' id='block_1_1' title="bbox 391 141 1553 185">
    <p class='ocr_par' dir='ltr' id='par_1_1' title="bbox 391 141 1553 185">
     <span class='ocr_line' id='line_1_1' title="bbox 391 141 1553 185; baseline -0.003 -4"><span class='ocrx_word' id='word_1_1' title='bbox 391 148 464 181; x_wconf 72' lang='grc' dir='ltr'><strong>ΓΗ</strong></span> <span class='ocrx_word' id='word_1_2' title='bbox 1018 141 1159 185; x_wconf 88' lang='lat' dir='ltr'>SEXTI</span> <span class='ocrx_word' id='word_1_3' title='bbox 1185 142 1386 177; x_wconf 74' lang='lat' dir='ltr'>POMPEI!</span> <span class='ocrx_word' id='word_1_4' title='bbox 1413 144 1553 178; x_wconf 89' lang='lat' dir='ltr'><strong>FESTI</strong></span> 
     </span>
    </p>
   </div>
   <div class='ocr_carea' id='block_1_2' title="bbox 223 231 2180 1985">
    <p class='ocr_par' dir='ltr' id='par_1_2' title="bbox 237 231 2175 293">
     <span class='ocr_line' id='line_1_2' title="bbox 237 231 2175 293; baseline 0 -17"><span class='ocrx_word' id='word_1_5' title='bbox 237 231 368 293; x_wconf 59' lang='lat' dir='ltr'><strong>&#39;f·1{⁶{⁰i‘</strong></span> <span class='ocrx_word' id='word_1_6' title='bbox 395 241 494 276; x_wconf 79' lang='lat' dir='ltr'><strong>aliud</strong></span> <span class='ocrx_word' id='word_1_7' title='bbox 522 238 676 272; x_wconf 78' lang='lat' dir='ltr'><strong>eiusdem</strong></span> <span class='ocrx_word' id='word_1_8' title='bbox 707 237 816 281; x_wconf 83' lang='lat' dir='ltr'><strong>servi,</strong></span> <span class='ocrx_word' id='word_1_9' title='bbox 853 237 904 270; x_wconf 83' lang='lat' dir='ltr'><strong>ita</strong></span> <span class='ocrx_word' id='word_1_10' title='bbox 931 235 1079 270; x_wconf 72' lang='lat' dir='ltr'><strong>edicite*</strong></span> <span class='ocrx_word' id='word_1_11' title='bbox 1103 234 1117 257; x_wconf 76' lang='lat'>¹</span> <span class='ocrx_word' id='word_1_12' title='bbox 1153 237 1244 271; x_wconf 87' lang='lat' dir='ltr'><strong>hunc</strong></span> <span class='ocrx_word' id='word_1_13' title='bbox 1270 237 1444 271; x_wconf 76' lang='lat' dir='ltr'><strong>hominem</strong></span> <span class='ocrx_word' id='word_1_14' title='bbox 1471 237 1619 271; x_wconf 81' lang='lat' dir='ltr'><strong>liberum</strong></span> <span class='ocrx_word' id='word_1_15' title='bbox 1647 248 1720 271; x_wconf 88' lang='lat' dir='ltr'><strong>esse</strong></span> <span class='ocrx_word' id='word_1_16' title='bbox 1747 239 1841 272; x_wconf 82' lang='lat' dir='ltr'><strong>volo:</strong></span> <span class='ocrx_word' id='word_1_17' title='bbox 1874 250 1919 273; x_wconf 83' lang='lat' dir='ltr'><strong>ac</strong></span> <span class='ocrx_word' id='word_1_18' title='bbox 1945 252 2008 285; x_wconf 89' lang='lat' dir='ltr'><strong>pro</strong></span> <span class='ocrx_word' id='word_1_19' title='bbox 2035 253 2076 275; x_wconf 93' lang='lat' dir='ltr'><strong>eo</strong></span> <span class='ocrx_word' id='word_1_20' title='bbox 2104 243 2175 276; x_wconf 87' lang='lat' dir='ltr'><strong>auri</strong></span> 
     </span>
    </p>

    <p class='ocr_par' dir='ltr' id='par_1_3' title="bbox 255 276 2172 336">
     <span class='ocr_line' id='line_1_3' title="bbox 255 276 2172 336; baseline 0.001 -10"><span class='ocrx_word' id='word_1_21' title='bbox 255 276 352 327; x_wconf 42' lang='lat' dir='ltr'><strong>mium</strong></span> <span class='ocrx_word' id='word_1_22' title='bbox 395 293 470 326; x_wconf 88' lang='lat' dir='ltr'><strong>XX</strong></span> <span class='ocrx_word' id='word_1_23' title='bbox 486 290 590 336; x_wconf 80' lang='lat' dir='ltr'><strong>puri,</strong></span> <span class='ocrx_word' id='word_1_24' title='bbox 616 287 738 334; x_wconf 77' lang='lat' dir='ltr'><strong>probi,</strong></span> <span class='ocrx_word' id='word_1_25' title='bbox 765 287 912 333; x_wconf 80' lang='lat' dir='ltr'><strong>profani</strong></span> <span class='ocrx_word' id='word_1_26' title='bbox 924 288 994 321; x_wconf 82' lang='lat' dir='ltr'><strong>mei</strong></span> <span class='ocrx_word' id='word_1_27' title='bbox 1018 288 1131 330; x_wconf 85' lang='lat' dir='ltr'><strong>solvo,</strong></span> <span class='ocrx_word' id='word_1_28' title='bbox 1158 293 1195 321; x_wconf 85' lang='lat' dir='ltr'><strong>ut</strong></span> <span class='ocrx_word' id='word_1_29' title='bbox 1216 290 1419 334; x_wconf 76' lang='lat' dir='ltr'>priusquam</span> <span class='ocrx_word' id='word_1_30' title='bbox 1442 289 1647 334; x_wconf 82' lang='lat' dir='ltr'><strong>digrediar,</strong></span> <span class='ocrx_word' id='word_1_31' title='bbox 1669 288 1849 336; x_wconf 77' lang='lat' dir='ltr'><strong>efficiatur</strong></span> <span class='ocrx_word' id='word_1_32' title='bbox 1870 291 1955 326; x_wconf 76' lang='lat' dir='ltr'><strong>iuris</strong></span> <span class='ocrx_word' id='word_1_33' title='bbox 1976 294 2033 326; x_wconf 87' lang='lat' dir='ltr'><strong>sui.</strong></span> <span class='ocrx_word' id='word_1_34' title='bbox 2062 294 2172 327; x_wconf 87' lang='lat' dir='ltr'><strong>dum*</strong></span> 
     </span>
    </p>

    <p class='ocr_par' dir='ltr' id='par_1_4' title="bbox 223 339 2171 390">
     <span class='ocr_line' id='line_1_4' title="bbox 223 339 2171 390; baseline 0.001 -14"><span class='ocrx_word' id='word_1_35' title='bbox 223 345 446 376; x_wconf 67' lang='lat' dir='ltr'><strong>*remittebathis</strong></span> <span class='ocrx_word' id='word_1_36' title='bbox 472 352 604 374; x_wconf 78' lang='lat' dir='ltr'><strong>servum</strong></span> <span class='ocrx_word' id='word_1_37' title='bbox 627 339 742 373; x_wconf 80' lang='lat' dir='ltr'><strong>verbis</strong></span> <span class='ocrx_word' id='word_1_38' title='bbox 766 351 904 372; x_wconf 76' lang='lat' dir='ltr'><strong>emcmn</strong></span> <span class='ocrx_word' id='word_1_39' title='bbox 932 339 1103 372; x_wconf 81' lang='lat' dir='ltr'><strong>hominem</strong></span> <span class='ocrx_word' id='word_1_40' title='bbox 1129 341 1273 373; x_wconf 89' lang='lat' dir='ltr'><strong>liberum</strong></span> <span class='ocrx_word' id='word_1_41' title='bbox 1294 340 1449 374; x_wconf 80' lang='lat' dir='ltr'><strong>mittebat</strong></span> <span class='ocrx_word' id='word_1_42' title='bbox 1462 343 1484 374; x_wconf 89' lang='lat'><strong>*.</strong></span> <span class='ocrx_word' id='word_1_43' title='bbox 1513 341 1559 374; x_wconf 89' lang='lat' dir='ltr'><strong><em>M</em></strong></span> <span class='ocrx_word' id='word_1_44' title='bbox 1564 342 1733 374; x_wconf 79' lang='lat' dir='ltr'><strong>osculis</strong></span> <span class='ocrx_word' id='word_1_45' title='bbox 1760 341 1848 375; x_wconf 76' lang='lat' dir='ltr'><strong>Cato</strong></span> <span class='ocrx_word' id='word_1_46' title='bbox 1864 354 1925 386; x_wconf 85' lang='lat' dir='ltr'><strong>pro</strong></span> <span class='ocrx_word' id='word_1_47' title='bbox 1950 345 2058 388; x_wconf 88' lang='lat' dir='ltr'><strong>parvis</strong></span> <span class='ocrx_word' id='word_1_48' title='bbox 2082 345 2171 390; x_wconf 86' lang='lat' dir='ltr'><strong>(qui)</strong></span> 
     </span>
    </p>

    <p class='ocr_par' dir='ltr' id='par_1_5' title="bbox 397 391 2174 442">
     <span class='ocr_line' id='line_1_5' title="bbox 397 391 2174 442; baseline 0.001 -15"><span class='ocrx_word' id='word_1_49' title='bbox 397 394 542 427; x_wconf 77' lang='lat' dir='ltr'><strong>moribus</strong></span> <span class='ocrx_word' id='word_1_50' title='bbox 568 392 649 423; x_wconf 80' lang='lat' dir='ltr'><strong>dixit</strong></span> <span class='ocrx_word' id='word_1_51' title='bbox 675 392 708 424; x_wconf 83' lang='lat' dir='ltr'><strong>in</strong></span> <span class='ocrx_word' id='word_1_52' title='bbox 737 402 779 424; x_wconf 83' lang='lat' dir='ltr'><strong>ea</strong></span> <span class='ocrx_word' id='word_1_53' title='bbox 804 403 909 436; x_wconf 79' lang='lat' dir='ltr'><strong>quam</strong></span> <span class='ocrx_word' id='word_1_54' title='bbox 936 392 1075 436; x_wconf 77' lang='lat' dir='ltr'><strong>scripsit</strong></span> <span class='ocrx_word' id='word_1_55' title='bbox 1111 417 1421 427; x_wconf 90' lang='grc'><strong>.......</strong></span> <span class='ocrx_word' id='word_1_56' title='bbox 1460 392 1661 437; x_wconf 82' lang='lat' dir='ltr'>Migrare</span> <span class='ocrx_word' id='word_1_57' title='bbox 1695 404 1838 425; x_wconf 84' lang='lat' dir='ltr'><strong>mensa</strong></span> <span class='ocrx_word' id='word_1_58' title='bbox 1854 391 1871 414; x_wconf 80' lang='lat'>2</span> <span class='ocrx_word' id='word_1_59' title='bbox 1907 397 1999 438; x_wconf 81' lang='lat' dir='ltr'><strong>quod</strong></span> <span class='ocrx_word' id='word_1_60' title='bbox 2034 397 2174 442; x_wconf 79' lang='lat' dir='ltr'><strong>legibus</strong></span> 
     </span>
    </p>

    <p class='ocr_par' dir='ltr' id='par_1_6' title="bbox 396 443 2173 489">
     <span class='ocr_line' id='line_1_6' title="bbox 396 443 2173 489; baseline 0.002 -11"><span class='ocrx_word' id='word_1_61' title='bbox 396 447 467 478; x_wconf 81' lang='lat' dir='ltr'><strong>eius</strong></span> <span class='ocrx_word' id='word_1_62' title='bbox 493 455 600 477; x_wconf 76' lang='lat' dir='ltr'><strong>sacru</strong></span> <span class='ocrx_word' id='word_1_63' title='bbox 626 447 731 485; x_wconf 77' lang='lat' dir='ltr'><strong>esset,</strong></span> <span class='ocrx_word' id='word_1_64' title='bbox 761 443 892 486; x_wconf 90' lang='lat' dir='ltr'><strong>diisque</strong></span> <span class='ocrx_word' id='word_1_65' title='bbox 918 443 1037 487; x_wconf 90' lang='lat' dir='ltr'><strong>templi</strong></span> <span class='ocrx_word' id='word_1_66' title='bbox 1067 443 1192 487; x_wconf 88' lang='lat' dir='ltr'><strong>posita,</strong></span> <span class='ocrx_word' id='word_1_67' title='bbox 1227 444 1487 488; x_wconf 74' lang='lat' dir='ltr'><strong>inauspicatum</strong></span> <span class='ocrx_word' id='word_1_68' title='bbox 1514 444 1614 489; x_wconf 75' lang='lat' dir='ltr'><strong>apud</strong></span> <span class='ocrx_word' id='word_1_69' title='bbox 1639 445 1798 489; x_wconf 71' lang='lat' dir='ltr'><strong>antiquos</strong></span> <span class='ocrx_word' id='word_1_70' title='bbox 1829 444 1989 488; x_wconf 80' lang='lat' dir='ltr'><strong>habetur,</strong></span> <span class='ocrx_word' id='word_1_71' title='bbox 2017 458 2094 481; x_wconf 91' lang='lat' dir='ltr'><strong>cum</strong></span> <span class='ocrx_word' id='word_1_72' title='bbox 2120 460 2173 481; x_wconf 90' lang='lat' dir='ltr'><strong>se-</strong></span> 
     </span>
    </p>

    <p class='ocr_par' dir='ltr' id='par_1_7' title="bbox 395 494 2174 544">
     <span class='ocr_line' id='line_1_7' title="bbox 395 494 2174 544; baseline 0.002 -16"><span class='ocrx_word' id='word_1_73' title='bbox 395 497 507 540; x_wconf 89' lang='lat' dir='ltr'><strong>quitur</strong></span> <span class='ocrx_word' id='word_1_74' title='bbox 527 507 584 528; x_wconf 87' lang='lat' dir='ltr'><strong>sua</strong></span> <span class='ocrx_word' id='word_1_75' title='bbox 607 495 823 539; x_wconf 78' lang='lat' dir='ltr'><em>migrantem</em></span> <span class='ocrx_word' id='word_1_76' title='bbox 846 506 974 539; x_wconf 78' lang='lat' dir='ltr'><strong>poena.</strong></span> <span class='ocrx_word' id='word_1_77' title='bbox 1029 494 1211 528; x_wconf 81' lang='lat' dir='ltr'><strong>Mensas</strong></span> <span class='ocrx_word' id='word_1_78' title='bbox 1239 495 1337 527; x_wconf 81' lang='lat' dir='ltr'><strong>aiunt</strong></span> <span class='ocrx_word' id='word_1_79' title='bbox 1365 495 1499 540; x_wconf 82' lang='lat' dir='ltr'><strong>quidam</strong></span> <span class='ocrx_word' id='word_1_80' title='bbox 1524 496 1624 528; x_wconf 80' lang='lat' dir='ltr'><strong>fuisse</strong></span> <span class='ocrx_word' id='word_1_81' title='bbox 1652 496 1682 527; x_wconf 92' lang='lat' dir='ltr'><strong>in</strong></span> <span class='ocrx_word' id='word_1_82' title='bbox 1713 496 1818 529; x_wconf 81' lang='lat' dir='ltr'><strong>triviis</strong></span> <span class='ocrx_word' id='word_1_83' title='bbox 1827 497 1913 541; x_wconf 72' lang='lat' dir='ltr'><strong>pom*</strong></span> <span class='ocrx_word' id='word_1_84' title='bbox 1934 498 2066 539; x_wconf 77' lang='lat' dir='ltr'><strong>solitas,</strong></span> <span class='ocrx_word' id='word_1_85' title='bbox 2083 511 2174 544; x_wconf 79' lang='lat' dir='ltr'><strong>quae</strong></span> 
     </span>
    </p>

    <p class='ocr_par' dir='ltr' id='par_1_8' title="bbox 393 546 2174 594">
     <span class='ocr_line' id='line_1_8' title="bbox 393 546 2174 594; baseline 0.001 -13"><span class='ocrx_word' id='word_1_86' title='bbox 393 549 461 581; x_wconf 77' lang='lat' dir='ltr'><strong>siut</strong></span> <span class='ocrx_word' id='word_1_87' title='bbox 494 547 643 580; x_wconf 72' lang='lat' dir='ltr'><strong>triuiales</strong></span> <span class='ocrx_word' id='word_1_88' title='bbox 679 547 880 590; x_wconf 70' lang='lat' dir='ltr'><strong>appellatae.</strong></span> <span class='ocrx_word' id='word_1_89' title='bbox 942 546 1098 579; x_wconf 70' lang='lat' dir='ltr'><strong>lllente</strong></span> <span class='ocrx_word' id='word_1_90' title='bbox 1131 550 1296 591; x_wconf 82' lang='lat' dir='ltr'><strong>captus</strong></span> <span class='ocrx_word' id='word_1_91' title='bbox 1330 547 1475 589; x_wconf 78' lang='lat' dir='ltr'><strong>dicitur,</strong></span> <span class='ocrx_word' id='word_1_92' title='bbox 1525 559 1603 580; x_wconf 82' lang='lat' dir='ltr'><strong>cum</strong></span> <span class='ocrx_word' id='word_1_93' title='bbox 1633 558 1729 580; x_wconf 82' lang='lat' dir='ltr'><strong>mens</strong></span> <span class='ocrx_word' id='word_1_94' title='bbox 1764 558 1805 580; x_wconf 88' lang='lat' dir='ltr'><strong>ex</strong></span> <span class='ocrx_word' id='word_1_95' title='bbox 1838 548 1981 581; x_wconf 87' lang='lat' dir='ltr'><strong>hominis</strong></span> <span class='ocrx_word' id='word_1_96' title='bbox 2010 554 2174 594; x_wconf 73' lang='lat' dir='ltr'><strong>potestate</strong></span> 
     </span>
    </p>

    <p class='ocr_par' dir='ltr' id='par_1_9' title="bbox 397 598 2174 696">
     <span class='ocr_line' id='line_1_9' title="bbox 397 598 2174 644; baseline 0.001 -11"><span class='ocrx_word' id='word_1_97' title='bbox 397 600 482 633; x_wconf 78' lang='lat' dir='ltr'><strong>abiit</strong></span> <span class='ocrx_word' id='word_1_98' title='bbox 491 613 503 644; x_wconf 82' lang='lat'><strong>,-</strong></span> <span class='ocrx_word' id='word_1_99' title='bbox 538 603 569 631; x_wconf 86' lang='lat' dir='ltr'><strong>et</strong></span> <span class='ocrx_word' id='word_1_100' title='bbox 600 598 693 630; x_wconf 82' lang='lat' dir='ltr'><strong>idem</strong></span> <span class='ocrx_word' id='word_1_101' title='bbox 722 598 929 643; x_wconf 74' lang='lat' dir='ltr'><strong>appellatur</strong></span> <span class='ocrx_word' id='word_1_102' title='bbox 955 598 1111 638; x_wconf 86' lang='lat' dir='ltr'><strong>demens,</strong></span> <span class='ocrx_word' id='word_1_103' title='bbox 1152 598 1207 641; x_wconf 88' lang='lat' dir='ltr'><strong>qui</strong></span> <span class='ocrx_word' id='word_1_104' title='bbox 1235 598 1362 642; x_wconf 81' lang='lat' dir='ltr'><strong>(quod)</strong></span> <span class='ocrx_word' id='word_1_105' title='bbox 1398 598 1442 631; x_wconf 87' lang='lat' dir='ltr'><strong>de</strong></span> <span class='ocrx_word' id='word_1_106' title='bbox 1476 610 1533 631; x_wconf 88' lang='lat' dir='ltr'><strong>sua</strong></span> <span class='ocrx_word' id='word_1_107' title='bbox 1565 602 1678 632; x_wconf 82' lang='lat' dir='ltr'><strong>mente</strong></span> <span class='ocrx_word' id='word_1_108' title='bbox 1712 599 1916 643; x_wconf 72' lang='lat' dir='ltr'><strong>decesserit,</strong></span> <span class='ocrx_word' id='word_1_109' title='bbox 1958 604 1991 633; x_wconf 85' lang='lat' dir='ltr'><strong>et</strong></span> <span class='ocrx_word' id='word_1_110' title='bbox 2018 613 2037 633; x_wconf 92' lang='lat' dir='ltr'><strong>a</strong></span> <span class='ocrx_word' id='word_1_111' title='bbox 2064 606 2174 635; x_wconf 89' lang='lat' dir='ltr'><strong>mente</strong></span> 
     </span>
     <span class='ocr_line' id='line_1_10' title="bbox 397 649 699 696; baseline -0.013 -12"><span class='ocrx_word' id='word_1_112' title='bbox 397 652 540 696; x_wconf 84' lang='lat' dir='ltr'><strong>(mente)</strong></span> <span class='ocrx_word' id='word_1_113' title='bbox 573 649 699 682; x_wconf 88' lang='lat' dir='ltr'><strong>abierit.</strong></span> 
     </span>
    </p>

    <p class='ocr_par' dir='ltr' id='par_1_10' title="bbox 560 701 2174 745">
     <span class='ocr_line' id='line_1_11' title="bbox 560 701 2174 745; baseline 0.002 -12"><span class='ocrx_word' id='word_1_114' title='bbox 560 701 607 734; x_wconf 87' lang='lat' dir='ltr'><strong><em>M</em></strong></span> <span class='ocrx_word' id='word_1_115' title='bbox 611 711 750 733; x_wconf 66' lang='lat' dir='ltr'><strong>artare</strong></span> <span class='ocrx_word' id='word_1_116' title='bbox 776 701 841 733; x_wconf 84' lang='lat' dir='ltr'><strong>sol</strong></span> <span class='ocrx_word' id='word_1_117' title='bbox 850 712 909 733; x_wconf 88' lang='lat' dir='ltr'><strong>em</strong></span> <span class='ocrx_word' id='word_1_118' title='bbox 936 704 1017 733; x_wconf 79' lang='lat' dir='ltr'><strong>tune</strong></span> <span class='ocrx_word' id='word_1_119' title='bbox 1042 701 1156 734; x_wconf 88' lang='lat' dir='ltr'><strong>solitos</strong></span> <span class='ocrx_word' id='word_1_120' title='bbox 1184 712 1252 734; x_wconf 89' lang='lat' dir='ltr'><strong>esse</strong></span> <span class='ocrx_word' id='word_1_121' title='bbox 1279 701 1430 745; x_wconf 89' lang='lat' dir='ltr'><strong>antiquos</strong></span> <span class='ocrx_word' id='word_1_122' title='bbox 1457 702 1576 734; x_wconf 79' lang='lat' dir='ltr'><strong>dicere</strong></span> <span class='ocrx_word' id='word_1_123' title='bbox 1597 703 1647 735; x_wconf 80' lang='lat' dir='ltr'><strong>ait</strong></span> <span class='ocrx_word' id='word_1_124' title='bbox 1673 702 1832 743; x_wconf 72' lang='lat' dir='ltr'><strong>Verrius,</strong></span> <span class='ocrx_word' id='word_1_125' title='bbox 1857 714 1932 736; x_wconf 91' lang='lat' dir='ltr'><strong>cum</strong></span> <span class='ocrx_word' id='word_1_126' title='bbox 1960 703 2038 736; x_wconf 83' lang='lat' dir='ltr'><strong>solis</strong></span> <span class='ocrx_word' id='word_1_127' title='bbox 2065 704 2174 736; x_wconf 84' lang='lat' dir='ltr'><strong>orien-</strong></span> 
     </span>
    </p>

    <p class='ocr_par' dir='ltr' id='par_1_11' title="bbox 398 752 2174 798">
     <span class='ocr_line' id='line_1_12' title="bbox 398 752 2174 798; baseline 0.001 -11"><span class='ocrx_word' id='word_1_128' title='bbox 398 755 438 787; x_wconf 87' lang='lat' dir='ltr'><strong>tis</strong></span> <span class='ocrx_word' id='word_1_129' title='bbox 465 753 548 785; x_wconf 90' lang='lat' dir='ltr'><strong>radii</strong></span> <span class='ocrx_word' id='word_1_130' title='bbox 575 752 795 798; x_wconf 78' lang='lat' dir='ltr'><strong>splendorem</strong></span> <span class='ocrx_word' id='word_1_131' title='bbox 824 753 942 785; x_wconf 77' lang='lat' dir='ltr'><strong>iacere</strong></span> <span class='ocrx_word' id='word_1_132' title='bbox 969 754 1170 797; x_wconf 83' lang='lat' dir='ltr'><strong>coepissent,</strong></span> <span class='ocrx_word' id='word_1_133' title='bbox 1212 757 1311 795; x_wconf 88' lang='lat' dir='ltr'><strong>atque</strong></span> <span class='ocrx_word' id='word_1_134' title='bbox 1338 753 1415 786; x_wconf 89' lang='lat' dir='ltr'><strong>ideo</strong></span> <span class='ocrx_word' id='word_1_135' title='bbox 1443 754 1586 797; x_wconf 91' lang='lat' dir='ltr'><strong>primum</strong></span> <span class='ocrx_word' id='word_1_136' title='bbox 1616 754 1687 786; x_wconf 81' lang='lat' dir='ltr'><strong>diei</strong></span> <span class='ocrx_word' id='word_1_137' title='bbox 1713 758 1865 798; x_wconf 79' lang='lat' dir='ltr'><strong>tempus,</strong></span> <span class='ocrx_word' id='word_1_138' title='bbox 1900 765 2004 787; x_wconf 81' lang='lat' dir='ltr'><strong>mane</strong></span> <span class='ocrx_word' id='word_1_139' title='bbox 2030 755 2174 795; x_wconf 79' lang='lat' dir='ltr'><strong>dictum,</strong></span> 
     </span>
    </p>

    <p class='ocr_par' dir='ltr' id='par_1_12' title="bbox 225 803 2175 850">
     <span class='ocr_line' id='line_1_13' title="bbox 225 803 2175 850; baseline -0.001 -10"><span class='ocrx_word' id='word_1_140' title='bbox 225 816 264 840; x_wconf 62' lang='grc' dir='ltr'><strong>Ὗ.</strong></span> <span class='ocrx_word' id='word_1_141' title='bbox 282 813 307 838; x_wconf 78' lang='lat' dir='ltr'><strong>id</strong></span> <span class='ocrx_word' id='word_1_142' title='bbox 327 811 389 837; x_wconf 80' lang='lat' dir='ltr'><strong>dici-</strong></span> <span class='ocrx_word' id='word_1_143' title='bbox 399 805 553 850; x_wconf 72' lang='lat' dir='ltr'><strong>qttamvis</strong></span> <span class='ocrx_word' id='word_1_144' title='bbox 579 804 686 848; x_wconf 82' lang='lat' dir='ltr'><strong>magis</strong></span> <span class='ocrx_word' id='word_1_145' title='bbox 714 803 904 836; x_wconf 81' lang='lat' dir='ltr'><strong>addicitur*</strong></span> <span class='ocrx_word' id='word_1_146' title='bbox 932 804 1025 848; x_wconf 74' lang='lat' dir='ltr'><strong>qtcod</strong></span> <span class='ocrx_word' id='word_1_147' title='bbox 1052 815 1210 844; x_wconf 76' lang='grc' dir='ltr'><em>ηιιιηιιηι,</em></span> <span class='ocrx_word' id='word_1_148' title='bbox 1240 804 1363 837; x_wconf 79' lang='lat' dir='ltr'><strong>bonum</strong></span> <span class='ocrx_word' id='word_1_149' title='bbox 1379 804 1543 837; x_wconf 79' lang='lat' dir='ltr'><strong>dicebant</strong></span> <span class='ocrx_word' id='word_1_150' title='bbox 1560 817 1583 837; x_wconf 87' lang='grc' dir='ltr'><em>α</em></span> <span class='ocrx_word' id='word_1_151' title='bbox 1600 816 1720 845; x_wconf 78' lang='lat' dir='ltr'><strong>mane,</strong></span> <span class='ocrx_word' id='word_1_152' title='bbox 1748 805 1836 838; x_wconf 86' lang='lat' dir='ltr'><strong>idem</strong></span> <span class='ocrx_word' id='word_1_153' title='bbox 1865 817 1883 837; x_wconf 90' lang='lat' dir='ltr'><strong>a</strong></span> <span class='ocrx_word' id='word_1_154' title='bbox 1910 811 2053 839; x_wconf 86' lang='lat' dir='ltr'><strong>mature:</strong></span> <span class='ocrx_word' id='word_1_155' title='bbox 2081 806 2175 850; x_wconf 90' lang='lat' dir='ltr'><strong>quod</strong></span> 
     </span>
    </p>

    <p class='ocr_par' dir='ltr' id='par_1_13' title="bbox 289 854 2174 901">
     <span class='ocr_line' id='line_1_14' title="bbox 289 854 2174 901; baseline 0.001 -12"><span class='ocrx_word' id='word_1_156' title='bbox 289 854 331 873; x_wconf 55' lang='grc' dir='ltr'>Μ</span> <span class='ocrx_word' id='word_1_157' title='bbox 397 857 432 889; x_wconf 89' lang='lat' dir='ltr'><strong>id</strong></span> <span class='ocrx_word' id='word_1_158' title='bbox 449 856 574 889; x_wconf 81' lang='lat' dir='ltr'><strong>bonum</strong></span> <span class='ocrx_word' id='word_1_159' title='bbox 599 860 666 895; x_wconf 75' lang='lat' dir='ltr'><strong>est„</strong></span> <span class='ocrx_word' id='word_1_160' title='bbox 694 856 787 900; x_wconf 81' lang='lat' dir='ltr'><strong>quod</strong></span> <span class='ocrx_word' id='word_1_161' title='bbox 803 860 980 888; x_wconf 78' lang='lat' dir='ltr'><strong>maturum</strong></span> <span class='ocrx_word' id='word_1_162' title='bbox 1009 860 1075 895; x_wconf 78' lang='lat' dir='ltr'><strong>est,</strong></span> <span class='ocrx_word' id='word_1_163' title='bbox 1104 856 1191 888; x_wconf 90' lang='lat' dir='ltr'><strong>unde</strong></span> <span class='ocrx_word' id='word_1_164' title='bbox 1214 862 1245 888; x_wconf 84' lang='lat' dir='ltr'><strong>et</strong></span> <span class='ocrx_word' id='word_1_165' title='bbox 1259 856 1391 889; x_wconf 79' lang='lat' dir='ltr'><strong>Matuta</strong></span> <span class='ocrx_word' id='word_1_166' title='bbox 1418 856 1512 889; x_wconf 79' lang='lat' dir='ltr'><strong>dicta</strong></span> <span class='ocrx_word' id='word_1_167' title='bbox 1529 868 1662 901; x_wconf 76' lang='lat' dir='ltr'><strong>quoque</strong></span> <span class='ocrx_word' id='word_1_168' title='bbox 1676 856 1816 889; x_wconf 76' lang='lat' dir='ltr'><strong>videtur</strong></span> <span class='ocrx_word' id='word_1_169' title='bbox 1841 856 1967 890; x_wconf 83' lang='lat' dir='ltr'><strong>Mater.</strong></span> <span class='ocrx_word' id='word_1_170' title='bbox 1995 856 2174 890; x_wconf 89' lang='lat' dir='ltr'><strong>Mamer—</strong></span> 
     </span>
    </p>

    <p class='ocr_par' dir='ltr' id='par_1_14' title="bbox 398 904 2174 956">
     <span class='ocr_line' id='line_1_15' title="bbox 398 904 2174 956; baseline 0.001 -15"><span class='ocrx_word' id='word_1_171' title='bbox 398 906 505 941; x_wconf 81' lang='lat' dir='ltr'><strong>tini3</strong></span> <span class='ocrx_word' id='word_1_172' title='bbox 533 908 703 952; x_wconf 78' lang='lat' dir='ltr'><strong>appellati</strong></span> <span class='ocrx_word' id='word_1_173' title='bbox 728 911 804 940; x_wconf 77' lang='lat' dir='ltr'><strong>sunt</strong></span> <span class='ocrx_word' id='word_1_174' title='bbox 833 907 901 940; x_wconf 82' lang='lat' dir='ltr'><strong>hac</strong></span> <span class='ocrx_word' id='word_1_175' title='bbox 930 908 973 940; x_wconf 84' lang='lat' dir='ltr'><strong>de</strong></span> <span class='ocrx_word' id='word_1_176' title='bbox 997 919 1106 945; x_wconf 77' lang='lat' dir='ltr'><strong>causa,</strong></span> <span class='ocrx_word' id='word_1_177' title='bbox 1134 919 1208 941; x_wconf 91' lang='lat' dir='ltr'><strong>cum</strong></span> <span class='ocrx_word' id='word_1_178' title='bbox 1226 913 1258 940; x_wconf 87' lang='lat' dir='ltr'><strong>te</strong></span> <span class='ocrx_word' id='word_1_179' title='bbox 1285 913 1357 940; x_wconf 88' lang='lat' dir='ltr'><strong>toto</strong></span> <span class='ocrx_word' id='word_1_180' title='bbox 1381 908 1517 941; x_wconf 88' lang='lat' dir='ltr'><strong>Samnio</strong></span> <span class='ocrx_word' id='word_1_181' title='bbox 1533 904 1552 956; x_wconf 80' lang='grc' dir='ltr'><strong>ΙΙ</strong></span> <span class='ocrx_word' id='word_1_182' title='bbox 1570 910 1681 953; x_wconf 84' lang='lat' dir='ltr'><strong>gravis</strong></span> <span class='ocrx_word' id='word_1_183' title='bbox 1703 908 1869 942; x_wconf 82' lang='lat' dir='ltr'><strong>incidisset</strong></span> <span class='ocrx_word' id='word_1_184' title='bbox 1893 909 2091 953; x_wconf 76' lang='lat' dir='ltr'><strong>pestilentia,</strong></span> <span class='ocrx_word' id='word_1_185' title='bbox 2121 907 2174 954; x_wconf 78' lang='lat' dir='ltr'><strong>[S]</strong></span> 
     </span>
    </p>

    <p class='ocr_par' dir='ltr' id='par_1_15' title="bbox 397 959 2176 1005">
     <span class='ocr_line' id='line_1_16' title="bbox 397 959 2176 1005; baseline 0 -13"><span class='ocrx_word' id='word_1_186' title='bbox 397 960 577 993; x_wconf 85' lang='lat' dir='ltr'><strong>Sthennius</strong></span> <span class='ocrx_word' id='word_1_187' title='bbox 598 959 736 991; x_wconf 87' lang='lat' dir='ltr'><strong>Mettius</strong></span> <span class='ocrx_word' id='word_1_188' title='bbox 763 960 830 990; x_wconf 88' lang='lat' dir='ltr'><strong>eius</strong></span> <span class='ocrx_word' id='word_1_189' title='bbox 859 960 967 1003; x_wconf 81' lang='lat' dir='ltr'><strong>gentis</strong></span> <span class='ocrx_word' id='word_1_190' title='bbox 995 960 1168 1003; x_wconf 85' lang='lat' dir='ltr'><strong>princeps,</strong></span> <span class='ocrx_word' id='word_1_191' title='bbox 1208 966 1392 993; x_wconf 87' lang='lat' dir='ltr'><strong>convocata</strong></span> <span class='ocrx_word' id='word_1_192' title='bbox 1420 960 1541 993; x_wconf 82' lang='lat' dir='ltr'><strong>civium</strong></span> <span class='ocrx_word' id='word_1_193' title='bbox 1575 971 1709 992; x_wconf 92' lang='lat' dir='ltr'><strong>suorum</strong></span> <span class='ocrx_word' id='word_1_194' title='bbox 1743 960 1916 1001; x_wconf 87' lang='lat' dir='ltr'><strong>contione,</strong></span> <span class='ocrx_word' id='word_1_195' title='bbox 1956 961 2107 1005; x_wconf 82' lang='lat' dir='ltr'><strong>exposuit</strong></span> <span class='ocrx_word' id='word_1_196' title='bbox 2141 971 2176 993; x_wconf 88' lang='lat' dir='ltr'><strong>se</strong></span> 
     </span>
    </p>

    <p class='ocr_par' dir='ltr' id='par_1_16' title="bbox 400 1010 2176 1055">
     <span class='ocr_line' id='line_1_17' title="bbox 400 1010 2176 1055; baseline 0 -12"><span class='ocrx_word' id='word_1_197' title='bbox 400 1011 517 1044; x_wconf 80' lang='lat' dir='ltr'><strong>vidisse</strong></span> <span class='ocrx_word' id='word_1_198' title='bbox 550 1012 583 1044; x_wconf 90' lang='lat' dir='ltr'><strong>in</strong></span> <span class='ocrx_word' id='word_1_199' title='bbox 609 1011 721 1053; x_wconf 86' lang='lat' dir='ltr'><strong>quiete</strong></span> <span class='ocrx_word' id='word_1_200' title='bbox 750 1010 1007 1054; x_wconf 79' lang='lat' dir='ltr'><strong>praecipientem</strong></span> <span class='ocrx_word' id='word_1_201' title='bbox 1035 1011 1248 1055; x_wconf 78' lang='lat' dir='ltr'><strong>Apollinem,</strong></span> <span class='ocrx_word' id='word_1_202' title='bbox 1291 1016 1326 1044; x_wconf 91' lang='lat' dir='ltr'><strong>ut</strong></span> <span class='ocrx_word' id='word_1_203' title='bbox 1360 1012 1385 1043; x_wconf 90' lang='lat' dir='ltr'><strong>si</strong></span> <span class='ocrx_word' id='word_1_204' title='bbox 1413 1012 1536 1044; x_wconf 88' lang='lat' dir='ltr'><strong>vellent</strong></span> <span class='ocrx_word' id='word_1_205' title='bbox 1565 1023 1605 1044; x_wconf 90' lang='lat' dir='ltr'><strong>eo</strong></span> <span class='ocrx_word' id='word_1_206' title='bbox 1639 1012 1728 1044; x_wconf 90' lang='lat' dir='ltr'><strong>malo</strong></span> <span class='ocrx_word' id='word_1_207' title='bbox 1763 1011 1912 1051; x_wconf 86' lang='lat' dir='ltr'><strong>liberari,</strong></span> <span class='ocrx_word' id='word_1_208' title='bbox 1953 1012 2021 1045; x_wconf 90' lang='lat' dir='ltr'><strong>Ver</strong></span> <span class='ocrx_word' id='word_1_209' title='bbox 2047 1023 2176 1045; x_wconf 91' lang='lat' dir='ltr'><strong>sacrum</strong></span> 
     </span>
    </p>

    <p class='ocr_par' dir='ltr' id='par_1_17' title="bbox 400 1062 2175 1107">
     <span class='ocr_line' id='line_1_18' title="bbox 400 1062 2175 1107; baseline 0 -12"><span class='ocrx_word' id='word_1_210' title='bbox 400 1068 575 1104; x_wconf 76' lang='lat' dir='ltr'><strong>voverent,</strong></span> <span class='ocrx_word' id='word_1_211' title='bbox 615 1062 649 1094; x_wconf 89' lang='lat' dir='ltr'><strong>id</strong></span> <span class='ocrx_word' id='word_1_212' title='bbox 686 1068 750 1101; x_wconf 81' lang='lat' dir='ltr'><strong>est,</strong></span> <span class='ocrx_word' id='word_1_213' title='bbox 791 1073 1009 1105; x_wconf 88' lang='lat' dir='ltr'><strong>quaecunque</strong></span> <span class='ocrx_word' id='word_1_214' title='bbox 1044 1074 1120 1095; x_wconf 87' lang='lat' dir='ltr'><strong>vere</strong></span> <span class='ocrx_word' id='word_1_215' title='bbox 1150 1063 1302 1106; x_wconf 85' lang='lat' dir='ltr'><strong>proximo</strong></span> <span class='ocrx_word' id='word_1_216' title='bbox 1330 1069 1405 1095; x_wconf 86' lang='lat' dir='ltr'><strong>nata</strong></span> <span class='ocrx_word' id='word_1_217' title='bbox 1441 1068 1562 1104; x_wconf 80' lang='lat' dir='ltr'><strong>essent,</strong></span> <span class='ocrx_word' id='word_1_218' title='bbox 1609 1063 1838 1096; x_wconf 83' lang='lat' dir='ltr'><strong>immolaturos</strong></span> <span class='ocrx_word' id='word_1_219' title='bbox 1865 1063 1943 1104; x_wconf 87' lang='lat' dir='ltr'><strong>sibi,</strong></span> <span class='ocrx_word' id='word_1_220' title='bbox 1983 1075 2049 1107; x_wconf 88' lang='lat' dir='ltr'><strong>quo</strong></span> <span class='ocrx_word' id='word_1_221' title='bbox 2083 1063 2175 1096; x_wconf 86' lang='lat' dir='ltr'><strong>facto</strong></span> 
     </span>
    </p>

    <p class='ocr_par' dir='ltr' id='par_1_18' title="bbox 400 1114 2176 1160">
     <span class='ocr_line' id='line_1_19' title="bbox 400 1114 2176 1160; baseline 0 -13"><span class='ocrx_word' id='word_1_222' title='bbox 400 1115 530 1155; x_wconf 86' lang='lat' dir='ltr'><strong>levatis,</strong></span> <span class='ocrx_word' id='word_1_223' title='bbox 552 1118 630 1158; x_wconf 88' lang='lat' dir='ltr'><strong>post</strong></span> <span class='ocrx_word' id='word_1_224' title='bbox 656 1125 775 1146; x_wconf 77' lang='lat' dir='ltr'><strong>atinum</strong></span> <span class='ocrx_word' id='word_1_225' title='bbox 802 1114 1014 1146; x_wconf 52' lang='lat' dir='ltr'><strong>uicensimum</strong></span> <span class='ocrx_word' id='word_1_226' title='bbox 1034 1114 1156 1147; x_wconf 86' lang='lat' dir='ltr'><strong>deinde</strong></span> <span class='ocrx_word' id='word_1_227' title='bbox 1187 1114 1333 1147; x_wconf 87' lang='lat' dir='ltr'><strong>eiusdem</strong></span> <span class='ocrx_word' id='word_1_228' title='bbox 1361 1115 1492 1160; x_wconf 84' lang='lat' dir='ltr'><strong>generis</strong></span> <span class='ocrx_word' id='word_1_229' title='bbox 1527 1116 1657 1148; x_wconf 83' lang='lat' dir='ltr'><strong>incessit</strong></span> <span class='ocrx_word' id='word_1_230' title='bbox 1683 1115 1881 1159; x_wconf 83' lang='lat' dir='ltr'><strong>pestilentia.</strong></span> <span class='ocrx_word' id='word_1_231' title='bbox 1909 1126 2039 1148; x_wconf 86' lang='lat' dir='ltr'><strong>rursum</strong></span> <span class='ocrx_word' id='word_1_232' title='bbox 2065 1115 2176 1158; x_wconf 84' lang='lat' dir='ltr'><strong>itaque</strong></span> 
     </span>
    </p>

    <p class='ocr_par' dir='ltr' id='par_1_19' title="bbox 401 1165 2177 1210">
     <span class='ocr_line' id='line_1_20' title="bbox 401 1165 2177 1210; baseline 0 -12"><span class='ocrx_word' id='word_1_233' title='bbox 401 1166 566 1199; x_wconf 85' lang='lat' dir='ltr'><strong>consultus</strong></span> <span class='ocrx_word' id='word_1_234' title='bbox 593 1165 720 1209; x_wconf 89' lang='lat' dir='ltr'><strong>Apollo</strong></span> <span class='ocrx_word' id='word_1_235' title='bbox 749 1165 936 1210; x_wconf 81' lang='lat' dir='ltr'><strong>respondit,</strong></span> <span class='ocrx_word' id='word_1_236' title='bbox 971 1177 1036 1197; x_wconf 91' lang='lat' dir='ltr'><strong>non</strong></span> <span class='ocrx_word' id='word_1_237' title='bbox 1065 1177 1133 1198; x_wconf 72' lang='lat' dir='ltr'><strong>esse</strong></span> <span class='ocrx_word' id='word_1_238' title='bbox 1160 1167 1363 1209; x_wconf 82' lang='lat' dir='ltr'><strong>persolutum</strong></span> <span class='ocrx_word' id='word_1_239' title='bbox 1392 1167 1433 1199; x_wconf 86' lang='lat' dir='ltr'><strong>ab</strong></span> <span class='ocrx_word' id='word_1_240' title='bbox 1465 1166 1515 1199; x_wconf 89' lang='lat' dir='ltr'><strong>his</strong></span> <span class='ocrx_word' id='word_1_241' title='bbox 1544 1173 1673 1208; x_wconf 87' lang='lat' dir='ltr'><strong>votum,</strong></span> <span class='ocrx_word' id='word_1_242' title='bbox 1716 1167 1809 1209; x_wconf 90' lang='lat' dir='ltr'><strong>quod</strong></span> <span class='ocrx_word' id='word_1_243' title='bbox 1837 1166 1988 1199; x_wconf 80' lang='lat' dir='ltr'><strong>homines</strong></span> <span class='ocrx_word' id='word_1_244' title='bbox 2014 1166 2177 1199; x_wconf 88' lang='lat' dir='ltr'><strong>immolati</strong></span> 
     </span>
    </p>

    <p class='ocr_par' dir='ltr' id='par_1_20' title="bbox 402 1217 2176 1262">
     <span class='ocr_line' id='line_1_21' title="bbox 402 1217 2176 1262; baseline -0.001 -11"><span class='ocrx_word' id='word_1_245' title='bbox 402 1229 468 1251; x_wconf 90' lang='lat' dir='ltr'><strong>non</strong></span> <span class='ocrx_word' id='word_1_246' title='bbox 492 1221 615 1254; x_wconf 78' lang='lat' dir='ltr'><strong>essent3</strong></span> <span class='ocrx_word' id='word_1_247' title='bbox 654 1228 738 1259; x_wconf 86' lang='lat' dir='ltr'><strong>quos</strong></span> <span class='ocrx_word' id='word_1_248' title='bbox 765 1217 790 1249; x_wconf 91' lang='lat' dir='ltr'><strong>si</strong></span> <span class='ocrx_word' id='word_1_249' title='bbox 817 1217 1034 1261; x_wconf 78' lang='lat' dir='ltr'><strong>expulissent,</strong></span> <span class='ocrx_word' id='word_1_250' title='bbox 1076 1222 1166 1251; x_wconf 88' lang='lat' dir='ltr'><strong>certe</strong></span> <span class='ocrx_word' id='word_1_251' title='bbox 1194 1218 1285 1259; x_wconf 87' lang='lat' dir='ltr'><strong>fore,</strong></span> <span class='ocrx_word' id='word_1_252' title='bbox 1327 1224 1362 1250; x_wconf 92' lang='lat' dir='ltr'><strong>ut</strong></span> <span class='ocrx_word' id='word_1_253' title='bbox 1390 1230 1428 1251; x_wconf 88' lang='lat' dir='ltr'><strong>ea</strong></span> <span class='ocrx_word' id='word_1_254' title='bbox 1457 1219 1552 1251; x_wconf 86' lang='lat' dir='ltr'><strong>clade</strong></span> <span class='ocrx_word' id='word_1_255' title='bbox 1580 1219 1807 1251; x_wconf 85' lang='lat' dir='ltr'><strong>liberarentur.</strong></span> <span class='ocrx_word' id='word_1_256' title='bbox 1835 1217 1946 1261; x_wconf 90' lang='lat' dir='ltr'><strong>itaque</strong></span> <span class='ocrx_word' id='word_1_257' title='bbox 1973 1219 1984 1251; x_wconf 87' lang='lat' dir='ltr'><strong>i</strong></span> <span class='ocrx_word' id='word_1_258' title='bbox 2010 1218 2085 1251; x_wconf 89' lang='lat' dir='ltr'><strong>iussi</strong></span> <span class='ocrx_word' id='word_1_259' title='bbox 2113 1229 2176 1262; x_wconf 90' lang='lat' dir='ltr'><strong>pa-</strong></span> 
     </span>
    </p>

    <p class='ocr_par' dir='ltr' id='par_1_21' title="bbox 228 1268 2176 1314">
     <span class='ocr_line' id='line_1_22' title="bbox 228 1268 2176 1314; baseline 0.002 -15"><span class='ocrx_word' id='word_1_260' title='bbox 228 1276 257 1299; x_wconf 78' lang='lat' dir='ltr'><strong>·f</strong></span> <span class='ocrx_word' id='word_1_261' title='bbox 277 1270 465 1314; x_wconf 59' lang='lat' dir='ltr'><strong>⁸Tauro-tria</strong></span> <span class='ocrx_word' id='word_1_262' title='bbox 491 1268 676 1307; x_wconf 85' lang='lat' dir='ltr'><strong>decedere,</strong></span> <span class='ocrx_word' id='word_1_263' title='bbox 724 1280 799 1301; x_wconf 89' lang='lat' dir='ltr'><strong>cum</strong></span> <span class='ocrx_word' id='word_1_264' title='bbox 832 1269 864 1300; x_wconf 91' lang='lat' dir='ltr'><strong>in</strong></span> <span class='ocrx_word' id='word_1_265' title='bbox 892 1274 987 1312; x_wconf 87' lang='lat' dir='ltr'><strong>parte</strong></span> <span class='ocrx_word' id='word_1_266' title='bbox 1019 1281 1055 1301; x_wconf 77' lang='lat' dir='ltr'><strong>ea</strong></span> <span class='ocrx_word' id='word_1_267' title='bbox 1092 1269 1233 1302; x_wconf 75' lang='lat' dir='ltr'><strong>Siciliae</strong></span> <span class='ocrx_word' id='word_1_268' title='bbox 1260 1270 1504 1313; x_wconf 74' lang='lat' dir='ltr'><strong>consedissent,</strong></span> <span class='ocrx_word' id='word_1_269' title='bbox 1547 1282 1650 1313; x_wconf 89' lang='lat' dir='ltr'><strong>quae,</strong></span> <span class='ocrx_word' id='word_1_270' title='bbox 1683 1281 1773 1304; x_wconf 75' lang='lat' dir='ltr'><strong>nunc</strong></span> <span class='ocrx_word' id='word_1_271' title='bbox 1799 1270 2019 1304; x_wconf 84' lang='lat' dir='ltr'><strong>Tauricana*</strong></span> <span class='ocrx_word' id='word_1_272' title='bbox 2046 1269 2176 1311; x_wconf 84' lang='lat' dir='ltr'><strong>dicitur,</strong></span> 
     </span>
    </p>

    <p class='ocr_par' dir='ltr' id='par_1_22' title="bbox 252 1313 2176 1365">
     <span class='ocr_line' id='line_1_23' title="bbox 252 1313 2176 1365; baseline 0 -12"><span class='ocrx_word' id='word_1_273' title='bbox 252 1313 372 1334; x_wconf 76' lang='lat' dir='ltr'><strong>muntana</strong></span> <span class='ocrx_word' id='word_1_274' title='bbox 404 1322 491 1354; x_wconf 85' lang='lat' dir='ltr'><strong>sorte</strong></span> <span class='ocrx_word' id='word_1_275' title='bbox 518 1318 777 1354; x_wconf 71' lang='lat' dir='ltr'><strong>laborantibus4</strong></span> <span class='ocrx_word' id='word_1_276' title='bbox 804 1320 896 1353; x_wconf 87' lang='lat' dir='ltr'><strong>bello</strong></span> <span class='ocrx_word' id='word_1_277' title='bbox 924 1331 1011 1352; x_wconf 78' lang='lat' dir='ltr'><strong>novo</strong></span> <span class='ocrx_word' id='word_1_278' title='bbox 1039 1319 1305 1354; x_wconf 82' lang='lat' dir='ltr'><strong>Messanensibus</strong></span> <span class='ocrx_word' id='word_1_279' title='bbox 1327 1322 1450 1355; x_wconf 58' lang='lat' dir='ltr'><strong>auxilio</strong></span> <span class='ocrx_word' id='word_1_280' title='bbox 1478 1328 1637 1354; x_wconf 81' lang='lat' dir='ltr'><strong>venerunt</strong></span> <span class='ocrx_word' id='word_1_281' title='bbox 1659 1321 1764 1361; x_wconf 88' lang='lat' dir='ltr'><strong>ultro,</strong></span> <span class='ocrx_word' id='word_1_282' title='bbox 1798 1333 1924 1365; x_wconf 89' lang='lat' dir='ltr'><strong>eosque</strong></span> <span class='ocrx_word' id='word_1_283' title='bbox 1951 1321 1997 1354; x_wconf 83' lang='lat' dir='ltr'><strong>ab</strong></span> <span class='ocrx_word' id='word_1_284' title='bbox 2025 1332 2064 1354; x_wconf 81' lang='lat' dir='ltr'><strong>ee</strong></span> <span class='ocrx_word' id='word_1_285' title='bbox 2091 1321 2176 1353; x_wconf 90' lang='lat' dir='ltr'><strong>libe-</strong></span> 
     </span>
    </p>

    <p class='ocr_par' dir='ltr' id='par_1_23' title="bbox 405 1371 2176 1417">
     <span class='ocr_line' id='line_1_24' title="bbox 405 1371 2176 1417; baseline -0.001 -12"><span class='ocrx_word' id='word_1_286' title='bbox 405 1376 531 1405; x_wconf 76' lang='lat' dir='ltr'><strong>rarum.</strong></span> <span class='ocrx_word' id='word_1_287' title='bbox 559 1373 779 1415; x_wconf 79' lang='lat' dir='ltr'><strong>provinciales</strong></span> <span class='ocrx_word' id='word_1_288' title='bbox 807 1372 897 1415; x_wconf 93' lang='lat' dir='ltr'><strong>quod</strong></span> <span class='ocrx_word' id='word_1_289' title='bbox 922 1373 967 1404; x_wconf 90' lang='lat' dir='ltr'><strong>ob</strong></span> <span class='ocrx_word' id='word_1_290' title='bbox 996 1372 1148 1405; x_wconf 78' lang='lat' dir='ltr'><strong>meritum</strong></span> <span class='ocrx_word' id='word_1_291' title='bbox 1165 1371 1181 1392; x_wconf 83' lang='lat'>⁵</span> <span class='ocrx_word' id='word_1_292' title='bbox 1209 1383 1342 1413; x_wconf 87' lang='lat' dir='ltr'><strong>eorum,</strong></span> <span class='ocrx_word' id='word_1_293' title='bbox 1374 1378 1409 1405; x_wconf 90' lang='lat' dir='ltr'><strong>ut</strong></span> <span class='ocrx_word' id='word_1_294' title='bbox 1433 1373 1573 1417; x_wconf 83' lang='lat' dir='ltr'><strong>gratiam</strong></span> <span class='ocrx_word' id='word_1_295' title='bbox 1601 1373 1775 1411; x_wconf 81' lang='lat' dir='ltr'><strong>referrent3</strong></span> <span class='ocrx_word' id='word_1_296' title='bbox 1804 1378 1835 1405; x_wconf 88' lang='lat' dir='ltr'><strong>et</strong></span> <span class='ocrx_word' id='word_1_297' title='bbox 1862 1374 1895 1405; x_wconf 90' lang='lat' dir='ltr'><strong>in</strong></span> <span class='ocrx_word' id='word_1_298' title='bbox 1922 1384 2016 1406; x_wconf 87' lang='lat' dir='ltr'><strong>suum</strong></span> <span class='ocrx_word' id='word_1_299' title='bbox 2043 1383 2176 1416; x_wconf 90' lang='lat' dir='ltr'><strong>corpus,</strong></span> 
     </span>
    </p>

    <p class='ocr_par' dir='ltr' id='par_1_24' title="bbox 403 1423 2178 1469">
     <span class='ocr_line' id='line_1_25' title="bbox 403 1423 2178 1469; baseline -0.001 -11"><span class='ocrx_word' id='word_1_300' title='bbox 403 1424 737 1466; x_wconf 79' lang='lat' dir='ltr'><strong>communionemque</strong></span> <span class='ocrx_word' id='word_1_301' title='bbox 765 1434 923 1468; x_wconf 84' lang='lat' dir='ltr'><strong>agrorum</strong></span> <span class='ocrx_word' id='word_1_302' title='bbox 946 1424 1121 1456; x_wconf 82' lang='lat' dir='ltr'><strong>invitarunt</strong></span> <span class='ocrx_word' id='word_1_303' title='bbox 1145 1435 1217 1463; x_wconf 86' lang='lat' dir='ltr'><strong>eos,</strong></span> <span class='ocrx_word' id='word_1_304' title='bbox 1246 1430 1277 1457; x_wconf 88' lang='lat' dir='ltr'><strong>et</strong></span> <span class='ocrx_word' id='word_1_305' title='bbox 1304 1436 1424 1457; x_wconf 86' lang='lat' dir='ltr'><strong>nomen</strong></span> <span class='ocrx_word' id='word_1_306' title='bbox 1449 1430 1651 1469; x_wconf 84' lang='lat' dir='ltr'><strong>acceperunt</strong></span> <span class='ocrx_word' id='word_1_307' title='bbox 1673 1436 1794 1467; x_wconf 92' lang='lat' dir='ltr'><strong>unum,</strong></span> <span class='ocrx_word' id='word_1_308' title='bbox 1823 1428 1857 1456; x_wconf 91' lang='lat' dir='ltr'><strong>ut</strong></span> <span class='ocrx_word' id='word_1_309' title='bbox 1883 1424 2072 1457; x_wconf 85' lang='lat' dir='ltr'><strong>dicerentur</strong></span> <span class='ocrx_word' id='word_1_310' title='bbox 2097 1423 2178 1455; x_wconf 86' lang='lat' dir='ltr'><strong>Ma-</strong></span> 
     </span>
    </p>

    <p class='ocr_par' dir='ltr' id='par_1_25' title="bbox 403 1475 2177 1517">
     <span class='ocr_line' id='line_1_26' title="bbox 403 1475 2177 1517; baseline -0.001 -9"><span class='ocrx_word' id='word_1_311' title='bbox 403 1475 550 1514; x_wconf 85' lang='lat' dir='ltr'><strong>mertini,</strong></span> <span class='ocrx_word' id='word_1_312' title='bbox 586 1475 677 1517; x_wconf 92' lang='lat' dir='ltr'><strong>quod</strong></span> <span class='ocrx_word' id='word_1_313' title='bbox 706 1475 861 1508; x_wconf 88' lang='lat' dir='ltr'><strong>coniectis</strong></span> <span class='ocrx_word' id='word_1_314' title='bbox 895 1475 926 1507; x_wconf 89' lang='lat' dir='ltr'><strong>in</strong></span> <span class='ocrx_word' id='word_1_315' title='bbox 961 1480 1082 1508; x_wconf 79' lang='lat' dir='ltr'><strong>sortem</strong></span> <span class='ocrx_word' id='word_1_316' title='bbox 1111 1475 1291 1509; x_wconf 86' lang='lat' dir='ltr'><strong>duodecim</strong></span> <span class='ocrx_word' id='word_1_317' title='bbox 1321 1476 1461 1508; x_wconf 85' lang='lat' dir='ltr'><strong>deorum</strong></span> <span class='ocrx_word' id='word_1_318' title='bbox 1488 1477 1694 1515; x_wconf 85' lang='lat' dir='ltr'><strong>nominibus,</strong></span> <span class='ocrx_word' id='word_1_319' title='bbox 1734 1475 1881 1508; x_wconf 79' lang='lat' dir='ltr'><strong>Mamers</strong></span> <span class='ocrx_word' id='word_1_320' title='bbox 1916 1476 2003 1508; x_wconf 83' lang='lat' dir='ltr'><strong>forte.</strong></span> <span class='ocrx_word' id='word_1_321' title='bbox 2038 1475 2177 1508; x_wconf 82' lang='lat' dir='ltr'><strong>exierat:</strong></span> 
     </span>
    </p>

    <p class='ocr_par' dir='ltr' id='par_1_26' title="bbox 403 1525 2179 1571">
     <span class='ocr_line' id='line_1_27' title="bbox 403 1525 2179 1571; baseline -0.001 -12"><span class='ocrx_word' id='word_1_322' title='bbox 403 1527 460 1570; x_wconf 90' lang='lat' dir='ltr'><strong>qui</strong></span> <span class='ocrx_word' id='word_1_323' title='bbox 490 1527 605 1571; x_wconf 84' lang='lat' dir='ltr'><strong>lingua</strong></span> <span class='ocrx_word' id='word_1_324' title='bbox 632 1525 797 1560; x_wconf 84' lang='lat' dir='ltr'><strong>Oscorum</strong></span> <span class='ocrx_word' id='word_1_325' title='bbox 825 1527 918 1559; x_wconf 83' lang='lat' dir='ltr'><strong>Mars</strong></span> <span class='ocrx_word' id='word_1_326' title='bbox 953 1527 1165 1571; x_wconf 79' lang='lat' dir='ltr'><strong>significatur.</strong></span> <span class='ocrx_word' id='word_1_327' title='bbox 1195 1529 1286 1560; x_wconf 84' lang='lat' dir='ltr'><strong>cuius</strong></span> <span class='ocrx_word' id='word_1_328' title='bbox 1312 1527 1466 1560; x_wconf 81' lang='lat' dir='ltr'><strong>historiae</strong></span> <span class='ocrx_word' id='word_1_329' title='bbox 1497 1533 1613 1562; x_wconf 90' lang='lat' dir='ltr'><strong>auctor</strong></span> <span class='ocrx_word' id='word_1_330' title='bbox 1640 1533 1687 1560; x_wconf 89' lang='lat' dir='ltr'><strong>est</strong></span> <span class='ocrx_word' id='word_1_331' title='bbox 1713 1527 1820 1560; x_wconf 87' lang='lat' dir='ltr'><strong>Alfius</strong></span> <span class='ocrx_word' id='word_1_332' title='bbox 1847 1527 1933 1560; x_wconf 88' lang='lat' dir='ltr'><strong>libro</strong></span> <span class='ocrx_word' id='word_1_333' title='bbox 1960 1527 2070 1571; x_wconf 89' lang='lat' dir='ltr'><strong>primo</strong></span> <span class='ocrx_word' id='word_1_334' title='bbox 2097 1525 2179 1559; x_wconf 89' lang='lat' dir='ltr'><strong>belli</strong></span> 
     </span>
    </p>

    <p class='ocr_par' dir='ltr' id='par_1_27' title="bbox 404 1577 2180 1622">
     <span class='ocr_line' id='line_1_28' title="bbox 404 1577 2180 1622; baseline -0.002 -10"><span class='ocrx_word' id='word_1_335' title='bbox 404 1578 695 1622; x_wconf 84' lang='lat' dir='ltr'><strong>Carthaginiensis.</strong></span> <span class='ocrx_word' id='word_1_336' title='bbox 748 1578 943 1610; x_wconf 85' lang='lat' dir='ltr'><strong>Murrata</strong></span> <span class='ocrx_word' id='word_1_337' title='bbox 977 1579 1113 1621; x_wconf 84' lang='lat' dir='ltr'><strong>potione</strong></span> <span class='ocrx_word' id='word_1_338' title='bbox 1141 1590 1215 1611; x_wconf 87' lang='lat' dir='ltr'><strong>usos</strong></span> <span class='ocrx_word' id='word_1_339' title='bbox 1242 1580 1393 1622; x_wconf 89' lang='lat' dir='ltr'><strong>antiquos</strong></span> <span class='ocrx_word' id='word_1_340' title='bbox 1425 1579 1549 1613; x_wconf 90' lang='lat' dir='ltr'><strong>indicio</strong></span> <span class='ocrx_word' id='word_1_341' title='bbox 1578 1584 1644 1619; x_wconf 73' lang='lat' dir='ltr'><strong>est,</strong></span> <span class='ocrx_word' id='word_1_342' title='bbox 1678 1579 1770 1622; x_wconf 90' lang='lat' dir='ltr'><strong>quod</strong></span> <span class='ocrx_word' id='word_1_343' title='bbox 1799 1579 1896 1611; x_wconf 89' lang='lat' dir='ltr'><strong>etiam</strong></span> <span class='ocrx_word' id='word_1_344' title='bbox 1929 1589 2017 1612; x_wconf 84' lang='lat' dir='ltr'><strong>nunc</strong></span> <span class='ocrx_word' id='word_1_345' title='bbox 2043 1577 2180 1611; x_wconf 88' lang='lat' dir='ltr'><strong>Aediles</strong></span> 
     </span>
    </p>

    <p class='ocr_par' dir='ltr' id='par_1_28' title="bbox 405 1629 2180 1675">
     <span class='ocr_line' id='line_1_29' title="bbox 405 1629 2180 1675; baseline -0.001 -13"><span class='ocrx_word' id='word_1_346' title='bbox 405 1641 467 1675; x_wconf 89' lang='lat' dir='ltr'><strong>per</strong></span> <span class='ocrx_word' id='word_1_347' title='bbox 493 1630 753 1674; x_wconf 87' lang='lat' dir='ltr'><strong>supplicationes</strong></span> <span class='ocrx_word' id='word_1_348' title='bbox 781 1630 841 1662; x_wconf 90' lang='lat' dir='ltr'><strong>diis</strong></span> <span class='ocrx_word' id='word_1_349' title='bbox 865 1630 993 1662; x_wconf 84' lang='lat' dir='ltr'><strong>addunt</strong></span> <span class='ocrx_word' id='word_1_350' title='bbox 1020 1630 1061 1661; x_wconf 90' lang='lat' dir='ltr'><strong>ad</strong></span> <span class='ocrx_word' id='word_1_351' title='bbox 1089 1631 1287 1673; x_wconf 79' lang='lat' dir='ltr'><strong>pulvinaria,</strong></span> <span class='ocrx_word' id='word_1_352' title='bbox 1317 1638 1349 1663; x_wconf 87' lang='lat' dir='ltr'><strong>et</strong></span> <span class='ocrx_word' id='word_1_353' title='bbox 1375 1631 1466 1674; x_wconf 91' lang='lat' dir='ltr'><strong>quod</strong></span> <span class='ocrx_word' id='word_1_354' title='bbox 1494 1631 1568 1664; x_wconf 86' lang='grc' dir='ltr'><strong>ΧΠ.</strong></span> <span class='ocrx_word' id='word_1_355' title='bbox 1595 1631 1715 1663; x_wconf 86' lang='lat' dir='ltr'><strong>tabulis</strong></span> <span class='ocrx_word' id='word_1_356' title='bbox 1743 1635 1893 1672; x_wconf 88' lang='lat' dir='ltr'><strong>cavetur,</strong></span> <span class='ocrx_word' id='word_1_357' title='bbox 1920 1641 1962 1663; x_wconf 90' lang='lat' dir='ltr'><strong>ne</strong></span> <span class='ocrx_word' id='word_1_358' title='bbox 1982 1634 2114 1662; x_wconf 85' lang='lat' dir='ltr'><strong>mortuo</strong></span> <span class='ocrx_word' id='word_1_359' title='bbox 2128 1629 2180 1661; x_wconf 89' lang='lat' dir='ltr'><strong>in-</strong></span> 
     </span>
    </p>

    <p class='ocr_par' dir='ltr' id='par_1_29' title="bbox 235 1681 2178 1727">
     <span class='ocr_line' id='line_1_30' title="bbox 235 1681 2178 1727; baseline -0.001 -13"><span class='ocrx_word' id='word_1_360' title='bbox 235 1682 522 1723; x_wconf 61' lang='lat' dir='ltr'><strong>‘thastren-datur,</strong></span> <span class='ocrx_word' id='word_1_361' title='bbox 561 1687 597 1714; x_wconf 91' lang='lat' dir='ltr'><strong>ut</strong></span> <span class='ocrx_word' id='word_1_362' title='bbox 624 1681 668 1713; x_wconf 88' lang='lat' dir='ltr'><strong>ait</strong></span> <span class='ocrx_word' id='word_1_363' title='bbox 700 1681 806 1714; x_wconf 87' lang='lat' dir='ltr'><strong>Varro</strong></span> <span class='ocrx_word' id='word_1_364' title='bbox 841 1682 873 1713; x_wconf 91' lang='lat' dir='ltr'><strong>in</strong></span> <span class='ocrx_word' id='word_1_365' title='bbox 901 1681 1131 1724; x_wconf 88' lang='lat' dir='ltr'><strong>antiquitatum</strong></span> <span class='ocrx_word' id='word_1_366' title='bbox 1165 1682 1251 1714; x_wconf 88' lang='lat' dir='ltr'><strong>libro</strong></span> <span class='ocrx_word' id='word_1_367' title='bbox 1285 1683 1405 1726; x_wconf 89' lang='lat' dir='ltr'><strong>primo.</strong></span> <span class='ocrx_word' id='word_1_368' title='bbox 1472 1682 1512 1715; x_wconf 88' lang='lat' dir='ltr'>M</span> <span class='ocrx_word' id='word_1_369' title='bbox 1525 1694 1626 1727; x_wconf 88' lang='lat' dir='ltr'><strong>uger</strong></span> <span class='ocrx_word' id='word_1_370' title='bbox 1667 1681 1733 1715; x_wconf 85' lang='lat' dir='ltr'><strong>dici</strong></span> <span class='ocrx_word' id='word_1_371' title='bbox 1764 1682 1847 1714; x_wconf 90' lang='lat' dir='ltr'><strong>solet</strong></span> <span class='ocrx_word' id='word_1_372' title='bbox 1877 1693 1897 1714; x_wconf 90' lang='lat' dir='ltr'><strong>a</strong></span> <span class='ocrx_word' id='word_1_373' title='bbox 1932 1681 2178 1715; x_wconf 72' lang='lat' dir='ltr'><strong>Castrensium‘</strong></span> 
     </span>
    </p>

    <p class='ocr_par' dir='ltr' id='par_1_30' title="bbox 278 1719 2180 1777">
     <span class='ocr_line' id='line_1_31' title="bbox 278 1719 2180 1777; baseline -0.001 -12"><span class='ocrx_word' id='word_1_374' title='bbox 278 1719 354 1777; x_wconf 51' lang='grc' dir='ltr'><strong>ῗξωξξ</strong></span> <span class='ocrx_word' id='word_1_375' title='bbox 407 1733 598 1766; x_wconf 87' lang='lat' dir='ltr'><strong>hominibus</strong></span> <span class='ocrx_word' id='word_1_376' title='bbox 625 1733 717 1775; x_wconf 80' lang='lat' dir='ltr'><strong>quasi</strong></span> <span class='ocrx_word' id='word_1_377' title='bbox 741 1744 894 1766; x_wconf 87' lang='lat' dir='ltr'><strong>mucosus</strong></span> <span class='ocrx_word' id='word_1_378' title='bbox 921 1732 973 1765; x_wconf 89' lang='lat' dir='ltr'><strong>his</strong></span> <span class='ocrx_word' id='word_1_379' title='bbox 986 1734 1013 1773; x_wconf 90' lang='lat'><strong>*,</strong></span> <span class='ocrx_word' id='word_1_380' title='bbox 1041 1734 1097 1775; x_wconf 89' lang='lat' dir='ltr'><strong>qui</strong></span> <span class='ocrx_word' id='word_1_381' title='bbox 1126 1733 1198 1765; x_wconf 86' lang='lat' dir='ltr'><strong>talis</strong></span> <span class='ocrx_word' id='word_1_382' title='bbox 1226 1734 1313 1766; x_wconf 88' lang='lat' dir='ltr'><strong>male</strong></span> <span class='ocrx_word' id='word_1_383' title='bbox 1342 1733 1435 1766; x_wconf 92' lang='lat' dir='ltr'><strong>ludit.</strong></span> <span class='ocrx_word' id='word_1_384' title='bbox 1489 1733 1648 1766; x_wconf 45' lang='lat' dir='ltr'><strong>Muri*</strong></span> <span class='ocrx_word' id='word_1_385' title='bbox 1674 1731 1690 1754; x_wconf 75' lang='lat'><strong><em>⁶</em></strong></span> <span class='ocrx_word' id='word_1_386' title='bbox 1719 1738 1767 1765; x_wconf 86' lang='lat' dir='ltr'><strong>est</strong></span> <span class='ocrx_word' id='word_1_387' title='bbox 1797 1732 2085 1776; x_wconf 88' lang='lat' dir='ltr'><strong>quemadmodum</strong></span> <span class='ocrx_word' id='word_1_388' title='bbox 2110 1732 2180 1765; x_wconf 89' lang='lat' dir='ltr'><strong>Ve-</strong></span> 
     </span>
    </p>

    <p class='ocr_par' dir='ltr' id='par_1_31' title="bbox 238 1783 2180 1829">
     <span class='ocr_line' id='line_1_32' title="bbox 238 1783 2180 1829; baseline -0.001 -11"><span class='ocrx_word' id='word_1_389' title='bbox 238 1787 282 1810; x_wconf 81' lang='lat' dir='ltr'><strong>&#39;&#39;s·</strong></span> <span class='ocrx_word' id='word_1_390' title='bbox 299 1786 396 1810; x_wconf 77' lang='lat' dir='ltr'><strong>Muries</strong></span> <span class='ocrx_word' id='word_1_391' title='bbox 408 1785 515 1818; x_wconf 83' lang='lat' dir='ltr'><strong>ranius</strong></span> <span class='ocrx_word' id='word_1_392' title='bbox 536 1785 654 1823; x_wconf 77' lang='lat' dir='ltr'><strong>docet,</strong></span> <span class='ocrx_word' id='word_1_393' title='bbox 695 1797 733 1817; x_wconf 90' lang='lat' dir='ltr'><strong>ea</strong></span> <span class='ocrx_word' id='word_1_394' title='bbox 761 1796 847 1828; x_wconf 87' lang='lat' dir='ltr'><strong>quae</strong></span> <span class='ocrx_word' id='word_1_395' title='bbox 874 1784 911 1816; x_wconf 81' lang='lat' dir='ltr'><strong>fit</strong></span> <span class='ocrx_word' id='word_1_396' title='bbox 938 1796 977 1817; x_wconf 82' lang='lat' dir='ltr'><strong>ex</strong></span> <span class='ocrx_word' id='word_1_397' title='bbox 1005 1785 1062 1817; x_wconf 88' lang='lat' dir='ltr'><strong>sali</strong></span> <span class='ocrx_word' id='word_1_398' title='bbox 1090 1784 1244 1825; x_wconf 86' lang='lat' dir='ltr'><strong>sordido,</strong></span> <span class='ocrx_word' id='word_1_399' title='bbox 1280 1785 1312 1818; x_wconf 87' lang='lat' dir='ltr'><strong>in</strong></span> <span class='ocrx_word' id='word_1_400' title='bbox 1345 1786 1414 1829; x_wconf 89' lang='lat' dir='ltr'><strong>pila</strong></span> <span class='ocrx_word' id='word_1_401' title='bbox 1441 1785 1567 1829; x_wconf 83' lang='lat' dir='ltr'><strong>pisato,</strong></span> <span class='ocrx_word' id='word_1_402' title='bbox 1606 1790 1639 1817; x_wconf 91' lang='lat' dir='ltr'><strong>et</strong></span> <span class='ocrx_word' id='word_1_403' title='bbox 1664 1785 1696 1817; x_wconf 88' lang='lat' dir='ltr'><strong>in</strong></span> <span class='ocrx_word' id='word_1_404' title='bbox 1723 1785 1826 1817; x_wconf 90' lang='lat' dir='ltr'><strong>ollam</strong></span> <span class='ocrx_word' id='word_1_405' title='bbox 1852 1785 1989 1818; x_wconf 86' lang='lat' dir='ltr'><strong>fictilem</strong></span> <span class='ocrx_word' id='word_1_406' title='bbox 2018 1783 2180 1823; x_wconf 83' lang='lat' dir='ltr'><strong>coniecto,</strong></span> 
     </span>
    </p>

    <p class='ocr_par' dir='ltr' id='par_1_32' title="bbox 405 1836 2180 1882">
     <span class='ocr_line' id='line_1_33' title="bbox 405 1836 2180 1882; baseline -0.001 -14"><span class='ocrx_word' id='word_1_407' title='bbox 405 1837 517 1879; x_wconf 87' lang='lat' dir='ltr'><strong>ibique</strong></span> <span class='ocrx_word' id='word_1_408' title='bbox 543 1841 680 1880; x_wconf 89' lang='lat' dir='ltr'><strong>operto,</strong></span> <span class='ocrx_word' id='word_1_409' title='bbox 708 1841 920 1882; x_wconf 81' lang='lat' dir='ltr'><strong>gypsatoque</strong></span> <span class='ocrx_word' id='word_1_410' title='bbox 947 1840 979 1868; x_wconf 91' lang='lat' dir='ltr'><strong>et</strong></span> <span class='ocrx_word' id='word_1_411' title='bbox 1001 1836 1033 1868; x_wconf 91' lang='lat' dir='ltr'><strong>in</strong></span> <span class='ocrx_word' id='word_1_412' title='bbox 1062 1836 1158 1869; x_wconf 86' lang='lat' dir='ltr'><strong>furno</strong></span> <span class='ocrx_word' id='word_1_413' title='bbox 1185 1842 1363 1881; x_wconf 85' lang='lat' dir='ltr'><strong>percocto,</strong></span> <span class='ocrx_word' id='word_1_414' title='bbox 1395 1838 1448 1870; x_wconf 91' lang='lat' dir='ltr'><strong>cui</strong></span> <span class='ocrx_word' id='word_1_415' title='bbox 1477 1837 1628 1881; x_wconf 81' lang='lat' dir='ltr'><strong>Virgines</strong></span> <span class='ocrx_word' id='word_1_416' title='bbox 1655 1837 1802 1869; x_wconf 82' lang='lat' dir='ltr'><strong>Vestales</strong></span> <span class='ocrx_word' id='word_1_417' title='bbox 1829 1848 1918 1869; x_wconf 89' lang='lat' dir='ltr'><strong>serra</strong></span> <span class='ocrx_word' id='word_1_418' title='bbox 1943 1837 2052 1869; x_wconf 87' lang='lat' dir='ltr'><strong>ferrea</strong></span> <span class='ocrx_word' id='word_1_419' title='bbox 2077 1840 2180 1875; x_wconf 84' lang='lat' dir='ltr'><strong>secto,</strong></span> 
     </span>
    </p>

    <p class='ocr_par' dir='ltr' id='par_1_33' title="bbox 406 1885 2178 1937">
     <span class='ocr_line' id='line_1_34' title="bbox 406 1885 2178 1937; baseline -0.001 -17"><span class='ocrx_word' id='word_1_420' title='bbox 406 1893 439 1920; x_wconf 88' lang='lat' dir='ltr'><strong>et</strong></span> <span class='ocrx_word' id='word_1_421' title='bbox 464 1889 496 1921; x_wconf 89' lang='lat' dir='ltr'><strong>in</strong></span> <span class='ocrx_word' id='word_1_422' title='bbox 519 1888 635 1921; x_wconf 88' lang='lat' dir='ltr'><strong>seriam</strong></span> <span class='ocrx_word' id='word_1_423' title='bbox 650 1889 814 1931; x_wconf 88' lang='lat' dir='ltr'><strong>coniecto,</strong></span> <span class='ocrx_word' id='word_1_424' title='bbox 833 1899 919 1931; x_wconf 88' lang='lat' dir='ltr'><strong>quae</strong></span> <span class='ocrx_word' id='word_1_425' title='bbox 939 1893 986 1921; x_wconf 88' lang='lat' dir='ltr'><strong>est</strong></span> <span class='ocrx_word' id='word_1_426' title='bbox 1011 1888 1095 1920; x_wconf 83' lang='lat' dir='ltr'><strong>intus</strong></span> <span class='ocrx_word' id='word_1_427' title='bbox 1122 1889 1154 1920; x_wconf 93' lang='lat' dir='ltr'><strong>in</strong></span> <span class='ocrx_word' id='word_1_428' title='bbox 1182 1889 1265 1921; x_wconf 84' lang='lat' dir='ltr'><strong>aede</strong></span> <span class='ocrx_word' id='word_1_429' title='bbox 1283 1885 1302 1937; x_wconf 78' lang='grc' dir='ltr'>Η</span> <span class='ocrx_word' id='word_1_430' title='bbox 1320 1889 1440 1921; x_wconf 78' lang='lat' dir='ltr'><strong>Vestae</strong></span> <span class='ocrx_word' id='word_1_431' title='bbox 1460 1889 1492 1921; x_wconf 94' lang='lat' dir='ltr'><strong>in</strong></span> <span class='ocrx_word' id='word_1_432' title='bbox 1520 1900 1609 1933; x_wconf 89' lang='lat' dir='ltr'><strong>penu</strong></span> <span class='ocrx_word' id='word_1_433' title='bbox 1626 1889 1798 1926; x_wconf 73' lang='lat' dir='ltr'><strong>exteriore,</strong></span> <span class='ocrx_word' id='word_1_434' title='bbox 1826 1900 1946 1932; x_wconf 89' lang='lat' dir='ltr'><strong>aquam</strong></span> <span class='ocrx_word' id='word_1_435' title='bbox 1973 1887 2098 1932; x_wconf 82' lang='lat' dir='ltr'><strong>iugem,</strong></span> <span class='ocrx_word' id='word_1_436' title='bbox 2123 1885 2178 1932; x_wconf 80' lang='lat'><strong>[9]</strong></span> 
     </span>
    </p>

    <p class='ocr_par' dir='ltr' id='par_1_34' title="bbox 252 1937 2180 1985">
     <span class='ocr_line' id='line_1_35' title="bbox 252 1937 2180 1985; baseline -0.001 -14"><span class='ocrx_word' id='word_1_437' title='bbox 252 1938 287 1960; x_wconf 52' lang='grc' dir='ltr'><strong>’ἱ</strong></span> <span class='ocrx_word' id='word_1_438' title='bbox 298 1937 391 1961; x_wconf 76' lang='lat' dir='ltr'><strong>addunt</strong></span> <span class='ocrx_word' id='word_1_439' title='bbox 408 1939 460 1971; x_wconf 87' lang='lat' dir='ltr'><strong>vel</strong></span> <span class='ocrx_word' id='word_1_440' title='bbox 486 1939 686 1982; x_wconf 86' lang='lat' dir='ltr'><strong>quamlibet,</strong></span> <span class='ocrx_word' id='word_1_441' title='bbox 721 1945 953 1985; x_wconf 87' lang='lat' dir='ltr'><strong>praeterquam</strong></span> <span class='ocrx_word' id='word_1_442' title='bbox 981 1951 1067 1983; x_wconf 86' lang='lat' dir='ltr'><strong>quae</strong></span> <span class='ocrx_word' id='word_1_443' title='bbox 1095 1951 1156 1984; x_wconf 88' lang='lat' dir='ltr'><strong>per</strong></span> <span class='ocrx_word' id='word_1_444' title='bbox 1182 1940 1305 1973; x_wconf 83' lang='lat' dir='ltr'><strong>fistulas</strong></span> <span class='ocrx_word' id='word_1_445' title='bbox 1333 1940 1437 1981; x_wconf 87' lang='lat' dir='ltr'><strong>venit,</strong></span> <span class='ocrx_word' id='word_1_446' title='bbox 1474 1940 1599 1973; x_wconf 89' lang='lat' dir='ltr'><strong>addent</strong></span> <span class='ocrx_word' id='word_1_447' title='bbox 1610 1941 1636 1982; x_wconf 84' lang='lat'><strong>*,</strong></span> <span class='ocrx_word' id='word_1_448' title='bbox 1664 1945 1764 1983; x_wconf 88' lang='lat' dir='ltr'><strong>atque</strong></span> <span class='ocrx_word' id='word_1_449' title='bbox 1792 1952 1829 1973; x_wconf 87' lang='lat' dir='ltr'><strong>ea</strong></span> <span class='ocrx_word' id='word_1_450' title='bbox 1858 1940 1993 1973; x_wconf 86' lang='lat' dir='ltr'><strong>demum</strong></span> <span class='ocrx_word' id='word_1_451' title='bbox 2020 1939 2053 1971; x_wconf 90' lang='lat' dir='ltr'><strong>in</strong></span> <span class='ocrx_word' id='word_1_452' title='bbox 2080 1938 2180 1971; x_wconf 91' lang='lat' dir='ltr'><strong>sacri-</strong></span> 
     </span>
    </p>
   </div>
   <div class='ocr_carea' id='block_1_3' title="bbox 417 2079 1278 2207">
    <p class='ocr_par' dir='ltr' id='par_1_35' title="bbox 417 2079 1278 2207">
     <span class='ocr_line' id='line_1_36' title="bbox 417 2079 1278 2123; baseline 0.007 -17"><span class='ocrx_word' id='word_1_453' title='bbox 417 2079 513 2108; x_wconf 81' lang='lat' dir='ltr'><strong>suerit.</strong></span> <span class='ocrx_word' id='word_1_454' title='bbox 559 2082 645 2110; x_wconf 84' lang='lat' dir='ltr'><strong>Probi</strong></span> <span class='ocrx_word' id='word_1_455' title='bbox 664 2083 744 2121; x_wconf 90' lang='lat' dir='ltr'><strong>quod</strong></span> <span class='ocrx_word' id='word_1_456' title='bbox 766 2089 846 2112; x_wconf 84' lang='lat' dir='ltr'><strong>recte</strong></span> <span class='ocrx_word' id='word_1_457' title='bbox 862 2090 1036 2121; x_wconf 78' lang='lat' dir='ltr'><strong>excoctum,</strong></span> <span class='ocrx_word' id='word_1_458' title='bbox 1061 2089 1278 2123; x_wconf 87' lang='lat' dir='ltr'><strong>purgatumque</strong></span> 
     </span>
     <span class='ocr_line' id='line_1_37' title="bbox 418 2121 1278 2165; baseline 0.008 -18"><span class='ocrx_word' id='word_1_459' title='bbox 418 2121 465 2148; x_wconf 75' lang='lat' dir='ltr'><strong>eit.</strong></span> <span class='ocrx_word' id='word_1_460' title='bbox 511 2122 628 2152; x_wconf 79' lang='lat' dir='ltr'><strong>Prosani</strong></span> <span class='ocrx_word' id='word_1_461' title='bbox 650 2126 729 2162; x_wconf 90' lang='lat' dir='ltr'><strong>quod</strong></span> <span class='ocrx_word' id='word_1_462' title='bbox 752 2136 868 2155; x_wconf 86' lang='lat' dir='ltr'><strong>sacrum</strong></span> <span class='ocrx_word' id='word_1_463' title='bbox 891 2137 950 2155; x_wconf 92' lang='lat' dir='ltr'><strong>non</strong></span> <span class='ocrx_word' id='word_1_464' title='bbox 975 2128 1028 2161; x_wconf 77' lang='lat' dir='ltr'><strong>sit,</strong></span> <span class='ocrx_word' id='word_1_465' title='bbox 1051 2132 1080 2155; x_wconf 87' lang='lat' dir='ltr'><strong>et</strong></span> <span class='ocrx_word' id='word_1_466' title='bbox 1100 2127 1181 2165; x_wconf 91' lang='lat' dir='ltr'><strong>quod</strong></span> <span class='ocrx_word' id='word_1_467' title='bbox 1197 2126 1278 2155; x_wconf 85' lang='lat' dir='ltr'><strong>omni</strong></span> 
     </span>
     <span class='ocr_line' id='line_1_38' title="bbox 420 2162 1278 2207; baseline 0.008 -16"><span class='ocrx_word' id='word_1_468' title='bbox 420 2162 561 2199; x_wconf 82' lang='lat' dir='ltr'><strong>religione</strong></span> <span class='ocrx_word' id='word_1_469' title='bbox 582 2166 709 2195; x_wconf 81' lang='lat' dir='ltr'><strong>solutum</strong></span> <span class='ocrx_word' id='word_1_470' title='bbox 724 2169 769 2199; x_wconf 82' lang='lat' dir='ltr'><strong>sit.</strong></span> <span class='ocrx_word' id='word_1_471' title='bbox 814 2169 884 2207; x_wconf 78' lang='lat' dir='ltr'><strong>Sui,</strong></span> <span class='ocrx_word' id='word_1_472' title='bbox 909 2169 990 2207; x_wconf 90' lang='lat' dir='ltr'><strong>quod</strong></span> <span class='ocrx_word' id='word_1_473' title='bbox 1006 2170 1133 2198; x_wconf 87' lang='lat' dir='ltr'><strong>alienum</strong></span> <span class='ocrx_word' id='word_1_474' title='bbox 1155 2180 1214 2198; x_wconf 88' lang='lat' dir='ltr'><strong>non</strong></span> <span class='ocrx_word' id='word_1_475' title='bbox 1230 2170 1278 2198; x_wconf 80' lang='lat' dir='ltr'><strong>sit.</strong></span> 
     </span>
    </p>
   </div>
   <div class='ocr_carea' id='block_1_4' title="bbox 1320 2082 2179 2208">
    <p class='ocr_par' dir='ltr' id='par_1_36' title="bbox 1320 2082 2179 2208">
     <span class='ocr_line' id='line_1_39' title="bbox 1320 2082 2179 2122; baseline -0.003 -10"><span class='ocrx_word' id='word_1_476' title='bbox 1320 2083 1464 2122; x_wconf 83' lang='lat' dir='ltr'><strong>reliquiae</strong></span> <span class='ocrx_word' id='word_1_477' title='bbox 1482 2083 1624 2114; x_wconf 84' lang='lat' dir='ltr'><strong>indicant.</strong></span> <span class='ocrx_word' id='word_1_478' title='bbox 1648 2082 1728 2111; x_wconf 82' lang='lat' dir='ltr'><strong>Idem</strong></span> <span class='ocrx_word' id='word_1_479' title='bbox 1744 2082 1802 2117; x_wconf 86' lang='lat' dir='ltr'><strong>ait,</strong></span> <span class='ocrx_word' id='word_1_480' title='bbox 1834 2082 1960 2111; x_wconf 84' lang='lat' dir='ltr'><strong>curiales</strong></span> <span class='ocrx_word' id='word_1_481' title='bbox 1982 2082 2040 2110; x_wconf 88' lang='lat' dir='ltr'><strong>dici</strong></span> <span class='ocrx_word' id='word_1_482' title='bbox 2056 2091 2179 2115; x_wconf 78' lang='lat' dir='ltr'><strong>mensas,</strong></span> 
     </span>
     <span class='ocr_line' id='line_1_40' title="bbox 1320 2124 2179 2164; baseline -0.002 -10"><span class='ocrx_word' id='word_1_483' title='bbox 1320 2127 1350 2155; x_wconf 88' lang='lat' dir='ltr'><strong>in</strong></span> <span class='ocrx_word' id='word_1_484' title='bbox 1367 2126 1474 2164; x_wconf 85' lang='lat' dir='ltr'><strong>quibus</strong></span> <span class='ocrx_word' id='word_1_485' title='bbox 1496 2125 1703 2154; x_wconf 81' lang='lat' dir='ltr'><strong>immolabatur</strong></span> <span class='ocrx_word' id='word_1_486' title='bbox 1718 2125 1843 2162; x_wconf 80' lang='lat' dir='ltr'><strong>Iunoni,</strong></span> <span class='ocrx_word' id='word_1_487' title='bbox 1868 2135 1944 2163; x_wconf 90' lang='lat' dir='ltr'><strong>quae</strong></span> <span class='ocrx_word' id='word_1_488' title='bbox 1966 2124 2051 2153; x_wconf 86' lang='lat' dir='ltr'><strong>Curis</strong></span> <span class='ocrx_word' id='word_1_489' title='bbox 2065 2128 2109 2153; x_wconf 85' lang='lat' dir='ltr'><strong>est</strong></span> <span class='ocrx_word' id='word_1_490' title='bbox 2129 2133 2179 2162; x_wconf 81' lang='lat' dir='ltr'><strong>ap-</strong></span> 
     </span>
     <span class='ocr_line' id='line_1_41' title="bbox 1321 2165 2179 2208; baseline -0.003 -11"><span class='ocrx_word' id='word_1_491' title='bbox 1321 2169 1441 2208; x_wconf 81' lang='lat' dir='ltr'><strong>pellata.</strong></span> <span class='ocrx_word' id='word_1_492' title='bbox 1474 2169 1536 2197; x_wconf 86' lang='lat' dir='ltr'><strong>sive</strong></span> <span class='ocrx_word' id='word_1_493' title='bbox 1556 2169 1674 2207; x_wconf 76' lang='lat' dir='ltr'><strong>polius,</strong></span> <span class='ocrx_word' id='word_1_494' title='bbox 1698 2172 1731 2196; x_wconf 88' lang='lat' dir='ltr'><strong>ut</strong></span> <span class='ocrx_word' id='word_1_495' title='bbox 1752 2169 1794 2196; x_wconf 86' lang='lat' dir='ltr'><strong>ait</strong></span> <span class='ocrx_word' id='word_1_496' title='bbox 1814 2168 1844 2196; x_wconf 86' lang='lat' dir='ltr'><strong>in</strong></span> <span class='ocrx_word' id='word_1_497' title='bbox 1870 2168 2019 2206; x_wconf 67' lang='lat' dir='ltr'><strong>Quirites,</strong></span> <span class='ocrx_word' id='word_1_498' title='bbox 2049 2165 2130 2205; x_wconf 88' lang='lat' dir='ltr'><strong>quod</strong></span> <span class='ocrx_word' id='word_1_499' title='bbox 2149 2165 2179 2194; x_wconf 87' lang='lat' dir='ltr'><strong>in</strong></span> 
     </span>
    </p>
   </div>
   <div class='ocr_carea' id='block_1_5' title="bbox 421 2205 1283 2463">
    <p class='ocr_par' dir='ltr' id='par_1_37' title="bbox 421 2205 1283 2463">
     <span class='ocr_line' id='line_1_42' title="bbox 422 2205 1278 2250; baseline 0.012 -19"><span class='ocrx_word' id='word_1_500' title='bbox 422 2205 505 2240; x_wconf 81' lang='lat' dir='ltr'><strong>Legis</strong></span> <span class='ocrx_word' id='word_1_501' title='bbox 522 2205 645 2235; x_wconf 83' lang='lat' dir='ltr'><strong>Manliae</strong></span> <span class='ocrx_word' id='word_1_502' title='bbox 666 2209 701 2237; x_wconf 91' lang='lat' dir='ltr'><strong>de</strong></span> <span class='ocrx_word' id='word_1_503' title='bbox 718 2211 856 2248; x_wconf 72' lang='lat' dir='ltr'><strong>vigesima</strong></span> <span class='ocrx_word' id='word_1_504' title='bbox 882 2223 999 2248; x_wconf 88' lang='lat' dir='ltr'><strong>eorum,</strong></span> <span class='ocrx_word' id='word_1_505' title='bbox 1024 2213 1075 2250; x_wconf 86' lang='lat' dir='ltr'><strong>qui</strong></span> <span class='ocrx_word' id='word_1_506' title='bbox 1092 2214 1278 2241; x_wconf 85' lang='lat' dir='ltr'><strong>manumitte-</strong></span> 
     </span>
     <span class='ocr_line' id='line_1_43' title="bbox 421 2248 1279 2294; baseline 0.01 -20"><span class='ocrx_word' id='word_1_507' title='bbox 421 2251 524 2293; x_wconf 73' lang='lat' dir='ltr'><strong>rentur</strong></span> <span class='ocrx_word' id='word_1_508' title='bbox 546 2248 646 2294; x_wconf 77' lang='lat' dir='ltr'><strong>Livius</strong></span> <span class='ocrx_word' id='word_1_509' title='bbox 663 2251 733 2280; x_wconf 81' lang='lat' dir='ltr'><strong>facit</strong></span> <span class='ocrx_word' id='word_1_510' title='bbox 755 2254 930 2283; x_wconf 83' lang='lat' dir='ltr'><strong>mentionem</strong></span> <span class='ocrx_word' id='word_1_511' title='bbox 951 2255 1002 2283; x_wconf 82' lang='lat' dir='ltr'><strong>lib.</strong></span> <span class='ocrx_word' id='word_1_512' title='bbox 1017 2258 1047 2286; x_wconf 88' lang='lat'><strong>7.</strong></span> <span class='ocrx_word' id='word_1_513' title='bbox 1062 2256 1178 2294; x_wconf 84' lang='lat' dir='ltr'><strong>reliqua</strong></span> <span class='ocrx_word' id='word_1_514' title='bbox 1205 2256 1279 2283; x_wconf 84' lang='lat' dir='ltr'><strong>Pau-</strong></span> 
     </span>
     <span class='ocr_line' id='line_1_44' title="bbox 421 2289 1282 2337; baseline 0.015 -21"><span class='ocrx_word' id='word_1_515' title='bbox 421 2289 467 2317; x_wconf 72' lang='lat' dir='ltr'><strong>lus</strong></span> <span class='ocrx_word' id='word_1_516' title='bbox 488 2299 519 2316; x_wconf 86' lang='lat'><strong>111</strong></span> <span class='ocrx_word' id='word_1_517' title='bbox 538 2295 666 2327; x_wconf 78' lang='lat' dir='ltr'><strong>epitoma</strong></span> <span class='ocrx_word' id='word_1_518' title='bbox 686 2295 895 2331; x_wconf 84' lang='lat' dir='ltr'><strong>suppeditavit.</strong></span> <span class='ocrx_word' id='word_1_519' title='bbox 933 2298 1010 2326; x_wconf 69' lang='lat' dir='ltr'><strong>Urs.</strong></span> <span class='ocrx_word' id='word_1_520' title='bbox 1044 2317 1081 2320; x_wconf 96' lang='lat'><strong>—</strong></span> <span class='ocrx_word' id='word_1_521' title='bbox 1115 2296 1151 2337; x_wconf 93' lang='lat'><strong>1)</strong></span> <span class='ocrx_word' id='word_1_522' title='bbox 1175 2296 1282 2326; x_wconf 66' lang='lat' dir='ltr'><strong>edicito</strong></span> 
     </span>
     <span class='ocr_line' id='line_1_45' title="bbox 423 2331 1282 2379; baseline 0.015 -21"><span class='ocrx_word' id='word_1_523' title='bbox 423 2331 560 2379; x_wconf 46' lang='lat' dir='ltr'><strong>Ven.·Sc0</strong></span> <span class='ocrx_word' id='word_1_524' title='bbox 585 2350 623 2354; x_wconf 89' lang='lat'>—</span> <span class='ocrx_word' id='word_1_525' title='bbox 647 2335 674 2370; x_wconf 65' lang='lat'><strong>⁶²)</strong></span> <span class='ocrx_word' id='word_1_526' title='bbox 692 2335 824 2373; x_wconf 59' lang='lat' dir='ltr'><strong>Jilz&#39;grare</strong></span> <span class='ocrx_word' id='word_1_527' title='bbox 844 2339 968 2377; x_wconf 73' lang='lat' dir='ltr'><strong>mensa]</strong></span> <span class='ocrx_word' id='word_1_528' title='bbox 990 2340 1105 2369; x_wconf 85' lang='lat' dir='ltr'><strong>Mensas</strong></span> <span class='ocrx_word' id='word_1_529' title='bbox 1119 2340 1190 2370; x_wconf 81' lang='lat' dir='ltr'><strong>deae</strong></span> <span class='ocrx_word' id='word_1_530' title='bbox 1206 2350 1282 2378; x_wconf 72' lang='lat' dir='ltr'><strong>quae</strong></span> 
     </span>
     <span class='ocr_line' id='line_1_46' title="bbox 422 2374 1282 2421; baseline 0.01 -20"><span class='ocrx_word' id='word_1_531' title='bbox 422 2374 452 2401; x_wconf 85' lang='lat' dir='ltr'><strong>in</strong></span> <span class='ocrx_word' id='word_1_532' title='bbox 467 2374 564 2402; x_wconf 74' lang='lat' dir='ltr'><strong>triviis</strong></span> <span class='ocrx_word' id='word_1_533' title='bbox 579 2374 743 2411; x_wconf 82' lang='lat' dir='ltr'><strong>coleretur,</strong></span> <span class='ocrx_word' id='word_1_534' title='bbox 771 2378 832 2406; x_wconf 74' lang='lat' dir='ltr'><strong>sive</strong></span> <span class='ocrx_word' id='word_1_535' title='bbox 851 2380 966 2417; x_wconf 81' lang='lat' dir='ltr'><strong>Dianae,</strong></span> <span class='ocrx_word' id='word_1_536' title='bbox 989 2382 1050 2410; x_wconf 73' lang='lat' dir='ltr'><strong>sive</strong></span> <span class='ocrx_word' id='word_1_537' title='bbox 1069 2383 1196 2412; x_wconf 85' lang='lat' dir='ltr'><strong>Hecatae</strong></span> <span class='ocrx_word' id='word_1_538' title='bbox 1211 2382 1282 2421; x_wconf 87' lang='lat' dir='ltr'><strong>poni</strong></span> 
     </span>
     <span class='ocr_line' id='line_1_47' title="bbox 422 2415 1283 2463; baseline 0.009 -19"><span class='ocrx_word' id='word_1_539' title='bbox 422 2415 542 2453; x_wconf 72' lang='lat' dir='ltr'><strong>solitae,</strong></span> <span class='ocrx_word' id='word_1_540' title='bbox 572 2426 647 2454; x_wconf 79' lang='lat' dir='ltr'><strong>quae</strong></span> <span class='ocrx_word' id='word_1_541' title='bbox 671 2418 801 2447; x_wconf 84' lang='lat' dir='ltr'><strong>triviales</strong></span> <span class='ocrx_word' id='word_1_542' title='bbox 822 2421 889 2449; x_wconf 87' lang='lat' dir='ltr'><strong>inde</strong></span> <span class='ocrx_word' id='word_1_543' title='bbox 910 2423 1075 2461; x_wconf 84' lang='lat' dir='ltr'><strong>appellatae</strong></span> <span class='ocrx_word' id='word_1_544' title='bbox 1096 2426 1174 2463; x_wconf 84' lang='lat' dir='ltr'><strong>sint,</strong></span> <span class='ocrx_word' id='word_1_545' title='bbox 1203 2425 1283 2454; x_wconf 80' lang='lat' dir='ltr'><strong>Festi</strong></span> 
     </span>
    </p>
   </div>
   <div class='ocr_carea' id='block_1_6' title="bbox 1321 2210 2179 2462">
    <p class='ocr_par' dir='ltr' id='par_1_38' title="bbox 1321 2210 2179 2462">
     <span class='ocr_line' id='line_1_48' title="bbox 1322 2210 2178 2244; baseline -0.005 -4"><span class='ocrx_word' id='word_1_546' title='bbox 1322 2212 1414 2240; x_wconf 86' lang='lat' dir='ltr'><strong>curiis</strong></span> <span class='ocrx_word' id='word_1_547' title='bbox 1431 2221 1456 2240; x_wconf 77' lang='lat' dir='ltr'><strong>ei</strong></span> <span class='ocrx_word' id='word_1_548' title='bbox 1471 2211 1571 2239; x_wconf 84' lang='lat' dir='ltr'><strong>Sabini</strong></span> <span class='ocrx_word' id='word_1_549' title='bbox 1586 2210 1792 2240; x_wconf 83' lang='lat' dir='ltr'><strong>sacrificabant</strong></span> <span class='ocrx_word' id='word_1_550' title='bbox 1802 2233 1810 2244; x_wconf 79' lang='grc'>,</span> <span class='ocrx_word' id='word_1_551' title='bbox 1842 2210 1967 2239; x_wconf 80' lang='lat' dir='ltr'><strong>curiales</strong></span> <span class='ocrx_word' id='word_1_552' title='bbox 1981 2213 2051 2239; x_wconf 82' lang='lat' dir='ltr'><strong>sunt</strong></span> <span class='ocrx_word' id='word_1_553' title='bbox 2067 2217 2178 2237; x_wconf 78' lang='lat' dir='ltr'><strong>mensae</strong></span> 
     </span>
     <span class='ocr_line' id='line_1_49' title="bbox 1321 2249 2179 2293; baseline -0.006 -11"><span class='ocrx_word' id='word_1_554' title='bbox 1321 2254 1495 2293; x_wconf 83' lang='lat' dir='ltr'><strong>appellatae.</strong></span> <span class='ocrx_word' id='word_1_555' title='bbox 1534 2254 1614 2282; x_wconf 76' lang='lat' dir='ltr'><strong>Urs.</strong></span> <span class='ocrx_word' id='word_1_556' title='bbox 1651 2272 1688 2276; x_wconf 91' lang='grc'><strong>--</strong></span> <span class='ocrx_word' id='word_1_557' title='bbox 1728 2254 1756 2291; x_wconf 83' lang='grc'><strong>3)</strong></span> <span class='ocrx_word' id='word_1_558' title='bbox 1778 2252 1977 2293; x_wconf 79' lang='lat' dir='ltr'><strong>Mamertini.]</strong></span> <span class='ocrx_word' id='word_1_559' title='bbox 2011 2250 2084 2280; x_wconf 79' lang='lat' dir='ltr'><strong>Vide</strong></span> <span class='ocrx_word' id='word_1_560' title='bbox 2102 2249 2179 2278; x_wconf 85' lang='lat' dir='ltr'><strong>infra</strong></span> 
     </span>
     <span class='ocr_line' id='line_1_50' title="bbox 1323 2292 2179 2335; baseline -0.008 -10"><span class='ocrx_word' id='word_1_561' title='bbox 1323 2298 1355 2325; x_wconf 84' lang='lat' dir='ltr'><strong>in</strong></span> <span class='ocrx_word' id='word_1_562' title='bbox 1375 2297 1432 2325; x_wconf 71' lang='lat' dir='ltr'><strong>Ver</strong></span> <span class='ocrx_word' id='word_1_563' title='bbox 1455 2304 1587 2326; x_wconf 68' lang='lat' dir='ltr'><strong>sacrum.</strong></span> <span class='ocrx_word' id='word_1_564' title='bbox 1612 2300 1640 2325; x_wconf 85' lang='lat' dir='ltr'><strong>et</strong></span> <span class='ocrx_word' id='word_1_565' title='bbox 1664 2295 1738 2326; x_wconf 90' lang='lat' dir='ltr'><strong>Plin.</strong></span> <span class='ocrx_word' id='word_1_566' title='bbox 1760 2295 1810 2325; x_wconf 90' lang='lat' dir='ltr'><strong>lib.</strong></span> <span class='ocrx_word' id='word_1_567' title='bbox 1827 2298 1857 2328; x_wconf 84' lang='grc'><strong>3.</strong></span> <span class='ocrx_word' id='word_1_568' title='bbox 1880 2305 1946 2335; x_wconf 82' lang='lat' dir='ltr'><strong>cap.</strong></span> <span class='ocrx_word' id='word_1_569' title='bbox 1963 2297 2010 2327; x_wconf 83' lang='lat'><strong>13.</strong></span> <span class='ocrx_word' id='word_1_570' title='bbox 2041 2292 2115 2321; x_wconf 69' lang='lat' dir='ltr'><strong>Urs.</strong></span> <span class='ocrx_word' id='word_1_571' title='bbox 2136 2307 2179 2313; x_wconf 89' lang='lat'>—</span> 
     </span>
     <span class='ocr_line' id='line_1_51' title="bbox 1325 2338 2178 2377; baseline -0.008 -10"><span class='ocrx_word' id='word_1_572' title='bbox 1325 2341 1352 2376; x_wconf 78' lang='lat'><strong>4)</strong></span> <span class='ocrx_word' id='word_1_573' title='bbox 1372 2339 1560 2377; x_wconf 78' lang='lat' dir='ltr'><strong>parantibus</strong></span> <span class='ocrx_word' id='word_1_574' title='bbox 1579 2339 1650 2368; x_wconf 85' lang='lat' dir='ltr'><strong>Ven.</strong></span> <span class='ocrx_word' id='word_1_575' title='bbox 1671 2339 1720 2368; x_wconf 90' lang='lat' dir='ltr'><strong>Se.</strong></span> <span class='ocrx_word' id='word_1_576' title='bbox 1745 2356 1782 2361; x_wconf 87' lang='lat'><strong>--</strong></span> <span class='ocrx_word' id='word_1_577' title='bbox 1811 2339 1840 2376; x_wconf 84' lang='lat'><strong>5)</strong></span> <span class='ocrx_word' id='word_1_578' title='bbox 1863 2338 1899 2366; x_wconf 84' lang='lat' dir='ltr'><strong>ob</strong></span> <span class='ocrx_word' id='word_1_579' title='bbox 1920 2360 1927 2366; x_wconf 92' lang='lat'><strong>.</strong></span> <span class='ocrx_word' id='word_1_580' title='bbox 1945 2340 1957 2365; x_wconf 71' lang='lat'><strong>⁴.</strong></span> <span class='ocrx_word' id='word_1_581' title='bbox 1980 2338 2089 2370; x_wconf 70' lang='lat' dir='ltr'><strong>citum,</strong></span> <span class='ocrx_word' id='word_1_582' title='bbox 2111 2342 2178 2361; x_wconf 87' lang='lat' dir='ltr'><strong>cum</strong></span> 
     </span>
     <span class='ocr_line' id='line_1_52' title="bbox 1325 2377 2176 2420; baseline -0.006 -10"><span class='ocrx_word' id='word_1_583' title='bbox 1325 2382 1495 2410; x_wconf 73' lang='lat' dir='ltr'><strong>coniectura</strong></span> <span class='ocrx_word' id='word_1_584' title='bbox 1516 2383 1545 2410; x_wconf 87' lang='lat' dir='ltr'><strong>in</strong></span> <span class='ocrx_word' id='word_1_585' title='bbox 1567 2381 1696 2420; x_wconf 84' lang='lat' dir='ltr'><strong>margine</strong></span> <span class='ocrx_word' id='word_1_586' title='bbox 1720 2380 1755 2408; x_wconf 85' lang='lat' dir='ltr'><strong>ob</strong></span> <span class='ocrx_word' id='word_1_587' title='bbox 1775 2382 1942 2408; x_wconf 77' lang='lat' dir='ltr'><strong>exercitum.</strong></span> <span class='ocrx_word' id='word_1_588' title='bbox 1972 2378 2044 2407; x_wconf 86' lang='lat' dir='ltr'><strong>Ven.</strong></span> <span class='ocrx_word' id='word_1_589' title='bbox 2069 2377 2116 2405; x_wconf 85' lang='lat' dir='ltr'><strong>Se.</strong></span> <span class='ocrx_word' id='word_1_590' title='bbox 2139 2393 2176 2398; x_wconf 85' lang='lat'><strong>—</strong></span> 
     </span>
     <span class='ocr_line' id='line_1_53' title="bbox 1325 2417 2176 2462; baseline -0.009 -9"><span class='ocrx_word' id='word_1_591' title='bbox 1325 2426 1352 2461; x_wconf 87' lang='lat'><strong>6)</strong></span> <span class='ocrx_word' id='word_1_592' title='bbox 1376 2424 1512 2462; x_wconf 54' lang='lat' dir='ltr'><strong>Muriem]</strong></span> <span class='ocrx_word' id='word_1_593' title='bbox 1541 2425 1587 2453; x_wconf 76' lang='lat' dir='ltr'><strong>Ex</strong></span> <span class='ocrx_word' id='word_1_594' title='bbox 1606 2424 1665 2452; x_wconf 91' lang='lat' dir='ltr'><strong>hoc</strong></span> <span class='ocrx_word' id='word_1_595' title='bbox 1686 2424 1755 2451; x_wconf 90' lang='lat' dir='ltr'><strong>loco</strong></span> <span class='ocrx_word' id='word_1_596' title='bbox 1777 2422 1872 2451; x_wconf 82' lang='lat' dir='ltr'><strong>Varro</strong></span> <span class='ocrx_word' id='word_1_597' title='bbox 1893 2419 1973 2460; x_wconf 88' lang='lat' dir='ltr'><strong>apud</strong></span> <span class='ocrx_word' id='word_1_598' title='bbox 1997 2417 2121 2448; x_wconf 83' lang='lat' dir='ltr'><strong>Nonium</strong></span> <span class='ocrx_word' id='word_1_599' title='bbox 2147 2417 2176 2446; x_wconf 90' lang='lat' dir='ltr'><strong>in</strong></span> 
     </span>
    </p>
   </div>
  </div>
 </body>
</html>
