2263 2668
230 204 304 240 733
654 194 1001 228 COMMENTARII
1028 194 1075 227 IN
1102 192 1245 227 PAULI
1271 191 1467 226 DIACONI
1494 191 1749 227 EXCERPTA

229 295 288 326 Sed
310 293 409 335 potius
431 287 560 329 regillum
583 291 627 316 est
648 297 663 315 a
686 285 840 327 tegetibus,
871 286 951 325 quod
974 296 990 316 e
1012 286 1130 325 scirpo,
1160 285 1286 325 palustri
1308 284 1400 314 herba
1422 285 1522 322 fieret,
1553 290 1587 314 ut
1611 290 1729 325 tegetes,
1776 285 1882 315 Graeci
1905 285 2019 324 ψίαθοι
2044 287 2176 323 φλοΐναι,

231 338 352 378 Scirpuc
374 339 416 364 est
439 332 542 368 φλοῦς.
586 329 674 359 Dac-
1379 371 1384 375 -
1428 371 1432 375 -

394 373 549 404 Tiberis.
595 371 667 401 Vide
689 370 815 402 Albula.
839 371 924 401 Dac.
966 371 1048 400 Idem
1070 371 1171 399 Livius
1195 370 1236 410 (l,
1259 371 1312 409 3,).
1351 370 1450 398 Tibris
1473 381 1488 398 a
1512 371 1609 407 Tibri,
1640 371 1689 400 alii
1713 382 1728 400 a
1751 372 1850 400 Tiberi
1873 381 1941 408 rege
1965 370 2177 408 Aboriginum3

229 422 277 451 alii
300 420 335 449 ab
360 429 393 447 eo
416 426 500 453 rege,
535 425 623 454 quem
647 415 778 443 Glaucus
801 414 909 442 Minois
940 414 1017 442 filius
1040 414 1124 442 iuxta
1146 412 1204 441 hoc
1224 413 1334 442 flumen
1357 413 1387 441 in
1410 413 1495 442 Italia
1517 414 1676 444 interemit.
1719 415 1840 443 Servius
1857 414 1931 443 Vlll.
1955 414 2024 443 Aen.
2046 415 2175 453 (p.'525.

229 466 260 493 C.
283 464 353 491 Dan.
372 485 378 491 .
425 457 532 487 Goth.

358 462 368 499 )
391 499 597 531 Tibicines.
644 499 841 533 columellae,
868 499 973 538 quibus
997 503 1075 527 tecta
1099 497 1268 528 fulciuntur.
1315 497 1446 527 Juvenal.
1471 498 1531 526 Sat.
1548 497 1607 535 111,
1633 501 1720 531 190.:

826 540 891 570 Nos
914 541 1012 570 urbem
1036 539 1161 570 colimus
1182 541 1261 569 tenui
1283 540 1401 569 tibicine
1414 538 1544 581 fultam,

226 589 313 618 Dec.

393 625 566 667 Tippula.
612 625 811 654 Glossarium:
837 624 964 666 Tippula
989 625 1131 664 ε’φυδρίς,
1154 621 1287 661 ἒξώπουν
1308 620 1524 662 ἐντινηχόμενον
1545 627 1589 666 τῷ
1609 623 1697 665 νότῳ.
1730 625 1811 654 Gaza
1836 634 1990 663 perperam
2014 621 2176 662 ἇσκαρὶὄας

226 673 316 702 vertit
339 669 477 711 tippulas.
522 669 674 707 Siquidem
698 669 829 707 tippulae
852 680 913 698 non
936 673 1004 697 sunt
1027 678 1156 703 vermes,
1186 667 1237 696 sed
1261 667 1360 706 potius
1383 667 1463 695 aliud
1486 667 1594 696 insecti
1616 678 1724 705 genus,
1755 667 1835 706 quud
1860 677 1978 706 semper
1999 667 2031 695 in
2051 667 2125 696 rivis
2147 672 2176 697 et

226 715 359 745 sontibus
389 712 512 748 visitur,
547 722 660 740 summa
689 712 839 741 celeritate
875 711 1059 750 superficiem
1089 721 1180 748 aquae
1210 720 1405 749 percurrens,
1444 719 1517 748 quas
1540 710 1647 748 vulgus
1673 711 1851 749 Aquitanum
1875 715 1904 739 et
1925 710 2050 738 Accolae
2073 710 2176 739 Garu-

225 768 309 787 mnae
333 766 438 795 capras
460 758 580 784 vocant.
623 754 726 793 Itaque
750 754 830 782 dicta
853 759 921 782 sunt
944 751 1023 791 παρά
1050 750 1084 782 τά
1107 754 1195 792 τίφης
1224 754 1313 791 τίφεα
1336 752 1413 780 enim
1437 750 1472 781 τὰ
1494 752 1559 792 ἕλη,
1587 753 1726 793 paludes,
1748 753 1841 781 lacus.
1885 753 1988 791 ltaque
2011 752 2122 781 Varro:

761 813 802 817 —
845 812 888 818 -—
929 812 972 818 -
1015 794 1085 824 levis

720 837 846 878 Tippula
868 837 1005 877 Zimplchv
1020 836 1159 879 frigidos
1182 837 1286 865 transit
1309 834 1401 867 lacus.

225 883 355 922 Scaliger
377 882 408 910 in
432 880 635 910 Coniectaneis
658 880 695 910 ad
719 882 880 910 Varronem
905 880 985 919 (pag.
1000 883 1070 912 139.
1094 880 1140 909 ed.
1163 879 1288 918 Steph.).
1327 879 1434 907 Versus
1459 878 1554 907 Plauti
1577 884 1620 907 est
1642 889 1656 908 e
1679 879 1766 908 Persa
1789 881 1853 908 Act.
1868 879 1906 910 ΙΙ.
1929 881 2018 916 sc.2‚
2041 880 2132 916 (62.):

715 923 816 964 Neque
838 921 968 963 tippulae
990 922 1081 952 levius
1099 921 1217 963 pondus
1238 929 1294 959 est,
1327 933 1413 962 quam
1426 920 1509 962 fides
1531 920 1659 950 lenonia.

224 966 282 996 Sed
305 966 355 1006 qui
379 964 423 994 sic
445 963 661 994 emendandus:

715 1006 815 1048 Neque
837 1005 966 1047 tippulae
989 1005 1078 1036 levin-s·
1097 1004 1215 1046 pondus
1239 1012 1279 1034 est
1302 1016 1389 1046 quam
1403 1003 1472 1046 filie
1494 1003 1635 1034 lenoniae.

223 1051 296 1081 Nam
308 1049 377 1093 fide
400 1050 514 1088 antiqui
538 1060 593 1089 pro
605 1048 692 1090 fidei.
717 1049 806 1079 Dac.
839 1050 933 1078 Etiam
956 1050 1006 1078 hic
1030 1049 1125 1079 Plauti
1148 1049 1232 1077 locus
1255 1048 1400 1085 ostendit,
1426 1047 1617 1077 scribendum
1641 1057 1702 1076 esse
1725 1046 1846 1088 dpulla,
1868 1052 1901 1076 ut
1924 1048 2020 1078 voluit
2042 1049 2174 1088 Scaliger

223 1095 260 1124 ad
285 1094 368 1125 Varr.
393 1104 457 1132 pag.
472 1095 541 1124 139.
567 1092 612 1121 ed.
636 1092 740 1132 Steph.
764 1093 800 1122 cs.
825 1093 900 1121 Non.
923 1103 989 1132 pag.
1005 1095 1074 1124 108.
1099 1092 1189 1121 merc.

389 1134 633 1165 Testiculari.
679 1136 702 1163 A
727 1135 892 1164 Testiculis.
937 1135 1026 1164 Dac.
2143 1156 2146 1158 ,

389 1177 534 1217 Tifata.
577 1178 674 1205 Tifata
697 1183 764 1206 sunt
786 1178 901 1214 iliceta,
932 1187 1067 1212 nemora,
1100 1176 1185 1204 Curia
1208 1175 1319 1211 Tifata,
1350 1184 1426 1213 quae
1448 1174 1569 1204 domum
1592 1175 1674 1203 Curii
1697 1174 1851 1205 ornabant.
1896 1174 1971 1203 Vide
1996 1173 2077 1205 Curii
2087 1174 2174 1217 fana

222 1226 253 1252 et
274 1219 416 1251 Mancini
438 1219 529 1261 fana.
577 1220 616 1248 lle
639 1220 734 1249 Tifata
765 1225 864 1249 monte
894 1220 960 1248 urbi
984 1221 1099 1258 Capuae
1127 1218 1297 1247 imminente
1321 1218 1422 1245 Livius
1450 1217 1501 1246 lib.
1514 1217 1584 1254 Vll,
1616 1219 1683 1249 29.:
1722 1216 1826 1259 Tifata
1855 1218 2033 1246 imminentes
2058 1216 2174 1257 Capuae

222 1262 312 1294 colles
335 1274 422 1304 quum
443 1261 592 1302 praesidio
603 1263 700 1303 firmo
723 1270 929 1303 occupassent,
954 1260 1129 1292 descendunt
1152 1260 1220 1289 inde
1242 1258 1390 1301 quadrato
1413 1261 1529 1299 agmine
1550 1260 1581 1289 in
1600 1258 1770 1299 planitiem,
1793 1271 1868 1301 quae
1892 1259 2022 1300 Capuam
2046 1260 2173 1303 Tfiffl-

243 1318 276 1335 ue
297 1306 456 1335 interiacet.
501 1304 588 1334 Dae.

221 1317 240 1347 q
388 1346 596 1376 Thiasitas.
643 1345 768 1376 Thiasus
792 1348 842 1377 Gr.
869 1348 996 1383 Θίασος,
1030 1345 1153 1385 proprie
1176 1343 1389 1373 Baccliantium
1413 1344 1509 1375 turba.
1555 1344 1631 1373 Hinc
1653 1346 1829 1380 θιασιῶται,
1858 1345 2009 1383 χορευταί,
2040 1345 2092 1384 qui
2115 1355 2172 1374 una

222 1394 362 1420 exercent
385 1388 503 1420 choros.
548 1389 584 1417 Et
606 1387 754 1418 Tliiasitas
777 1390 1026 1430 tripudiantium,
1059 1387 1286 1423 Bacchantium,
1325 1387 1520 1415 convivarum
1543 1392 1598 1416 etc.
1621 1387 1771 1417 sodalitas.
1816 1386 1874 1415 Sed
1897 1386 1969 1416 mihi
1990 1388 2022 1416 in
2045 1392 2173 1417 mentem

222 1437 361 1468 venerat,
391 1431 545 1470 scripsisse
568 1431 688 1460 Festum
712 1431 884 1470 Thiasoias,
913 1431 1037 1462 sodales.
1084 1430 1173 1467 Quod
1195 1434 1300 1469 postea
1323 1434 1352 1458 et
1375 1429 1481 1458 vossio
1503 1429 1534 1458 in
1556 1435 1683 1458 mentem
1707 1429 1820 1458 venisse
1843 1429 1945 1458 didici.
1988 1430 2052 1459 Etsi
2076 1429 2173 1459 Thia-

221 1476 293 1505 sitas
315 1474 383 1504 libri
404 1484 515 1503 omnes.
558 1473 647 1503 Dae.

387 1515 524 1545 Tituli.
569 1515 661 1552 Quasi
683 1514 772 1545 rutuli
794 1527 808 1544 a
831 1514 963 1545 tutando.
996 1515 1053 1543 Sed
1076 1514 1191 1553 potius,
1216 1518 1249 1542 ut
1271 1513 1363 1542 Iulius
1383 1513 1488 1551 Scalig.
1510 1513 1564 1542 lib.
1577 1514 1596 1543 l.
1620 1513 1656 1543 de
1678 1524 1711 1543 re
1734 1514 1815 1544 Poet.
1838 1524 1864 1543 c.
1876 1515 1906 1544 9.
1928 1524 1944 1543 a
1963 1514 2032 1552 τίω,
2056 1514 2117 1552 vel,
2138 1519 2173 1543 ut

222 1559 304 1590 Voss.
329 1570 345 1588 a
367 1559 463 1595 τιτίω,
487 1558 568 1597 quod
591 1569 645 1597 per
667 1558 936 1597 reduplicationem
961 1569 975 1586 a
998 1559 1060 1588 τίω.
1093 1555 1222 1595 Hesych.
1246 1558 1342 1592 τιτίει,
1367 1558 1445 1596 τιμᾷ.
1488 1555 1577 1586 Dac.

387 1601 588 1630 Titiensis.
635 1600 718 1636 Quae
741 1606 768 1629 et
795 1601 939 1630 Tutiensis
963 1611 978 1629 a
1002 1600 1069 1633 Tito
1092 1599 1187 1627 Tatio.
1211 1598 1264 1626 Da
1274 1610 1298 1628 c.
1345 1598 1388 1628 Cf.
1412 1598 1507 1626 Varro
1531 1597 1567 1626 de
1590 1598 1621 1628 L.
1638 1598 1668 1626 L.
1692 1597 1741 1628 lib.
1756 1597 1791 1626 V.
1814 1600 1942 1636 pag.61.
1965 1600 2015 1638 Sp.

387 1643 522 1672 Tetini.
566 1642 610 1671 Ab
640 1643 763 1682 antiquo
792 1651 857 1672 reno
886 1654 942 1683 pro
971 1650 1050 1671 teneo
1073 1641 1268 1681 praeteritum
1291 1641 1374 1669 utini
1393 1651 1449 1679 pro
1472 1640 1559 1672 tenui.
1603 1641 1700 1680 Supra
1718 1640 1874 1681 purissime
1895 1641 2013 1670 tetinero
2035 1652 2090 1681 pro
2108 1654 2172 1683 pu-

221 1685 332 1714 rissime
353 1692 477 1714 renuero.
522 1684 610 1714 Dac.

386 1726 582 1756 Thraeces.
627 1726 727 1756 Malim
748 1726 878 1756 Threces,
911 1727 946 1756 Et
970 1725 1006 1755 ab
1031 1726 1120 1755 armis
1144 1726 1241 1755 dictos
1257 1725 1387 1754 Threces
1409 1725 1589 1763 gladiatores
1611 1725 1667 1761 ait,
1692 1725 1761 1763 quia
1784 1735 1913 1764 parmae,
1936 1724 2062 1756 Thracia
2083 1737 2172 1757 arma.

223 1769 422 1799 Glossarium:
452 1768 582 1806 Parma,
610 1767 762 1809 Θρακικόν
786 1767 886 1800 ὅπλον.
933 1769 990 1797 Sed
1012 1770 1114 1808 potius
1137 1771 1179 1797 sic
1202 1768 1292 1804 dicti,
1316 1768 1384 1806 quia
1408 1768 1496 1807 primi
1520 1779 1556 1796 ex
1579 1779 1611 1797 ea
1635 1772 1719 1805 gente
1742 1772 1835 1798 erant.
1878 1768 1932 1796 Da
1942 1780 1967 1799 c.

386 1812 516 1851 Tryga.
564 1809 664 1851 Τρύγα
685 1823 700 1840 a
722 1816 804 1840 recto
827 1809 912 1850 τρύξ,
943 1814 1022 1850 quod
1044 1810 1172 1850 Hesych.
1196 1810 1321 1849 exponit
1345 1808 1361 1841 ὅ
1384 1811 1453 1847 νέος
1476 1808 1568 1846 οἶνος.
1612 1810 1686 1838 Item
1709 1810 1830 1849 γλεῦκος
1852 1808 2038 1850 ἅδιήθητον,
2069 1812 2171 1841 vinum

224 1863 324 1882 recens
347 1859 375 1883 et
397 1854 499 1883 vinum
521 1855 655 1882 nondum
677 1854 870 1893 percolatum.
917 1854 973 1883 Sed
997 1859 1026 1883 et
1049 1854 1203 1893 quodlibet
1226 1853 1306 1882 aliud
1331 1853 1431 1882 vinum
1457 1853 1563 1882 Graeci
1585 1851 1678 1892 τρύγα
1702 1852 1818 1889 dixere,
1855 1857 1887 1881 ut
1910 1859 1955 1883 est
1976 1853 2056 1892 apud
2076 1853 2171 1883 Scho-

224 1894 327 1924 liasten
348 1896 498 1926 Theocriti
521 1902 550 1926 et
573 1897 734 1926 Pollucem.
759 1896 844 1927 Dae.
888 1895 972 1925 Unde
994 1904 1129 1936 trygetus.
1168 1893 1337 1937 Τρυγητός,
1361 1895 1442 1934 quod
1465 1895 1586 1935 proprie
1608 1895 1774 1930 vindemia,
1798 1906 1893 1934 neque
1915 1906 2045 1936 unquam
2068 1898 2171 1926 vinum

225 1936 370 1976 τρυγητὸν
393 1939 506 1968 dictum
530 1949 575 1968 me
598 1940 702 1977 legisse
724 1939 851 1967 memini.
895 1937 1008 1968 Idem.

388 1980 628 2010 Titivillitiu
638 1993 674 2011 m.
721 1982 833 2010 Graeca
856 1981 946 2010 verba
969 1991 1007 2010 ex
1029 1980 1186 2009 Ammonio
1207 1979 1339 2010 restituit
1361 1979 1483 2009 Fulvius
1506 1986 1617 2009 noster.
1648 1979 1769 2008 Plautus
1791 1979 1822 2008 in
1846 1980 1949 2009 Casina
1972 1980 2021 2020 (H,
2043 1981 2074 2018 5,
2096 1979 2170 2020 38.)-

227 2019 300 2050 Vide
322 2019 453 2058 Fulgent.
474 2023 626 2054 Planciad.
651 2023 736 2063 (pag.
749 2025 821 2056 562.
846 2023 1074 2062 Merc.)An1.
1094 2023 1188 2062 Aug.
1231 2023 1313 2052 Inter
1336 2033 1368 2051 ea
1389 2021 1585 2059 censendum,
1625 2032 1700 2061 quae
1724 2022 1828 2051 Graeci
1852 2023 1955 2052 Critici
1975 2027 2086 2052 vocant
2105 2022 2171 2054 ἐπι-

226 2061 430 2103 φθεγματικά,
459 2065 553 2094 Latini
575 2071 691 2095 veteres
713 2065 850 2108 ffutilia.
883 2064 983 2095 Scal.
1029 2067 1067 2094 At
1088 2065 1259 2102 Fulgentius
1283 2065 1452 2094 Planciades
1475 2064 1554 2103 (pag.
1568 2066 1640 2097 562.
1664 2064 1783 2103 Merc.):
1821 2064 2035 2101 Τίιίυἰῖίἰιίιιηι,
2063 2065 2171 2104 inquit,

226 2103 288 2133 clici
308 2103 457 2134 voluerunt
480 2106 534 2135 iila
553 2107 690 2146 putrida,
722 2119 796 2148 quae
817 2107 853 2138 de
874 2107 939 2138 ielis
962 2107 1079 2138 cadunt.
1124 2108 1189 2143 Qua
1212 2119 1243 2136 re
1266 2109 1404 2147 suspicor
1427 2108 1583 2146 scripsisse
1604 2107 1792 2145 Fulgentium
1814 2106 2003 2136 ieliuillitium
2024 2118 2044 2137 a
2064 2106 2123 2137 tela
2142 2115 2171 2138 et

225 2144 322 2175 villus.
366 2147 404 2175 At
427 2147 581 2177 Turnebus
609 2151 657 2178 lib.
672 2151 748 2179 XIV.
772 2150 895 2180 Advers.
919 2161 983 2190 cap.
997 2153 1026 2181 3.
1071 2149 1314 2185 Teoetivillitium,
1346 2155 1379 2178 ut
1401 2150 1440 2178 sit
1461 2149 1657 2188 compositum
1682 2159 1718 2177 ex
1740 2156 1826 2178 textu
1848 2154 1876 2178 et
1895 2149 2018 2181 vilitate.
2062 2150 2171 2180 Versus

227 2188 340 2224 Plauti,
364 2198 451 2227 quem
473 2189 574 2218 Festus
596 2193 701 2228 refert,
725 2198 768 2222 est
787 2203 801 2221 e
817 2194 913 2222 Casin.
930 2193 1043 2222 Act.11.
1067 2194 1155 2229 sc.5,
1178 2193 1261 2230 (38.).
1295 2192 1352 2221 Sed
1377 2203 1431 2232 pro
1455 2193 1601 2232 empsitem
1621 2192 1730 2230 legitur
1751 2192 1885 2222 emissim.
1907 2191 1997 2221 Dae.
2031 2192 2068 2222 Ut
2090 2193 2170 2232 apud

228 2231 358 2259 Graecos
381 2233 495 2270 βλίτυρι
517 2236 546 2259 et
569 2232 744 2272 σκινδαψός.
789 2236 909 2275 Βλέπυρι
932 2240 977 2264 est
997 2237 1110 2274 χορδῆς
1132 2236 1266 2274 μίμημα,
1302 2235 1436 2273 adeoque
1465 2245 1520 2273 pro
1549 2234 1635 2272 nugis
1662 2239 1690 2263 et
1711 2234 1802 2263 rebus
1825 2234 1910 2263 nihili
1932 2235 2068 2264 sumitur.
2111 2234 2170 2264 Sed

227 2275 281 2304 τοῦ
303 2271 472 2311 σκινδαψός
494 2283 552 2302 non
575 2274 672 2303 eadem
696 2281 740 2304 est
761 2279 855 2315 ratio;
893 2283 937 2306 est
965 2278 1044 2306 enim
1067 2278 1116 2307 vel
1138 2278 1367 2306 instrumentum
1390 2277 1552 2313 musicum,
1590 2277 1639 2306 vel
1662 2277 1781 2316 plantae
1803 2287 1896 2315 genus
1918 2277 2022 2306 similis
2042 2276 2170 2307 hederae

229 2315 310 2354 apud
330 2315 440 2354 Nysam
461 2316 493 2344 in
513 2316 615 2351 ludia,
649 2327 740 2354 quare
761 2321 838 2348 inter
861 2320 983 2349 effutilia
1005 2320 1112 2359 reponi
1134 2331 1192 2349 non
1214 2325 1324 2359 potest.
1368 2319 1427 2348 Sed
1447 2319 1604 2358 legendum
1626 2316 1822 2358 σκινδαλμός,
1858 2320 1890 2348 id
1912 2324 1955 2348 est
1977 2320 2090 2356 assula,
2119 2329 2168 2348 se·—

228 2363 379 2396 gmentum
396 2368 433 2387 ex
449 2358 562 2389 calamo
578 2357 655 2388 fisso.
689 2358 788 2387 Schol.
806 2362 1025 2401 Aristophanis:
1049 2360 1264 2401 σκινδαλμούς,
1286 2362 1322 2393 τά
1343 2365 1403 2393 τῶν
1426 2360 1568 2400 καλάμων
1587 2359 1719 2402 §dapum
1741 2362 1791 2393 καὶ
1814 2360 1848 2392 tol
1870 2359 2029 2393 λεπτότατα
2044 2364 2104 2392 ταῖν
2118 2358 2167 2398 ξύ-

229 2403 305 2438 λων,
329 2405 359 2430 et
379 2411 435 2440 pro
458 2401 544 2438 nugis
566 2400 647 2439 apud
670 2400 894 2438 Aristophanem
916 2405 1044 2433 sumitur
1066 2405 1098 2433 in
1121 2405 1210 2434 Ranis
1231 2406 1378 2442 (v.819.).
1421 2402 1532 2434 Idem.

395 2442 524 2473 Trabe.
570 2443 634 2471 Duo
656 2442 734 2482 ligna
755 2449 925 2482 compacta,
950 2456 1017 2475 nam
1040 2446 1186 2485 simplicia
1207 2447 1331 2486 proprie
1352 2447 1431 2485 tigna
1453 2447 1604 2476 dicuntur.
1647 2445 1737 2476 Dac-
