2263 2668
499 144 563 179 DE
591 142 978 179 SIGNIFICATIONE
1005 143 1289 181 VERBORUM.
1348 146 1493 181 LIBER
1515 147 1607 181 XIII.
1952 150 2028 186 557

77 240 123 269 cio
147 238 308 269 Saverione
334 242 508 277 superatus,
545 243 578 267 ut
601 243 702 268 narrat
725 237 835 268 Livius.
882 236 1067 275 Quamquam
1091 238 1243 269 Plutarch.
1266 240 1344 269 hanc
1371 240 1532 269 secundam
1556 250 1686 280 pugnam
1709 241 1738 270 in
1763 242 1947 272 consulatum
1972 244 2027 273 Fa—

76 283 163 312 bricii
187 282 308 311 Luscini
331 287 360 311 et
381 281 497 310 Aemilii
522 281 592 320 Papi
615 282 727 317 reiicit,
754 280 805 319 qui
827 285 895 319 post
915 280 1083 319 Sulpicium
1106 283 1242 312 consules
1266 284 1358 313 fuere.
1403 284 1503 312 Titinii
1527 293 1628 312 versus
1652 284 1695 312 sic
1717 285 1850 323 legendi:

568 323 656 353 Haec
677 322 794 363 quidem
817 323 903 363 quasi
923 321 1067 351 osculana
1087 335 1188 363 pugna
1211 333 1266 362 est,
1294 338 1350 355 non
1373 337 1462 357 secus.

572 365 649 404 Quia
671 366 740 395 hinc
762 366 813 405 qui
831 365 933 405 fugere
955 364 1074 403 impulsi
1096 366 1192 405 spolia
1215 367 1368 408 colligunt.

76 410 154 439 Scal.
178 409 208 438 in
230 407 364 438 schedis:
390 408 461 449 quia
483 408 513 437 in
533 407 637 449 fugere
656 407 736 448 pulsi
757 407 825 437 hinc
847 406 942 447 spolia
967 405 1119 446 colligunt.
1164 410 1268 439 Forte:

574 449 652 488 Quia.
676 450 744 480 hinc
762 449 866 491 fugere
887 448 1019 489 impulsi,
1045 449 1113 479 hinc
1134 452 1230 491 spolia
1254 451 1407 492 colligunt.

76 492 204 524 Plautus
224 495 254 523 in
270 491 389 522 Ner-vol.
418 492 564 521 Schedae:
589 491 713 522 Plautus
736 494 766 521 in
782 491 958 521 Neruolaria
982 490 1113 521 osculum
1136 502 1182 522 sat
1205 502 1245 524 est
1267 495 1339 524 mihi
1362 517 1368 523 .
1392 517 1398 524 .
1425 518 1431 524 .
1455 517 1461 524 .
1483 495 1536 535 qui
1555 492 1662 524 amabo
1684 496 1727 523 mi
1746 503 1831 534 pater
1853 501 1909 525 etc.
1944 497 2032 527 Deest

76 542 194 566 tantum
217 534 312 566 osculi
333 535 428 565 vestri.
469 534 557 574 Quod
579 536 653 564 inter
675 542 824 575 cognatos.
866 534 915 563 Ait
937 534 1066 572 antiquis
1090 535 1277 575 institutum,
1306 542 1339 566 ut
1361 548 1391 566 se
1416 538 1532 575 cognati
1555 543 1584 566 et
1605 537 1771 576 propinqui
1794 539 1922 568 maxime
1946 540 2031 568 femi-

76 590 132 608 nae
160 589 191 608 se
219 578 299 607 basio
328 578 506 615 salutarent,
547 578 583 606 de
614 588 674 616 quo
703 588 785 606 more
811 577 891 616 apud
913 577 1049 605 Plautum
1077 582 1106 606 et
1131 579 1204 608 alios
1228 585 1256 608 et
1279 580 1308 608 in
1332 581 1423 609 sacris
1447 581 1538 609 literis
1560 580 1685 608 abunde.
1716 580 1770 608 Da
1781 591 1806 610 c.
1851 580 2032 611 Ausculana

74 633 184 662 pugna.
219 621 277 650 Alii
298 619 464 650 Asculum.
504 621 675 660 Depugnata
699 620 755 649 fuit
778 619 921 649 adversus
942 619 1108 659 Pyrrhum,
1137 626 1210 651 teste
1233 622 1404 652 Plutarcho.
1440 623 1633 652 Proverbium
1656 622 1693 652 de
1715 623 1768 660 iis,
1794 623 1845 662 qui
1868 624 1939 652 victi
1963 625 2032 652 vin—

77 669 158 693 cunt.
187 662 298 694 Ambo.
329 663 448 691 Amabo.
495 661 599 692 Goth.

243 707 410 735 Osorem.'
447 705 540 735 Plaut.
564 706 594 734 in
617 705 736 744 Prolog.
760 707 801 741 (v.
817 704 876 743 14.)
900 704 1037 733 Poenul.:
1064 702 1198 745 Cupienli
1220 706 1393 746 liberorum,
1416 708 1496 737 osori
1517 705 1679 737 mulierum.
1719 707 1815 737 Gloss.
1838 718 1923 745 osor,
1946 717 2032 748 μιση-

76 746 145 788 mig,
169 745 274 789 α’ρχαις
297 748 359 786 lege
383 744 523 787 ἀρχαίως.
567 748 656 777 Dae.

241 789 459 820 obmanens.
503 791 554 818 Sic
577 789 711 825 obtineo,
735 788 787 817 diu
811 793 840 817 et
863 788 982 817 sortiter
1003 794 1100 818 teneo.
1134 790 1212 820 Vide
1236 799 1424 822 ommentans.
1464 792 1553 820 Dac.

243 832 434 874 Offringi.
479 833 604 863 Var1·.1.
628 833 663 862 de
686 833 720 861 R.
739 832 772 860 R.
797 842 860 870 cap.
875 834 941 863 29:
982 830 1070 870 Quod
1095 833 1193 871 prima
1221 835 1354 863 aratione
1376 833 1482 874 glebae
1507 832 1634 874 grandes
1662 833 1755 864 solent
1784 834 1930 871 excitari,
1966 844 2033 863 cum

75 877 199 906 iteratur
220 876 379 918 qffringere
400 883 516 907 vocant.
563 876 701 914 Virgilius
724 879 811 903 vocat
831 884 1018 914 prorumpere
1042 872 1162 915 (Georg.
1178 876 1207 913 1,
1231 875 1311 917 98.):

653 925 691 955 Et
714 927 765 966 qui
785 926 933 965 proscisso
957 937 1031 966 quae
1052 927 1176 955 suscitat
1199 937 1324 966 aequore
1347 934 1428 966 terga

655 967 772 998 Rursus
794 969 824 998 in
847 966 999 1008 obliquum
1021 979 1101 998 verso
1121 970 1288 1009 prorumpit
1311 976 1422 999 aratro.

75 1012 166 1042 Duc.
197 1011 239 1041 lbi
262 1011 373 1040 rectius
396 1011 507 1050 legitur
525 1011 695 1052 perrumpit.

243 1062 366 1092 Orare.
410 1062 442 1090 ln
465 1073 553 1091 versu
575 1062 663 1092 Ennii
687 1062 770 1091 deest
791 1061 876 1091 initio
899 1061 1029 1101 syllaba,
1062 1067 1152 1101 puta:
1197 1062 1244 1091 Tu
1262 1061 1336 1104 face
1357 1074 1423 1092 vero
1446 1067 1502 1092 etc.
1525 1062 1615 1092 Ant.
1639 1061 1735 1101 Aug.
1781 1063 1887 1100 Orare,
1923 1062 2034 1100 dicere,

76 1115 183 1134 causas
206 1114 300 1143 agere.
348 1104 441 1133 Varro
464 1105 515 1135 lib.
529 1105 577 1134 IV.
603 1104 666 1144 (lib.
679 1104 733 1141 VI,
758 1115 823 1143 pag.
837 1107 910 1136 252.
933 1104 1014 1144 Sp.):
1045 1106 1104 1134 Oro
1127 1104 1164 1134 ab
1187 1116 1251 1143 ore,
1281 1112 1307 1133 et
1327 1113 1461 1144 perorat,
1490 1113 1516 1134 ee
1538 1112 1659 1141 exorat,
1685 1112 1711 1133 et
1733 1106 1845 1142 oratio,
1872 1113 1898 1134 et
1922 1113 2033 1135 orator.

74 1148 148 1177 Inde
171 1152 308 1177 oratores
330 1147 435 1185 legati,
459 1148 542 1186 quod
564 1148 639 1186 reip.
662 1157 782 1175 causam
805 1152 936 1185 agerent.
980 1149 1108 1177 Ennius:

615 1198 724 1227 Orator
745 1199 807 1227 sine
825 1209 901 1237 pace
923 1196 997 1226 redit
1021 1198 1137 1239 reg-ique
1158 1197 1246 1239 refert
1270 1210 1338 1228 rem.

76 1250 134 1279 Alii
158 1249 194 1279 ab
217 1246 297 1289 ἆρα-5,
326 1249 390 1278 sive
412 1246 547 1290 ἀρῶμαι,
574 1259 687 1289 precor.
726 1248 793 1278 Vid.
820 1249 964 1279 Oratores.
1003 1248 1083 1279 Face
1103 1260 1179 1279 vero.
1217 1249 1380 1278 Praemissa
1408 1248 1516 1278 vocula
1545 1248 1588 1276 sic
1610 1257 1731 1277 versum
1753 1248 1897 1287 integrum
1920 1248 2035 1278 faciunt

74 1293 205 1331 Scaliger
228 1297 256 1321 et
279 1292 440 1321 Columna:

608 1333 654 1362 Tu
667 1332 747 1375 face
767 1344 834 1363 vero
857 1332 939 1374 quod
960 1341 987 1362 ie
1009 1345 1075 1363 cum
1097 1333 1234 1374 precibus
1254 1341 1340 1374 pater
1361 1345 1424 1364 oro.

71 1385 168 1414 Verba
192 1389 261 1414 sunt
285 1385 401 1414 Romuli
425 1385 525 1414 Iovem
553 1385 702 1424 precantis
727 1389 758 1413 ut
781 1384 898 1413 foedam
923 1394 1045 1413 suorum
1070 1385 1169 1424 sugam
1193 1384 1326 1421 sisteret,
1365 1385 1444 1413 unde
1467 1384 1577 1412 frustra
1601 1387 1645 1411 est
1668 1383 1788 1421 Festus,
1825 1384 1877 1422 qui
1900 1383 1949 1412 hic
1971 1394 2034 1421 oro,

72 1426 141 1458 dico
163 1428 389 1466 interpretatur.
426 1428 458 1456 In
483 1426 600 1457 schedis
621 1427 730 1466 legitur
752 1433 863 1464 tecum,
893 1428 980 1455 unica
1004 1438 1087 1457 voce.
1124 1427 1282 1466 Eleganter
1302 1426 1438 1467 precihus
1461 1438 1527 1456 cum
1550 1424 1651 1465 aliquo
1674 1437 1779 1465 orare5
1808 1426 1851 1455 sic
1874 1437 1960 1465 saepe
1983 1436 2036 1455 ve-

70 1475 158 1500 teres.
181 1470 271 1500 Dac.
306 1470 393 1500 Adde
415 1470 545 1500 Nonium
568 1470 599 1498 in
624 1471 715 1498 Orare
738 1469 900 1508 (pag.360.
922 1469 1025 1507 Merc.)
1048 1475 1075 1499 et
1098 1470 1224 1499 eundem
1248 1471 1277 1499 in
1305 1471 1412 1498 Orator
1435 1469 1511 1506 (ead.
1534 1471 1622 1508 pag.).
1650 1467 1754 1498 Goth.
1791 1469 1928 1498 Oratores
1950 1467 2034 1498 dicti.

69 1513 162 1542 Aliud
185 1518 306 1552 etymon
330 1513 389 1542 vid.
412 1523 504 1552 supra
528 1514 560 1541 in
576 1511 727 1542 Adorare.
756 1511 825 1540 Alii
844 1522 899 1550 pro
923 1510 1027 1551 legatis
1049 1511 1208 1552 appellant.
1241 1513 1319 1541 Alias
1336 1513 1460 1541 Romani
1484 1512 1595 1550 legatos
1620 1511 1782 1549 appellant.
1810 1511 1942 1551 Legatus
1959 1522 2033 1542 sum.

69 1556 196 1595 Legatus
218 1556 325 1584 missus
348 1565 423 1585 sum.
455 1553 579 1584 Coelius.
611 1555 737 1582 Caelius.
766 1553 866 1582 Misit.
895 1554 986 1582 Missi.
1017 1553 1075 1583 Pro
1099 1554 1302 1584 decretoribus.
1337 1556 1392 1584 Pro
1417 1553 1671 1594 deprecatoribus,
1702 1552 1857 1583 Est-orator
1878 1555 1943 1583 sim.
1973 1554 2034 1582 Ex-

69 1604 184 1628 oratur.
224 1596 260 1626 Si
282 1596 355 1637 quid
380 1599 481 1626 oritur.
522 1597 551 1625 Si
575 1597 625 1635 qui
650 1601 762 1625 oratur.
801 1594 893 1624 Sertis
915 1603 941 1624 et
964 1594 1025 1624 loci
1046 1595 1195 1625 veteribus.
1235 1597 1272 1626 Et
1294 1607 1350 1636 pro
1373 1597 1492 1627 disertis
1515 1596 1728 1626 elocutoribus.
1768 1594 1895 1626 Causam
1919 1607 2033 1636 quoque

70 1651 178 1670 eorum.
224 1639 365 1677 Causam,
391 1639 556 1675 orationes,
579 1638 800 1667 dissertationes
824 1647 943 1675 quoque
967 1648 1080 1668 eorum.
1128 1637 1232 1667 Goth.

233 1681 365 1710 Omnes
387 1682 517 1711 occisi.
541 1680 601 1721 (Ad
623 1691 652 1720 p.
668 1679 752 1721 195.)
778 1680 817 1709 De
841 1680 985 1709 militibus
1002 1685 1031 1709 et
1050 1681 1208 1720 praefectis
1226 1681 1301 1719 regis
1319 1680 1462 1710 Antiochi
1477 1681 1612 1720 loquitur
1628 1680 1757 1717 Ennius,
1781 1680 1832 1719 qui
1850 1691 1866 1709 a
1885 1680 1916 1709 L.
1931 1679 2030 1709 Aemi-

68 1724 111 1753 lio
126 1723 240 1761 Regillo
257 1729 394 1762 praetore
410 1724 488 1752 inter
503 1722 669 1762 Ephesum,
694 1725 814 1751 Samum
832 1727 862 1751 et
879 1722 984 1751 Chium
1002 1723 1132 1762 superati
1151 1723 1242 1752 suere.
1280 1722 1338 1752 Ubi
1353 1725 1456 1752 mortis
1473 1723 1609 1752 thesauri.
1642 1723 1719 1751 Vide
1741 1723 1772 1751 in
1794 1733 1870 1752 voce
1879 1721 2027 1763 favissae.

68 1766 141 1803 Ait,
165 1776 269 1805 nempe
283 1765 424 1804 Verrius,
446 1771 474 1795 et
490 1766 534 1794 sic
550 1776 647 1805 saepe.
676 1764 760 1796 Mihi
782 1776 839 1794 non
861 1766 934 1794 satis
953 1765 1118 1804 persuadet.
1147 1766 1218 1794 Nam
1235 1776 1338 1795 revera
1357 1765 1473 1807 obferre
1485 1766 1586 1805 potius
1604 1766 1766 1802 anteferre,
1788 1764 1934 1802 obcurrit,
1959 1771 2027 1795 ante

67 1808 115 1837 vel
140 1808 297 1837 adversum
322 1809 433 1843 currit;
466 1808 617 1846 obiectus,
649 1814 716 1837 ante
739 1808 843 1837 iactus.
887 1808 997 1836 Tamen
1021 1807 1135 1848 olferre
1156 1818 1211 1847 pro
1234 1809 1350 1838 adferre
1373 1820 1388 1837 a
1411 1809 1562 1838 veteribus
1585 1812 1761 1847 usurpatum
1784 1812 1817 1836 ut
1840 1806 1956 1849 obsera
1977 1808 2026 1836 vi-

66 1852 140 1880 tium
162 1851 283 1890 virg-ini,
308 1850 424 1893 obferre
444 1851 583 1880 iniuriam
607 1849 708 1880 alicui.
744 1851 863 1879 Terent.
885 1850 1007 1889 (Hecyr.
1025 1851 1081 1888 111,
1105 1854 1137 1887 3,
1161 1852 1234 1888 23).
1262 1851 1348 1880 Dae.
1386 1851 1440 1883 Ob.
1469 1851 1609 1881 Accensi.
1641 1851 1764 1881 Incensi.
1798 1848 1927 1880 Obculit.
1960 1849 2024 1878 Ob-

67 1893 145 1923 tulit.
185 1892 335 1922 Obiacent.
375 1894 448 1922 Vide
474 1892 651 1923 obiacuisse.
677 1892 782 1922 Goth.
829 1893 872 1923 ef.
896 1903 986 1932 supra
1012 1892 1055 1921 Ob
1076 1894 1254 1933 praepositio
1276 1893 1362 1922 alias.

234 1936 513 1965 Occisitaniur.
560 1936 598 1964 Ut
620 1947 636 1964 a
660 1934 762 1972 trudo,
791 1936 910 1972 trusito,
941 1936 983 1964 sic
1007 1935 1043 1964 ab
1068 1937 1181 1972 occiso,
1211 1937 1342 1965 occisiio.
1388 1935 1477 1965 Dae.

235 1978 297 2006 Osi
318 1986 413 2007 eunt.
460 1978 504 2006 Ab
528 1978 661 2008 obsoleto
684 1977 771 2015 odio,
796 1978 877 2017 quod
901 1978 936 2006 ab
960 1979 1083 2016 antiquo
1106 1975 1204 2014 ὄδύω,
1229 1979 1309 2007 unde
1332 1975 1469 2014 όδύσσω,
1491 1976 1571 2006 unde
1595 1974 1771 2016 ὁδύσσομαι·
1803 1975 1882 2004 0188
1904 1975 2018 2005 codicis

65 2021 111 2050 sui
133 2020 332 2059 adscripscrat
353 2020 472 2050 doctiss.
498 2021 649 2060 Guyetus,
673 2021 760 2058 odie,
784 2021 879 2061 ἕχθω,
903 2021 1008 2060 ἔχθος,
1032 2018 1136 2058 ὅνθω,
1159 2018 1239 2058 ὅθω,
1262 2020 1337 2059 odo,
1362 2021 1427 2059 odi,
1451 2030 1534 2058 osus,
1559 2030 1681 2058 exosus,
1704 2027 1827 2059 perosus
1850 2022 1906 2047 etc.
1927 2018 2016 2058 ἕχθω,

62 2064 179 2104 ἔχθρω,
202 2061 311 2102 ἔχθρος
332 2067 386 2092 etc.
431 2063 519 2094 Dac.

230 2104 280 2133 Ob
304 2116 349 2135 os.
394 2106 522 2145 Supple:
546 2104 582 2135 ob
605 2116 637 2135 os
659 2103 700 2133 ad
723 2115 755 2134 os
777 2105 945 2144 significare
966 2105 1009 2133 aix
1029 2103 1165 2141 Verrius,
1191 2106 1259 2134 item
1282 2112 1314 2134 ut
1336 2109 1391 2134 etc.
1414 2105 1504 2135 Dac.
1542 2104 1685 2133 Testatus.
1713 2103 1873 2132 Testatum.
1907 2100 2013 2132 Goth.

230 2146 507 2176 Obsonieavere.
552 2148 586 2176 In
614 2147 714 2176 verbis
738 2148 857 2176 Catonis
885 2147 1024 2176 mendum
1055 2157 1119 2176 esse
1149 2148 1273 2186 opinor,
1313 2153 1342 2176 et
1371 2152 1440 2187 post
1470 2147 1594 2176 verbum
1622 2152 1708 2175 antea
1736 2144 1895 2174 scriberem
1921 2143 2012 2182 denis,

61 2190 106 2220 vel
129 2190 243 2228 aliquid
265 2189 446 2218 huiusmodi.
470 2190 558 2220 Ant.
581 2190 676 2229 Aug.
714 2190 791 2218 Puto
815 2190 955 2219 Catonem
980 2189 1151 2228 scripsisse:
1177 2189 1236 2227 Qui
1257 2197 1343 2218 antea
1364 2202 1417 2230 per
1438 2201 1467 2219 se
1489 2190 1680 2224 coenitavere,
1702 2195 1805 2228 postea
1827 2187 1938 2218 centeni
1959 2186 2010 2215 ob-

59 2233 237 2268 sonitavere,
275 2233 356 2262 unde
385 2232 551 2263 obsonitare
572 2232 676 2261 Festus
704 2238 784 2261 recte
813 2232 937 2271 exponit
967 2232 1130 2261 convivari.
1175 2232 1250 2261 Vide
1273 2233 1403 2263 Macrob.
1435 2233 1472 2261 de
1501 2232 1614 2270 legibus
1641 2230 1820 2260 summariis.
1864 2229 1908 2258 Ita
1931 2229 2006 2257 enim

59 2275 183 2304 omnino
211 2275 382 2313 legendum:
421 2276 490 2315 quia
519 2273 572 2304 Iex
600 2274 720 2304 cavebat
748 2273 783 2303 cle
804 2285 922 2303 numero
945 2276 1142 2305 convivarum.
1187 2275 1325 2304 Oratorie
1346 2276 1437 2314 igitur
1460 2275 1531 2303 Cato
1554 2273 1681 2313 opponit
1699 2284 1753 2313 per
1773 2283 1803 2302 se
1823 2274 1867 2314 τῷ
1888 2270 2005 2306 centeni,

3 2316 9 2346 ἐξ
57 2318 128 2347 item
152 2328 273 2347 coenare
295 2320 336 2348 τῶ
358 2316 530 2347 obsonimre.
562 2316 663 2346 Scal.
709 2317 766 2345 Sed
795 2317 846 2345 vix
875 2322 951 2356 puto
980 2317 1070 2346 latine
1099 2318 1210 2357 opponi
1234 2328 1322 2357 posse
1342 2329 1395 2357 per
1413 2329 1443 2346 se
1464 2319 1506 2358 τῷ
1527 2317 1646 2346 centeni.
1690 2316 1791 2352 Quare
1813 2312 2002 2343 coniiciebam

6 2357 10 2366 ²
56 2360 113 2399 legi
136 2370 240 2400 posse:
267 2351 326 2398 Qui
347 2367 433 2389 antea
455 2357 565 2399 singuli
587 2360 764 2388 coenitavere
782 2367 883 2399 postea
903 2365 959 2391 etc.
983 2360 1030 2389 vel
1053 2360 1154 2396 etiam,
1177 2361 1229 2401 qui
1251 2368 1337 2389 antea
1357 2371 1412 2400 pro
1434 2371 1465 2389 se
1485 2360 1664 2390 coenitavere
1682 2365 1784 2399 postea
1804 2355 1928 2385 centenis
1949 2351 2001 2381 ob-

4 2414 11 2422 *
56 2403 230 2440 nonitavere,
260 2403 308 2432 vel
331 2402 409 2442 quod
434 2402 521 2432 unice
543 2402 658 2442 placet,
681 2407 759 2442 puto
781 2402 880 2432 deesse
902 2412 1058 2433 numerum
1082 2403 1232 2442 impensae
1255 2412 1332 2442 quae
1354 2403 1478 2434 centenis
1498 2401 1695 2442 respondeat,
1720 2398 1820 2440 quasi,
1841 2397 1892 2436 qui
1914 2402 2000 2425 anteo
