2263 2668
498 139 563 172 DE
589 136 975 173 SIGNIFICATIONE
1005 138 1287 175 VERRORUM.
1339 139 1486 173 LIBER
1513 137 1620 172 XVII.
1959 141 2034 176 667

257 229 439 261 Subrium.
485 230 622 260 Sobrium
652 231 751 260 vicum
781 230 894 259 dictum
923 239 985 258 esse
1012 235 1138 261 testatur
1159 231 1276 269 Aelius,
1313 232 1394 270 quod
1417 231 1447 260 in
1470 241 1504 260 eo
1526 240 1621 269 neque
1643 230 1784 261 tabernae
1803 231 1903 271 locus,
1939 244 2036 274 neque

93 283 246 313 cauponae
268 273 365 302 suerit.
409 273 467 301 Alii
490 273 572 311 quod
595 275 625 302 in
649 284 683 302 eo
706 273 853 304 Mercurio
875 283 934 300 non
957 273 1053 310 lacte,
1082 274 1135 303 sed
1157 275 1228 304 vino
1250 275 1370 304 solitum
1394 279 1456 304 erat
1479 273 1652 314 supplicari.
1676 272 1778 304 Scal.
1822 276 1897 314 Lege
1918 279 2036 315 potius:

93 315 170 346 lacte
191 327 249 345 non
270 317 338 345 vino
359 314 476 344 solitum
500 320 556 344 cet.

259 358 464 388 sonivium.
488 357 549 396 (Ad
573 368 602 396 p.
613 359 698 396 241.)
723 357 796 387 Vide
819 367 908 396 supra
932 355 1063 386 Sonivio.

258 408 359 438 Sons.
403 410 495 445 Sons,
526 419 651 445 nocens,
681 414 715 438 ut
737 419 775 437 ex
798 409 947 437 contrario
969 409 1087 445 insons,
1116 409 1266 438 innocens.
1311 408 1459 438 Ausonius
1481 409 1513 437 in
1536 407 1802 446 Technopaegnio:

625 459 659 489 Si
682 459 772 488 bonus
794 467 834 488 est
856 460 970 495 insons,
1000 461 1167 489 contrarius
1188 467 1214 489 et
1236 458 1333 488 malus
1355 467 1395 488 est
1417 471 1495 489 sons.

94 509 180 540 Dac.
205 511 317 539 Gloss.:
343 510 446 540 Sanies
468 512 571 548 αἴτιοι,
595 507 784 547 ὑπεύθυνοι,
808 509 957 550 βλαβεροί.
983 507 1088 540 Goth.
1118 512 1159 540 De
1183 516 1281 549 etymo
1305 520 1330 540 v.
1353 510 1428 540 Sons
1450 515 1479 539 et.
1501 510 1536 539 de
1559 509 1737 547 differentia,
1762 521 1837 549 quae
1859 510 1936 540 inter
1956 523 2033 550 sons,

92 562 198 581 nocens
227 557 255 581 et
285 565 347 582 reus
374 554 555 590 intercedat,
594 554 631 582 cs.
656 553 823 582 Doederlin.
853 554 921 590 Syn.
950 555 979 580 et
1006 551 1103 590 Etym.
1135 554 1227 582 Latin.
1257 552 1375 581 tom.11.
1398 563 1462 591 pag.
1478 554 1547 585 155.
1561 562 1620 592 seq.
1665 553 1848 583 Descendere
1877 554 1995 585 videtur
2016 566 2033 586 a

93 594 208 623 Graeco
233 597 368 634 σίνομιιι,
393 597 470 626 unde
494 597 609 634 σίντης,
633 606 762 634 quocum
786 593 949 634 comparari
970 598 1070 634 potest
1094 596 1309 624 Germanorum
1332 594 1462 632 sanda,
1485 594 1631 632 sonulam,
1655 600 1711 624 cet.

257 637 424 668 sodalis.
470 639 588 667 Sodalis
618 638 737 677 quidam
766 638 862 667 dictos
893 646 954 666 esse
986 641 1107 676 putant,
1142 638 1223 676 quod
1254 648 1309 665 una
1339 638 1474 666 sederent
1497 641 1660 675 essentque.
1706 636 1779 674 Alii,
1815 637 1896 675 quod
1918 647 1954 666 ex
1978 648 2033 668 suo

92 679 170 707 vesci
192 680 273 708 soliti
296 686 373 709 sunt.
403 681 477 716 Alii,
505 681 583 719 quod
606 681 684 709 inter
706 691 735 710 se
759 681 885 709 invicem
909 679 1081 716 suaderent,
1105 681 1186 719 quod
1209 680 1279 708 utile
1303 684 1388 708 esset.
1417 680 1505 709 Iidem
1530 679 1611 719 quod
1634 684 1739 708 coeant
1763 679 1868 709 crebro
1891 689 2034 719 congerae

92 727 238 750 vocantur
254 733 268 750 a
288 724 402 751 Graeco
425 724 587 761 vocabulo,
612 723 694 762 quod
717 728 759 752 est
783 723 880 763 γέρῥα.
912 722 1060 759 Congerae
1083 733 1137 761 per
1154 733 1243 751 unum
1260 721 1289 750 R
1305 722 1492 760 scribebant,
1517 728 1549 751 ut
1571 732 1661 761 supra
1684 722 1843 760 attigimus.
1874 723 2032 752 Lucillius:

716 773 872 812 Tapullam
895 772 984 812 legem
1009 771 1102 802 rident
1125 785 1263 803 concerae
1289 772 1396 812 Opimi.

94 821 239 852 Concerae
268 835 322 863 pro
347 823 518 864 benger-rae.
563 825 635 853 Vide
657 824 687 852 in
717 823 854 863 Tapulla.
899 824 987 859 Quod
1012 825 1160 862 Congerra
1184 835 1198 852 a
1223 825 1335 853 Graeco
1359 824 1449 863 γε’ῤῥα
1471 823 1581 851 dictum
1605 823 1657 858 sit,
1696 827 1795 851 monet
1817 823 1903 850 etiam
1928 823 2031 855 Varro.

92 865 167 893 Vide
190 865 265 894 libro
287 868 332 895 VI.
357 871 393 896 de
415 868 518 896 Latino
541 877 675 895 sermone
699 867 782 906 (Vll,
807 868 879 897 340.
902 865 974 905 Sp.).
1002 866 1104 896 Scal.
1149 867 1253 895 Mirum
1281 868 1311 895 in
1339 867 1458 894 modum
1488 866 1584 904 placet
1606 865 1720 894 sodales
1742 865 1855 902 dictos,
1894 865 1973 903 quod
1996 866 2032 896 de

92 917 146 936 suo
171 908 308 947 ederent3
332 920 400 939 nam
424 916 451 939 ct
474 910 543 938 inde
568 920 616 938 eos
633 910 754 937 Graecis
777 905 972 945 αὖτοόαίτους
995 914 1023 940 et
1045 907 1260 945 α’ὗτοδείηνους
1283 909 1377 938 dictos
1399 909 1524 947 reperio.
1558 908 1701 947 Hesycli.:
1725 905 1936 945 αὕτόδειπνος,
1961 905 2032 941 ὅταν

92 961 135 985 τις
157 951 336 989 κεκλημένος
359 953 456 994 ἑαυτῷ
478 953 567 991 φέροι
590 949 624 981 τά
647 952 693 981 ἐπὶ
716 949 748 981 τι]
773 952 905 981 δεῖπνον,
950 951 1022 980 Inde
1045 952 1124 990 apud
1147 953 1262 980 Terent.
1289 952 1379 979 Andr.
1403 951 1444 988 (I,
1471 954 1505 987 1,
1529 951 1609 987 61.):
1641 949 1812 989 Symbolum
1837 949 1930 988 dedit,
1961 962 2032 981 coe·-

91 992 180 1020 riavz‘i.
213 994 253 1021 De
278 995 432 1033 Congerris
457 995 524 1023 vide
546 995 575 1023 in
602 992 740 1032 Comme,-
766 993 853 1022 iidem
878 999 906 1022 et
928 1005 1089 1024 concoenae
1112 995 1191 1023 dicti.
1229 995 1339 1023 Gloss.:
1366 992 1534 1023 Concaenae
1557 992 1738 1023 σύνδειπνοι.
1763 992 1817 1020 Da
1828 1003 1851 1022 c.
1887 992 2030 1032 Dapibus.

93 1035 182 1063 Datis.
214 1034 319 1065 Goth.
366 1038 405 1066 De
429 1042 527 1076 etymo
554 1037 632 1065 iocis
656 1036 765 1065 sodalis
788 1036 875 1064 multi
899 1037 1005 1072 multa,
1037 1047 1163 1074 quorum
1187 1037 1345 1066 sententias
1369 1036 1509 1064 collectas
1532 1035 1602 1063 vide
1625 1035 1707 1074 apud
1730 1034 1896 1064 Doederlin.
1920 1037 2030 1074 Synon.

90 1082 119 1105 et
135 1077 234 1116 Etym.
258 1079 319 1107 Lat.
336 1080 385 1109 IV.
404 1091 467 1119 pag.
481 1083 552 1112 205.
566 1090 625 1118 seq.
658 1079 723 1117 Ipse
743 1078 938 1107 Doederlinus
960 1078 1072 1109 sodalis
1095 1090 1131 1108 ex
1154 1089 1180 1108 v.
1203 1078 1322 1108 socialis
1346 1083 1487 1116 corrupto
1511 1089 1582 1106 sono
1606 1083 1704 1106 ortum
1727 1087 1789 1106 esse
1811 1076 1927 1113 statuit,
1950 1077 2032 1117 quod

91 1121 216 1157 nemini,
247 1122 370 1159 opinor,
403 1122 599 1161 persuadebit,
644 1122 742 1159 Longe
766 1122 875 1150 certior
897 1127 1020 1160 apparet
1041 1122 1107 1150 fons
1130 1122 1162 1150 in
1185 1132 1320 1150 seimone
1342 1121 1508 1157 Sanscrito,
1540 1120 1590 1148 ubi
1612 1118 1723 1156 sucida,
1751 1119 1863 1156 suavis,
1894 1130 1909 1147 a
1931 1120 2032 1149 radice

90 1161 182 1198 suad,
218 1169 350 1200 gustare,
390 1169 453 1193 tuni
477 1165 640 1193 iucundum
665 1173 742 1198 esse,
780 1163 1020 1202 deprehenditur.
1066 1165 1102 1192 Ut
1127 1165 1203 1193 enim
1227 1174 1264 1192 ex
1287 1164 1437 1192 Sanscrito
1460 1174 1532 1192 suan
1554 1173 1658 1192 sonare
1679 1162 1830 1198 Latinum,
1865 1171 1901 1190 ex
1924 1173 2033 1194 suanus

90 1214 198 1241 sonuS,
221 1216 257 1234 ex
276 1218 403 1246 szmpnas
425 1218 562 1243 somnus3
587 1207 629 1234 sic
653 1206 731 1234 haud
755 1206 844 1234 dubie
867 1217 903 1234 ex
926 1205 1034 1235 suadas
1052 1207 1196 1236 Graecum
1218 1203 1310 1245 ἡδύς,
1336 1203 1468 1234 Latinum
1491 1203 1595 1241 sodus,
1618 1205 1696 1233 unde
1711 1203 1837 1239 sodalis,
1861 1204 2031 1235 derivanda.

90 1246 224 1276 Habetur
246 1249 330 1276 etium
353 1250 441 1277 radix
465 1250 612 1277 Sanscrita
634 1247 710 1277 suiid
733 1259 809 1286 quae
836 1249 956 1277 denotat
986 1247 1119 1288 diligere,
1155 1249 1234 1277 unde
1256 1247 1384 1285 sodalis,
1422 1247 1505 1286 quasi
1528 1246 1688 1283 sociabilis,
1724 1246 1900 1275 descendere
1924 1251 2031 1285 potest,

90 1299 164 1326 quae
188 1300 247 1318 vox
271 1296 332 1318 tuin
357 1292 533 1328 significabit
558 1291 704 1320 hominem
728 1290 905 1327 iucundum,
937 1291 1101 1320 amabilem.
1145 1292 1245 1330 anue
1269 1296 1312 1319 est
1334 1301 1403 1320 vera
1428 1291 1509 1318 vocis
1533 1290 1642 1318 sodalis
1664 1289 1847 1327 significatio.
1890 1289 1933 1318 Cf.
1955 1289 2031 1317 Doe-

89 1332 196 1360 derlin.
220 1333 237 1363 l.
258 1343 283 1363 e.
316 1332 438 1362 sodalis
460 1334 679 1362 unterscheidet
699 1332 763 1361 sich
786 1343 845 1361 von
870 1334 983 1362 amicus
1005 1335 1061 1362 wie
1085 1335 1132 1362 ein
1154 1340 1239 1371 guter
1255 1334 1390 1369 Frwnd,
1415 1334 1467 1361 mit
1491 1333 1556 1361 dem
1579 1342 1646 1360 man
1670 1332 1699 1360 in
1722 1330 1956 1365 sreundlichem‚
1979 1331 2033 1361 all-

88 1375 266 1412 gemeinem,
291 1376 469 1404 namenilich
492 1377 632 1405 heiterem
656 1375 839 1404 Vernehmen
863 1375 958 1411 steht,
988 1386 1045 1404 von
1071 1378 1164 1405 einem
1187 1376 1338 1413 Freunde,
1362 1386 1451 1413 gegen
1475 1375 1532 1404 den
1555 1385 1621 1403 man
1645 1374 1696 1402 das
1720 1374 1825 1411 heilige
1849 1373 1956 1401 Gefuhl
1978 1373 2032 1402 der

87 1417 303 1445 Freundschast
326 1417 402 1456 hegt.
439 1419 511 1448 Ptin.
537 1419 627 1457 Epist.
647 1418 688 1455 ll,
714 1420 778 1448 13.:
807 1418 877 1446 Cum
902 1418 957 1446 lioc
978 1420 1068 1454 seria,
1091 1431 1156 1448 cum
1180 1419 1236 1448 hoc
1258 1420 1339 1448 iocos
1360 1418 1483 1455 miscui‚·
1504 1416 1576 1457 quid
1598 1418 1671 1445 enim
1694 1415 1748 1445 illo
1771 1422 1821 1444 aui
1843 1417 1939 1445 amico
1951 1414 2031 1456 fide-

87 1458 160 1496 lius,
182 1467 233 1489 aut
255 1459 357 1488 sodale
380 1460 561 1490 iucundius?
588 1461 683 1489 Plaut.
707 1460 771 1489 Cas,
786 1461 844 1491 Ill.
868 1463 901 1495 3,
929 1462 993 1491 18.:
1017 1460 1080 1490 Hic
1103 1460 1217 1491 sodalis
1239 1468 1319 1494 tuus,
1342 1461 1454 1489 amicus
1477 1461 1610 1499 optimus.
1654 1459 1732 1488 Haec
1754 1458 1958 1487 Duedcrlinus.

254 1501 378 1532 sodes.
425 1504 498 1532 Vide
521 1502 624 1532 Sulris.
647 1503 733 1531 Ant.
757 1503 852 1542 Aug.
884 1502 988 1530 Cicero
1011 1503 1040 1530 in
1065 1504 1190 1532 Oratore
1214 1504 1250 1531 ad
1275 1504 1399 1531 Brutum
1422 1507 1491 1531 sect.
1506 1503 1574 1533 45.;
1597 1500 1735 1530 Libenter
1755 1501 1841 1530 etiam
1864 1499 2032 1540 copulando

86 1543 173 1573 verba
195 1544 370 1583 iungebam,
407 1553 439 1574 ut
467 1546 578 1575 sodes
604 1556 659 1585 pro
681 1545 713 1573 si
736 1543 867 1581 audes,
903 1545 955 1573 sis
975 1556 1030 1583 pro
1052 1546 1084 1574 si
1107 1547 1169 1574 vis.
1214 1544 1279 1573 Iam
1302 1546 1332 1573 in
1355 1557 1412 1574 uno
1436 1545 1565 1584 capsis
1587 1544 1645 1572 triu
1667 1543 1753 1572 verba
1773 1550 1855 1573 suni:
1891 1543 1957 1572 aia
1977 1554 2033 1582 pro

87 1588 213 1617 aione:
243 1589 398 1627 nequire
418 1599 472 1626 pro
494 1598 567 1616 non
590 1588 712 1627 quit-e:
746 1585 859 1615 malle
878 1597 931 1626 pro
955 1588 1077 1626 magis
1099 1586 1217 1616 velle.-
1252 1586 1354 1616 nolle
1374 1598 1429 1625 pro
1452 1598 1520 1616 non
1542 1585 1654 1623 υεῖῖθς
1686 1585 1770 1615 dein
1793 1586 1880 1614 eiiam
1902 1596 1985 1624 saepe
2006 1591 2033 1615 et

87 1631 176 1659 exin
196 1640 252 1669 pro
276 1628 410 1658 deinde
432 1637 458 1658 ee
482 1629 623 1658 exinde
645 1628 778 1657 dicimus.
798 1628 887 1658 Dae.
913 1628 986 1657 Vide
1003 1639 1092 1668 supra
1111 1628 1266 1659 Cumalter.
1288 1627 1392 1658 Goth..
1417 1630 1512 1657 Locus
1528 1629 1655 1657 Terentii
1675 1634 1717 1657 est
1735 1629 1765 1657 in
1781 1627 1873 1657 Andr.
1889 1627 1912 1663 Ι,
1933 1631 1959 1663 1,
1980 1627 2031 1658 58.

252 1670 394 1700 Surum.
440 1672 513 1700 Vide
535 1670 649 1710 Rigido
672 1676 701 1699 et
726 1669 901 1700 Crebrisuro.
933 1671 1040 1699 Versus
1064 1673 1149 1700 Ennii
1173 1671 1334 1700 mendosus
1357 1676 1409 1699 est.
1432 1672 1519 1700 Ant.
1543 1671 1637 1710 Aug.
1671 1672 1693 1699 Α
1716 1682 1800 1699 surus
1822 1670 1871 1699 fiet
1893 1669 2032 1700 deminu-

87 1714 181 1743 tivum
203 1712 335 1749 snrulus,
364 1714 415 1742 sed
437 1720 553 1743 veteres
577 1714 715 1741 ‹lii-ebant
737 1724 853 1748 surcus,
890 1713 966 1741 unde
989 1713 1131 1743 surculus.
1176 1715 1286 1743 Versus
1311 1714 1403 1741 Plauti
1427 1724 1484 1742 non
1509 1718 1606 1749 extar,
1645 1723 1719 1751 quae
1742 1712 1942 1751 sequebantur
1964 1715 2033 1750 post

86 1757 170 1786 ascia
191 1757 326 1785 divinare
350 1767 409 1785 non
433 1768 562 1795 possum.
608 1756 652 1784 Ibi
681 1756 827 1785 rescrebat
848 1756 952 1784 Festus
983 1758 1133 1794 quomodo
1156 1757 1276 1786 Cirruin
1305 1758 1382 1785 suris
1411 1761 1439 1785 et
1464 1756 1569 1784 assulis
1592 1756 1754 1794 sepiebant.
1799 1755 1924 1784 Versum
1949 1753 2032 1785 Ennii

86 1799 164 1828 idem
187 1809 277 1838 supra
300 1800 400 1828 retulit
422 1800 452 1828 in
475 1797 598 1838 Rigida.
646 1798 730 1827 Dae.

251 1841 446 1871 Surremit.
491 1842 580 1871 Infra.
621 1841 726 1869 Adhuc
752 1851 872 1878 quaero.
915 1841 966 1868 Est
988 1841 1065 1868 enirn
1090 1840 1212 1870 historia
1237 1842 1355 1879 penitus
1378 1840 1449 1869 mihi
1473 1840 1668 1878 incomperta.
1694 1838 1796 1870 Scal.
1839 1839 1874 1868 In
1897 1837 2032 1869 omuibus

86 1884 265 1912 editionibus
287 1885 363 1913 male
386 1890 527 1922 acceptus
551 1888 592 1911 (ist
616 1882 664 1911 hic
688 1884 786 1919 lmus,
812 1893 878 1911 cum
905 1883 999 1911 media
1023 1884 1100 1911 Festi
1124 1883 1214 1912 verba
1237 1883 1329 1912 findat
1351 1883 1423 1912 haec
1447 1883 1529 1911 Pauli
1548 1883 1701 1921 Epitome:
1724 1881 1913 1921 Surraempsit,
1935 1886 2031 1909 austu-

85 1925 160 1955 lerit.
204 1927 304 1962 Quare
326 1928 407 1956 illam
429 1937 549 1955 remove
572 1927 610 1954 sis
635 1931 664 1954 et
686 1926 801 1964 reliqua
825 1926 867 1953 sic
890 1926 1094 1954 continuabis:
1131 1926 1288 1963 Surremit,
1326 1927 1466 1965 sumpsit,
1501 1926 1587 1964 inque
1612 1935 1730 1954 manum
1751 1924 1884 1953 surremit
1905 1922 2030 1952 huntam.

86 1967 169 1997 Idem
185 1971 271 1998 etiam
288 1970 456 2009 surrempsit
474 1970 622 2007 usurpavit
636 1980 691 2007 pro
705 1979 824 2007 puerum
841 1967 997 1997 sustulerit.
1018 1968 1108 1998 Duc.
1132 1969 1210 1998 Vide
1228 1979 1318 2007 supra
1331 1967 1480 1997 Abemito.
1503 1965 1610 1997 Goth.
1636 1966 1746 1998 Manu.
1768 1966 1897 1995 Manum.
1919 1963 2031 1994 Idem.

250 2010 488 2051 Surrempsit.
533 2011 628 2040 Verba
651 2011 730 2039 Festi
757 2011 947 2049 interpretem
978 2011 1145 2040 desiderant
1168 2017 1198 2040 et
1219 2012 1360 2040 videntur
1383 2011 1420 2039 ad
1443 2010 1498 2039 alia
1522 2009 1612 2039 verba
1636 2011 1722 2039 etiam
1744 2009 1892 2048 pertinere
1913 2011 2030 2047 praeter

85 2055 271 2092 sum-empsit.
294 2053 382 2084 Ani.
404 2054 499 2093 Aug.
533 2053 606 2082 Vide
629 2063 717 2092 supra
737 2052 885 2083 Abemito.
932 2051 1038 2082 Gotlz.

249 2095 410 2125 Surium·
441 2096 498 2135 (Ad
524 2095 647 2134 p-241.)
676 2096 787 2124 Forsan
815 2105 868 2134 per
896 2094 1020 2134 σκύριον
1044 2095 1082 2124 ad
1105 2096 1297 2134 proverbium
1319 2095 1394 2125 illud
1418 2094 1655 2133 antiquissimum
1678 2093 1795 2129 allusit,
1830 2091 1966 2129 quisquis
1988 2091 2029 2120 ita

85 2138 300 2176 Philosophum
328 2139 466 2167 vocavit:
505 2140 622 2177 Σκυρία
651 2135 743 2177 ἀρχή,
780 2138 859 2176 quod
889 2137 936 2168 ἐπὶ
960 2141 1021 2169 ταῖν
1045 2138 1167 2169 ἐντελῶν
1189 2138 1354 2177 natu-ndei!
1377 2137 1521 2173 λυσιτελὲς
1541 2135 1669 2176 ἐχόντων
1689 2135 1852 2165 dicebatur.
1895 2131 2026 2165 ΕυδΙᾶΙ-ὶῐ-

84 2184 235 2220 pag.782.
261 2181 336 2210 ledit.
360 2182 498 2217 Roman„
521 2181 562 2210 ita
586 2186 618 2209 ut
640 2180 674 2208 ab
698 2191 731 2208 eo
755 2179 855 2221 Scyrii
876 2180 948 2209 dicti
971 2181 1081 2210 suerint
1102 2180 1235 2210 homines
1260 2181 1369 2210 nullius
1392 2181 1491 2220 pretii.
1535 2179 1624 2209 Dae.

248 2222 461 2252 Summussi.
506 2224 630 2252 Carmen
660 2223 788 2252 Terentii
812 2234 827 2252 a
852 2223 942 2251 Paulo
970 2224 1095 2252 relatum
1124 2234 1182 2252 non
1211 2225 1337 2262 reperio.
1381 2223 1437 2252 Sed
1468 2222 1590 2254 videtur
1618 2230 1680 2250 esso
1708 2219 1830 2249 alterius
1860 2221 1960 2256 poetae
1988 2224 2026 2244 ex

84 2266 162 2295 Festi
183 2266 326 2303 reliquiis.
372 2266 404 2294 In
429 2265 572 2304 Adelphis
594 2271 691 2294 tamen
714 2265 764 2293 ille
788 2266 828 2294 ait
851 2265 912 2305 (11,
938 2270 972 2301 1,
995 2265 1080 2305 53.);
1116 2265 1310 2305 Accipiat-da
1338 2274 1365 2294 et
1391 2263 1574 2297 mussitanda
1595 2263 1705 2294 iniuria
1727 2259 1950 2292 adolescentium
1973 2263 2023 2286 est.

84 2309 172 2338 Ant.
196 2309 287 2347 Aug.
334 2308 435 2336 Naevii
457 2318 560 2337 versus
583 2313 628 2336 est
645 2307 844 2337 Trochaicus:

661 2349 722 2379 Odi
742 2351 926 2387 summissos,
949 2349 1074 2389 proinde
1095 2349 1160 2380 dice
1181 2358 1278 2391 aperte
1299 2349 1371 2391 quid
1391 2351 1453 2386 siet,

661 2392 749 2429 Quod
772 2394 860 2421 limes.

1434 2444 1618 2486 Prpp*
