2263 2668
422 160 486 194 DE
513 159 789 195 VERBORUM
814 155 1204 194 SIGNIFICATIONE
1231 157 1545 195 FRAGMENTA.
1800 159 1874 194 195

94 257 156 293 Ob
183 255 433 301 praepositione
459 255 610 299 antiquos
636 265 712 287 usos
740 266 811 288 esse
836 265 900 300 pro
927 252 988 295 ad,
1022 251 1111 285 testis
1139 256 1187 285 est
1208 253 1349 295 Ennius,
1383 266 1487 298 quom
1515 255 1575 296 ait,
1610 256 1649 288 L.
1669 254 1796 289 X1111.:

198 307 351 342 Omnes
379 307 528 346 occisi,
566 306 823 350 obcensique
849 307 888 339 in
914 307 1037 338 nocte
1064 315 1228 344 serena3

95 361 129 394 id
158 366 224 399 est,
271 360 437 393 accensi*
462 364 494 392 et
519 359 550 391 in
580 358 774 404 Iphigenia:
1882 366 1934 390 ἀι.
1953 365 2047 390 lucenti

198 411 484 445 Acherontem
513 411 664 444 adibo*
686 411 754 443 ubi
780 409 926 442 mortis
953 406 1147 440 thesauri
1175 407 1422 441 adiacent**.
1883 417 1935 442 *aL
1955 417 2031 442 obibo

96 464 257 497 Eiusdem
285 468 396 496 autem
423 463 555 508 generis
581 474 650 495 esse
676 463 721 495 ait
747 461 899 500 obferre,
935 459 1070 498 obtulit,
1107 459 1273 499 obcurrit,
1310 460 1460 500 oblatus,
1497 461 1662 494 obiectus:
1699 460 1780 492 mihi
1806 452 2030 512 non'''²¹c·e‘¹'¹lt''¹'‘¹’

97 516 170 548 satis
199 515 387 559 persuadet.
441 515 679 555 Ostentum,
715 525 783 556 quo
809 523 896 546 nunc
922 511 1044 544 utimur
1068 510 1235 543 interdum
1263 511 1413 556 prodigii
1440 512 1528 551 vice,
1562 513 1640 555 quin
1667 511 1874 556 participali-

97 572 148 600 ter
174 578 308 610 quoque
337 566 402 599 dici
429 566 563 599 solitum
591 566 646 605 sit,
692 577 758 598 non
785 565 932 598 dubium.
960 562 1041 595 facit
1068 563 1166 595 etiam
1196 562 1234 597 C.
1258 563 1434 597 Gracchus
1461 563 1505 596 de
1530 563 1661 609 legibus
1689 576 1708 596 a
1733 575 1767 596 se
1793 574 1876 607 pro-

98 619 270 664 mulgatis,
299 629 400 661 quom
425 618 487 650 ait:
515 617 640 659 Quod
667 628 786 650 unum
813 616 931 649 nobis
957 615 995 646 in
1023 618 1253 655 ostentum,
1281 615 1381 659 ipsis
1408 616 1447 647 in
1475 626 1587 648 usum
1615 615 1876 660 adportatur.

99 670 411 709 occisitantur,
450 681 551 714 saepe
579 669 786 703 occiduntur.
814 669 859 701 sic
884 667 921 701 C.
947 665 1122 699 Gracchus
1149 678 1211 710 pro
1239 667 1350 698 rostris
1376 667 1409 699 in
1436 667 1473 699 P.
1496 667 1693 711 Popillium:
1737 667 1838 699 Hom
1849 667 1877 698 i—

98 734 167 754 nes
194 722 319 754 liberi
347 732 451 754 nunc
478 722 516 754 in
543 721 706 766 oppido
736 720 1026 754 occisitantur.
1088 718 1160 750 Osi
1187 723 1298 754 sunt,
1342 718 1384 750 ab
1412 718 1492 750 odio
1520 719 1701 751 declinasse
1728 719 1879 762 antiquos

99 773 187 806 testis
215 781 261 806 est
289 773 328 807 C.
354 773 529 807 Gracchus
558 773 591 805 in
618 785 675 812 ea,
727 784 813 816 quae
841 777 888 804 est
914 771 957 803 de
983 770 1063 815 lege
1089 769 1258 811 Minucia,
1302 781 1405 813 quom
1433 770 1492 802 ait:
1539 770 1691 802 Mirum
1719 770 1749 803 si
1777 769 1877 813 quid

100 825 165 857 his
199 825 381 858 iniuriae
416 826 492 867 sit,
545 835 709 869 semper
742 835 810 857 eos
844 823 904 856 osi
938 826 1040 854 sunt.
1081 821 1173 865 quod
1213 832 1302 855 nnnc
1342 833 1479 866 quoque
1519 832 1595 855 cum
1634 822 1880 866 praepositione

102 877 226 910 elatum
253 877 408 920 frequens
435 882 499 917 est,
536 888 638 920 quom
666 876 822 915 dicimus,
857 885 989 919 semper
1015 873 1167 919 perosi.
1222 873 1434 915 Ostende,
1468 873 1701 912 ostendam3
1738 879 1774 906 ut
1800 884 1880 917 per-

103 929 212 961 multis
238 929 310 961 aliis
337 929 497 973 exemplis
525 929 593 961 eius
620 929 752 974 generis
778 927 989 960 manifestum
1017 930 1074 959 est.
1127 925 1404 970 Optionatus,
1432 930 1468 972 ut
1493 925 1753 966 Decurionatus,
1790 926 1881 958 Pon-

101 980 243 1013 tificatus
271 980 408 1019 dicitur,
435 987 471 1013 ut
491 980 576 1013 Cato
601 981 633 1013 in
661 992 718 1019 ea,
745 991 844 1023 quam
872 978 992 1010 habuit
1017 977 1108 1022 apud
1136 977 1279 1022 equites:
1307 977 1494 1010 Maiores
1521 989 1725 1017 seorsum,
1754 982 1881 1020 atque

102 1031 315 1065 ‹liversum
350 1032 528 1076 pretium
560 1029 580 1082 Η
608 1043 806 1076 paravere
847 1031 992 1073 bonis,
1027 1034 1152 1073 atque
1185 1030 1381 1071 strenuis,
1418 1029 1737 1083 ‹lecufionatus,
1774 1027 1879 1074 [181]

103 1084 372 1127 optionatuS‚
418 1083 562 1117 hastas
593 1083 835 1123 donaticas,
877 1082 1074 1125 aliosque
1106 1081 1302 1114 honores.

270 1135 333 1168 Ob
362 1147 424 1175 οε,
460 1136 503 1168 ad
532 1147 568 1168 os
595 1136 758 1180 significat
810 1161 816 1167 .
872 1160 878 1167 .
934 1160 940 1166 .
996 1161 1003 1168 .
1056 1134 1139 1166 Item
1166 1138 1203 1166 ut
1228 1133 1455 1178 superioribus
1482 1143 1616 1176 quoque
1645 1132 1804 1174 exemplis
1833 1136 1883 1162 te·-

103 1190 229 1218 status*
252 1191 308 1222 est.
362 1187 693 1228 Obsonitavere,
722 1197 821 1230 saepe
849 1187 1064 1220 obsonavere.
1118 1185 1203 1218 Cato
1230 1185 1263 1218 in
1286 1185 1437 1218 suasione
1464 1184 1507 1217 de
1534 1185 1611 1228 lege
1639 1183 1754 1216 orchia
1782 1183 1880 1214 dero-
1895 1184 1924 1208 Ὗ.
1938 1187 2057 1209 testatum

104 1242 273 1282 garetur*.
329 1238 409 1279 Qui
438 1244 556 1272 antea
583 1239 901 1276 obsonitavere;
942 1243 1089 1281 postea
1116 1237 1309 1270 centenis
1337 1236 1650 1269 obsonitavere.
1709 1233 1929 1278 Significat-f.
1951 1252 1982 1268 ne
2007 1242 2059 1276 legi

104 1294 215 1322 autem
243 1290 419 1323 convivari.
474 1290 691 1333 ostentas,
737 1301 837 1334 saepe
871 1290 1018 1322 ostendis
1050 1289 1217 1334 gloriandi
1253 1300 1362 1323 causa.
1415 1288 1485 1321 Sed
1514 1293 1546 1320 et
1573 1285 1823 1331 participialiter
1848 1277 2059 1338 idquglje‘fflf‘

106 1346 137 1373 et
165 1341 232 1373 dici
261 1341 379 1382 debet,
423 1347 455 1375 et
481 1342 604 1375 dictum
633 1347 679 1375 est
706 1342 864 1375 feminino
893 1353 1027 1386 genere.
1082 1340 1244 1374 Ovibus
1271 1341 1401 1373 duabus
1429 1340 1654 1372 multabantur
1681 1337 1772 1382 apud
1801 1337 1884 1369 anti·
1934 1321 1951 1346 g
2042 1330 2048 1337 ⁸

104 1403 188 1435 quos
221 1393 254 1425 in
288 1394 471 1426 minoribus
503 1394 648 1434 delictis,
696 1398 732 1426 ut
763 1394 796 1426 in
823 1393 1003 1425 maioribus
1039 1394 1150 1427 amb.*
1179 1405 1240 1426 nec
1273 1393 1363 1426 hunc
1390 1393 1474 1424 ultra
1502 1402 1675 1424 numerum
1704 1388 1930 1422 excffllebat'f·
1952 1388 2026 1447 Xgffl

105 1444 274 1477 multatio:
311 1457 396 1488 quae
422 1450 539 1490 postea
566 1458 666 1489 quam
694 1457 771 1478 aere
798 1445 928 1489 signato
956 1445 1003 1478 uti
1030 1446 1144 1478 civitas
1171 1445 1301 1489 coepit,
1338 1455 1528 1488 pecoraque
1556 1442 1738 1475 multaticia
1765 1440 1888 1474 incuria
1940 1424 1972 1448 b⁰
1994 1443 1997 1447 ’

107 1497 407 1539 corrumpebantur
433 1497 521 1530 unde
550 1498 649 1530 etiam
675 1498 849 1542 peculatus
877 1497 1001 1529 crimen
1028 1498 1179 1541 usurpari
1207 1502 1365 1540 coeptum
1395 1502 1461 1533 est;
1503 1495 1590 1527 facta
1619 1493 1799 1526 aestimatio
1827 1504 1887 1536 pe—

107 1548 226 1580 coralis
255 1549 396 1589 multae,
443 1554 475 1582 et
501 1550 604 1582 boves
633 1549 778 1582 centenis
806 1549 949 1589 assibus,
995 1559 1073 1582 oves
1101 1549 1193 1582 denis
1219 1549 1419 1581 aestimatae.
1482 1546 1565 1579 Inde
1592 1556 1747 1589 suprema
1775 1543 1889 1584 multa,

107 1598 142 1630 id
171 1603 217 1631 est
244 1600 386 1632 maxima
412 1601 602 1645 appellatur
628 1602 690 1633 tria
717 1601 821 1633 millia
847 1601 938 1632 aeris.
990 1601 1073 1633 Item
1099 1601 1260 1633 vincesis*
1282 1600 1465 1632 minoribus
1489 1597 1628 1631 delictis.
1683 1596 1932 1629 Olivitam'f.
1948 1600 2052 1626 vicessis

109 1651 233 1692 antiqui
261 1651 434 1691 dicebant,
484 1664 588 1695 quom
624 1653 699 1685 olea
734 1652 961 1696 cogebatur*:
1015 1657 1049 1684 ut
1084 1664 1223 1685 messem
1257 1664 1333 1685 cum
1360 1652 1545 1689 frumenta,
1594 1653 1650 1680 aut
1676 1647 2063 1686 vindemiampazmonige-

109 1712 211 1743 quom
241 1713 328 1734 uvas.
344 1703 435 1745 quod
462 1704 665 1738 vocabulum
685 1704 794 1747 potius
820 1704 1023 1746 frequentari
1052 1703 1208 1746 debebat,
1236 1702 1363 1746 quam⁷
1388 1702 1514 1734 nullum
1527 1704 1555 1718 *⁴*
1579 1701 1646 1732 eius
1673 1687 2064 1747 Slg¹¹lfi⁰³¹l⁰’”ae?l².³trl¹dllam

110 1752 158 1784 nis¹
186 1756 316 1796 causa†
336 1753 544 1788 haberemus.
572 1756 721 1799 quamvis
745 1755 880 1798 quidam
906 1755 1111 1788 oblivitatem
1136 1767 1244 1788 meam
1256 1758 1302 1797 ††
1322 1754 1444 1788 dicant.
1499 1748 1798 1795 Oppidorumss
1822 1748 2064 1796 ori—†al.causa3n

111 1804 223 1847 ginem
251 1806 378 1848 optime
405 1807 507 1839 refert
528 1806 622 1840 Cato.
676 1807 795 1840 Cicero
824 1807 879 1840 lib.
904 1807 928 1839 Ι.
957 1807 1001 1838 de
1028 1808 1154 1851 gloria,
1184 1818 1326 1849 eamque
1353 1803 1615 1849 appellationem
1642 1790 2064 1850 usurpationem'lt‘gffll'nossffi‘

112 1855 318 1899 appellatam
346 1869 415 1890 esse
443 1858 621 1897 existimat,
668 1859 760 1902 quod
789 1870 889 1902 opem
920 1858 1036 1891 darent
1063 1852 1229 1895 adiciens,
1277 1862 1312 1890 ut
1339 1857 1483 1889 imitetur
1508 1855 1662 1887 inertias*
1690 1853 2065 1893 Stoicorumnamnepnas

113 1907 286 1946 Orcum,
321 1920 420 1951 quem
455 1910 612 1942 dicimus.
642 1910 686 1942 ait
710 1911 844 1943 Verrius
873 1911 914 1941 ab
942 1911 1081 1953 antiquis
1109 1910 1234 1942 dictum
1269 1908 1495 1952 Uragum*,
1529 1905 1623 1950 quod
1651 1911 1683 1938 et
1708 1917 1729 1937 v
1762 1905 1938 1937 litterae*f-
1957 1910 2065 1943 Urgum,

114 1969 228 1990 sonum
265 1970 328 2003 per
363 1971 383 1992 o
427 1961 629 1994 efferebant:
675 1973 735 2006 per
763 1972 782 1994 c
808 1961 934 1993 litterae
963 1962 1104 1994 sormam
1135 1960 1348 1993 nihilominus
1375 1971 1399 2004 g
1426 1959 1641 2002 usurpabant.
1705 1956 1774 1990 Sed
1808 1954 1891 1988 nihil

114 2009 211 2042 affert
238 2012 486 2055 exemplorum,
514 2018 549 2045 ut
574 2014 618 2045 ita
646 2025 714 2046 esse
741 2013 934 2046 credamus:
962 2013 1020 2045 nisi
1047 2013 1139 2055 quod
1168 2012 1247 2044 his*
1275 2011 1357 2044 deus
1386 2011 1526 2043 maxime
1552 2021 1610 2042 nos
1634 2013 1762 2054 urgeat.
1809 2006 1892 2040 Ob-
1943 2013 1982 2038 ·f.
2002 2013 2024 2038 is

114 2067 293 2101 moveto,
323 2074 383 2105 pro
400 2063 579 2097 admoveto
606 2061 717 2112 dicel]
736 2066 833 2097 batur
859 2064 950 2108 apud
979 2065 1141 2107 antiquos,
1169 2069 1205 2096 ut
1228 2064 1301 2105 alia,
1332 2075 1418 2106 qnae
1445 2063 1548 2095 relata
1573 2066 1655 2093 sunt.
1685 2060 1756 2093 Of·
1783 2056 1890 2104 [182]

118 2113 154 2144 fe
164 2113 311 2146 udices
338 2115 383 2146 ait
400 2126 469 2146 esse
487 2115 594 2147 Titius
619 2115 737 2153 nodos,
755 2115 873 2158 quibus
889 2126 975 2159 apex
1003 2116 1181 2148 retineatur
1196 2119 1228 2147 et
1244 2115 1438 2148 remittatur.
1466 2115 1511 2147 At
1520 2113 1679 2146 Veranius
1694 2111 1819 2144 coriola
1837 2120 1893 2142 ex-

115 2165 252 2206 istimat,
289 2176 375 2208 quae
402 2165 462 2198 sint
487 2166 520 2198 in
547 2166 626 2199 loris
654 2167 776 2211 apicis,
810 2167 930 2209 quibus
957 2178 1043 2211 apex
1070 2167 1264 2208 retineatur,
1302 2171 1334 2199 et
1359 2166 1563 2206 remittatur,
1599 2174 1685 2208 quae
1711 2163 1754 2195 ab
1783 2161 1894 2195 offen-

124 2275 251 2304 Urs.—
272 2273 301 2313 3)
316 2274 406 2312 Lege:
426 2274 488 2313 Qui
505 2276 589 2313 quia.
605 2292 647 2297 —-
670 2274 699 2314 4)
709 2274 873 2304 Delendum
887 2274 981 2313 quod.
1026 2275 1183 2314 Originum
1219 2276 1258 2304 M.
1286 2275 1404 2304 Catonis
1420 2298 1428 2312 ,
1477 2284 1544 2303 cum
1575 2277 1675 2302 tamen
1709 2271 1759 2301 hic
1789 2275 1895 2309 agatur

116 2332 157 2337 —
179 2316 206 2355 5)
229 2316 307 2345 Face
330 2328 397 2345 vero
420 2318 491 2348 Ven.
508 2319 554 2346 Sc.
577 2334 619 2339 —
649 2320 677 2353 6)
703 2318 818 2356 Stnpra
842 2317 911 2346 Ven.
936 2319 981 2346 Sc.
1025 2318 1062 2346 de
1092 2324 1189 2357 etymo
1219 2319 1414 2358 oppidorum.
1466 2317 1524 2346 Sed
1554 2325 1675 2356 possum
1700 2314 1775 2344 salli.
1816 2314 1893 2342 Urs-

117 2375 158 2380 -
180 2358 208 2397 7)
232 2360 305 2397 Lege
328 2371 419 2399 quom
443 2361 551 2389 omisso
575 2371 602 2388 v.
619 2371 740 2388 caus-ra.
765 2374 802 2381 —·
827 2358 856 2400 ὃ)
884 2362 981 2399 ΟΡΡί-
1025 2361 1097 2390 Cato
1121 2361 1201 2391 haud
1222 2362 1310 2391 dubie
1328 2363 1453 2400 loquens
1474 2359 1680 2389 introducitur
1704 2357 1785 2398 apud
1807 2357 1892 2385 Cice-

118 2400 249 2441 domm]
273 2403 385 2432 Nomen
411 2403 538 2432 Catonia
558 2404 588 2431 in
609 2402 726 2431 schedis
748 2403 894 2432 adiectum
919 2405 980 2442 opi·
1023 2414 1134 2435 renem,

120 2454 174 2473 nor
197 2444 232 2472 ab
251 2444 368 2483 aliquo,
398 2447 448 2483 qui
465 2447 577 2486 putarit
598 2457 614 2474 a
636 2446 724 2475 Festo
740 2445 864 2474 indicari
887 2446 979 2475 libros

1549 2496 1655 2530 Bb*
