2263 2668
796 169 884 203 LIB.
912 169 938 202 Ι.
992 169 1136 204 SEGM.
1166 169 1240 204 XV.

1918 176 1966 210 91

253 262 430 296 Horresco
456 258 669 308 reserens¹73

30 316 78 346 et:

254 365 460 409 Liminaque
485 365 673 409 laurusque
681 361 723 404 ¹⁹,-

32 426 118 458 quae
147 419 258 461 tamen
285 417 433 460 syllabae
461 417 690 450 communibus
717 415 849 459 syllabis
876 420 1015 460 possunt
1040 416 1147 449 inseri.

31 479 105 499 vem
131 472 242 500 secuta
269 468 367 500 fuerit
392 468 404 500 i
429 467 555 509 littera,
582 469 654 501 vice
681 468 788 511 posita
815 469 1043 509 consonantis,
1070 472 1124 501 ut:

254 519 507 563 Harpyiaeque
534 520 649 552 colant
662 516 704 556 '¹³3

31 579 97 600 non
123 569 286 602 immerito
314 570 351 603 fit
376 571 544 614 positione
572 572 674 615 longa
697 581 748 616 1²3]
774 569 920 614 syllaba,
955 570 1014 602 nisi
1041 571 1136 613 quia,
1163 574 1198 603 ut
1224 581 1324 613 supra
1351 569 1504 613 diximus,
1540 573 1552 605 i
1578 572 1688 605 littera
1714 583 1789 606 cum
1816 574 1914 608 fuerit
1940 576 1972 608 in

31 619 142 652 medio
169 622 359 662 vocalium,
386 622 431 654 ita
457 628 492 655 ut
515 634 698 655 consonans
724 622 780 663 sit,
807 619 1010 664 duplicem²⁰
1037 634 1152 655 sonum
1179 622 1298 654 reddit.

1200 416 1315 450 Nonus
1348 418 1466 451 modus
1499 423 1563 460 est,
1598 431 1674 453 cum
1708 421 1860 455 vocalem
1894 423 1971 456 bre-

192 697 226 729 4.
279 697 437 731 Decimus
464 699 583 732 modus
611 704 675 739 est,
702 700 728 731 si
754 702 831 742 post
856 698 1008 732 vocalem
1036 699 1182 733 subiecta
1209 699 1248 731 sit
1274 698 1465 731 consonanti
1492 699 1632 742 vocalis,
1664 699 1720 732 vel
1753 710 1793 740 u,
1829 704 1861 732 et
1895 712 1972 734 cor-

31 751 162 791 reptam
187 749 340 782 vocalem
373 749 498 782 habeat
524 756 802 794 consequentem,
829 754 880 782 ut:

258 800 460 834 Parietibus
486 805 619 834 textum
647 798 802 835 (uestem.

30 861 69 893 In
95 861 164 897 hoc
190 874 284 895 versu
311 863 468 906 quoniam
495 864 603 908 prima
630 876 706 908 pars
733 863 887 897 orationis
914 865 1102 905 correptam
1129 859 1253 900 habet,
1287 859 1356 894 hoc
1389 872 1512 905 genere
1538 862 1706 905 positionis
1731 863 1874 907 primam
1905 865 1973 909 syl-

31 913 142 946 labam
167 914 306 958 longam
334 915 512 951 efficimus:
547 916 727 949 secundam
755 910 930 958 namque²²
963 913 1125 956 syllabam
1151 923 1336 944 resecamus
1362 924 1425 956 per
1458 913 1621 954 medium,
1657 919 1689 947 et
1714 915 1974 959 praecedentem

31 971 265 998 consonantem
288 966 416 1009 primae
445 967 592 1009 syllabae
619 967 904 1011 conglutinamus,
931 965 1083 997 vocalem
1111 967 1223 995 autem
1251 964 1295 996 ad
1322 964 1451 997 tertiam
1477 975 1692 1007 revocamus,
1729 971 1761 998 et
1786 966 1864 1000 loco
1891 979 1974 1001 con-

31 1017 173 1049 sonantis
201 1017 386 1061 defigimus.
448 1018 516 1051 Hic
551 1029 627 1051 sane
654 1018 774 1051 modus
801 1017 972 1062 positionis
1000 1015 1091 1060 apud
1117 1015 1297 1059 Virgilium
1323 1026 1391 1048 non
1417 1012 1483 1048 in²3
1517 1017 1676 1060 superiori
1712 1019 1866 1062 exemplo
1899 1023 1974 1051 tan-

31 1073 121 1109 tum,
148 1068 206 1101 sed
232 1069 264 1100 in
292 1069 400 1100 multis
426 1069 571 1101 versibus
598 1070 776 1112 invenitur,
804 1075 855 1103 ut:

258 1119 399 1152 Arietat
425 1121 460 1152 in
481 1118 660 1165 portas-'⁴3

33 1174 83 1201 et:

202 1220 374 1254 Transtra
397 1232 465 1266 per
492 1226 523 1255 et
550 1233 664 1255 remos
691 1226 723 1255 et
745 1223 865 1267 pictas
890 1221 1005 1255 abiete
1025 1215 1208 1264 111111pe825.

32 1270 131 1304 Item:

263 1323 390 1357 Genua
416 1324 558 1366 labant,
585 1328 702 1358 vastos
728 1325 839 1369 quatit
867 1335 982 1369 aeger
1008 1322 1182 1356 anhelitus
1209 1317 1359 1358 artus²⁸,·

34 1378 81 1405 et:

263 1425 388 1460 Tenuis
413 1426 472 1460 ubi
504 1427 666 1473 argillae
692 1427 846 1461 dumosis
872 1427 1030 1461 calculus
1056 1420 1192 1458 arvis²⁷.

254 1544 387 1579 SEGM.
414 1546 487 1580 XV.
547 1547 621 1580 De
662 1547 1032 1581 communibus
1069 1545 1314 1592 syllabis
1348 1553 1447 1588 per
1486 1546 1751 1577 naturam.

197 1630 229 1662 1.
283 1629 485 1665 Communes
512 1634 661 1677 syllabae
692 1634 854 1666 naturales
881 1633 1012 1666 duobus
1039 1633 1146 1666 modis
1172 1633 1356 1667 incurrunt;
1391 1632 1446 1660 aut
1472 1628 1506 1659 in
1539 1628 1674 1672 singulis
1701 1627 1887 1669 vocalibus,
1921 1633 1977 1661 aut

33 1682 161 1715 duabus
195 1682 393 1721 coniunctis,
429 1696 509 1727 quas
544 1685 665 1719 Graeci
699 1683 967 1731 diphthongos2ss
1002 1690 1132 1718 vocant.
1188 1680 1379 1716 Communis
1414 1679 1542 1721 syllaba
1576 1691 1639 1723 per
1672 1678 1837 1722 singulam
1873 1690 1977 1713 voca-

33 1729 130 1766 lem²⁰
165 1733 210 1767 sic
236 1733 453 1780 intelligitur,
493 1736 519 1768 si
552 1737 719 1781 producta
751 1738 875 1771 vocalis
913 1737 1097 1782 excipiatur
1131 1748 1150 1768 a
1191 1733 1299 1766 vocali
1335 1727 1530 1774 correptam.
1591 1731 1652 1763 Est
1686 1730 1772 1762 enim
1807 1730 1910 1776 longa
1943 1733 1976 1764 in

32 1784 102 1818 hoc
126 1796 238 1818 versu:

36 1888 87 1913 art.
101 1884 174 1912 Don.
192 1895 257 1923 pag.
273 1887 322 1917 33.
369 1885 427 1915 Sed
442 1886 496 1916 hoc
514 1888 628 1916 interest
641 1889 714 1917 inter
727 1900 743 1917 z
758 1896 783 1916 et
797 1899 839 1924 tr,
863 1887 943 1927 quorl
958 1898 983 1916 a·

34 1934 134 1955 nostra
156 1938 264 1966 semper
286 1927 398 1967 duplex
420 1937 446 1958 et
466 1941 521 1968 pro
546 1929 658 1959 duabus
682 1930 908 1959 consonantibus
932 1930 983 1957 Iza-

35 1968 134 2005 betur5
156 1979 173 1996 z
195 1980 269 2006 non,
292 1969 342 1998 secl
365 1970 528 2011 aliquando
549 1983 603 2012 pro
628 1972 741 2012 tluplici
762 1972 898 2007 liabetur,
929 1971 984 1999 ali-

34 2009 154 2051 quando
175 2022 228 2049 pro
251 2011 388 2051 simplici.
414 2019 467 2044 cet.
494 2031 531 2035 —
578 2018 623 2050 13)
646 2016 725 2053 Virg.
743 2017 811 2043 Aen.
829 2014 880 2049 XI,
901 2017 927 2044 7.
943 2029 984 2033 -·-

34 2054 80 2092 14)
105 2052 184 2089 Virg.
201 2053 274 2082 Aen.
290 2055 342 2091 XI,
367 2058 435 2088 112.
481 2057 550 2085 Cod.
574 2057 678 2086 habet:
703 2058 733 2085 ni
751 2056 823 2097 fata
847 2055 944 2084 locum
962 2066 983 2082 s.

1027 1892 1078 1922 tes,
1096 1885 1175 1923 quod
1189 1884 1283 1912 nihili.
1299 1901 1339 1904 —
1368 1882 1415 1923 21)
1431 1883 1509 1920 Virg.
1527 1882 1599 1910 Aen.
1616 1882 1651 1919 V,
1667 1883 1736 1913 589.
1751 1897 1792 1903 —-
1814 1882 1862 1918 ΞΒ)
1872 1880 1974 1909 Nam-

1027 1940 1088 1968 que.
1133 1928 1175 1956 lta
1200 1927 1271 1956 Cod.
1296 1930 1475 1954 constanter.
1495 1941 1536 1945 ——-
1590 1924 1839 1962 23)P1-aoposi¹i0
1864 1925 1892 1951 in
1916 1924 1976 1950 :zd-

1028 1971 1089 1997 dila
1112 1980 1127 1998 e
1151 1969 1221 1998 cod.
1245 1974 1273 1997 ct
1291 1969 1356 1997 Asc.
1373 1969 1403 1996 in
1423 1969 1451 1998 Ι).
1476 1968 1566 1995 deest.
1585 1984 1626 1987 —
1663 1967 1710 2004 24)
1730 1967 1806 2001 Vire.
1830 1967 1900 1994 Aen.
1924 1967 1975 2002 XI,

1028 2014 1098 2043 890.
1123 2029 1164 2033 --
1204 2011 1251 2048 25)
1275 2011 1355 2048 Virg.
1377 2012 1447 2039 Aen.
1472 2010 1512 2046 V,
1531 2011 1602 2041 663.
1625 2025 1666 2030 —
1710 2012 1754 2043 526)
1779 2009 1868 2037 Cod.:
1893 2020 1976 2047 aeger

1028 2053 1180 2082 hanelitus.
1223 2055 1319 2082 Locus
1333 2058 1375 2082 est
1389 2054 1468 2089 virg.
1488 2053 1556 2082 Aen.
1578 2052 1611 2088 V,
1629 2052 1698 2083 432.
1747 2052 1827 2079 Adde
1847 2052 1977 2079 Eundem

35 2094 65 2125 ἆ.
83 2093 111 2125 ἆ.
132 2093 161 2123 d.
176 2106 198 2124 5.
224 2094 377 2134 Septimus.
395 2115 436 2119 —
468 2101 513 2137 15)
539 2100 608 2128 Cod.
631 2101 709 2128 vicit.
750 2100 815 2126 Asc.
833 2099 861 2127 P.
885 2098 984 2133 vinc-il,

34 2142 70 2166 ut
92 2142 136 2166 est
160 2136 239 2175 apud
253 2137 331 2175 Virg.
369 2140 432 2169 Eel.
451 2142 488 2178 X,
503 2145 551 2173 69.
566 2158 606 2163 -
631 2140 675 2180 16)
710 2141 781 2169 Voc.
813 2138 987 2169 Muneribus

36 2180 205 2209 addidimus
223 2189 237 2207 c
255 2180 327 2208 Ccd.
370 2182 466 2211 Locus
484 2189 526 2212 est
541 2184 620 2221 Virg.
638 2185 741 2220 Georg.
756 2183 790 2216 ΙΙ,
809 2183 839 2213 5.
883 2181 986 2210 Aum-

35 2234 103 2251 mno
120 2222 186 2250 Asc.
202 2222 232 2250 P.
249 2229 404 2253 auctumno
421 2226 492 2254 cod.
507 2243 548 2247 —
577 2225 619 2264 17)
635 2226 713 2261 Virg.
728 2225 800 2253 Aen.
816 2224 850 2260 ll,
866 2224 935 2255 204.
948 2240 989 2245 ——

37 2265 82 2303 18)
102 2264 182 2301 Virg-
199 2264 271 2292 Aen·
292 2264 340 2300 ΙΙΙ,
359 2268 407 2297 91.
425 2284 461 2289 —
503 2270 548 2305 19)
570 2268 655 2295 Cod.:
679 2268 825 2306 arpyiacq.
848 2265 917 2304 (sic)
936 2277 986 2294 co-

36 2305 111 2336 lunt.
156 2307 251 2335 Locus
276 2311 319 2334 csl
338 2307 417 2345 Virg.
435 2309 505 2338 Aen.
521 2311 568 2347 ΙΙΙ,
586 2313 655 2341 212.
672 2325 713 2330 -
756 2309 800 2348 20)
824 2307 987 2348 Dupliccm.

37 2349 86 2377 Sic
101 2354 180 2378 recte
198 2359 255 2376 una
273 2349 458 2381 Ascensiana.
503 2353 573 2380 Cod.
596 2352 618 2379 si
637 2356 714 2380 recle
733 2351 852 2379 enotavi
875 2361 909 2378 ac
929 2351 987 2379 nisi

38 2392 111 2430 quid
133 2392 282 2431 negligens
306 2391 356 2428 sui,
382 2402 448 2421 cum
463 2394 494 2422 P.
513 2394 660 2423 consentit
683 2393 823 2423 decimum
848 2393 986 2422 exhiben-

1029 2096 1100 2124 ibid.
1119 2097 1184 2132 ΧΠ,
1201 2098 1322 2128 905.-
1344 2092 1487 2133 27)'Virg.
1506 2096 1611 2132 Georg.
1628 2094 1666 2130 ll,
1688 2096 1756 2125 180.
1775 2111 1816 2114 —
1837 2096 1884 2131 28)
1908 2094 1976 2121 Sola

1029 2139 1206 2168 Putschiaua
1230 2137 1432 2178 &toefidyyovg,
1457 2139 1567 2166 Graece
1590 2137 1746 2175 scriptum.
1772 2153 1810 2157 —
1853 2133 1902 2175 29)
1921 2135 1977 2164 Per

1031 2180 1172 2221 singulas
1185 2180 1316 2210 vocales
1332 2183 1399 2209 Asc.
1414 2182 1444 2209 P.
1460 2180 1643 2218 singularem
1658 2183 1759 2207 tuetur
1776 2178 1845 2207 Cod.
1863 2194 1904 2199 -—
1929 2177 1976 2215 30)

1031 2224 1064 2253 A
1078 2223 1175 2252 vocali
1184 2231 1324 2263 corn-epla.
1349 2225 1396 2251 Sic
1405 2223 1471 2251 Asc.
1483 2224 1512 2251 P.
1528 2222 1616 2250 Sicini
1629 2222 1833 2259 Cod.legilu1·:
1854 2218 1979 2248 avocali

1029 2265 1174 2305 producta
1191 2264 1281 2306 (sic),
1295 2271 1327 2294 ut
1342 2266 1480 2295 videatur
1497 2265 1636 2293 librarius
1656 2264 1806 2303 scripsisse
1822 2261 1975 2302 producta,

1056 2312 1118 2327 (ὋΓῙἙ
1923 2326 1928 2328 .

1032 2313 1193 2362 correfiisse
1209 2339 1306 2362 autem
1324 2340 1467 2372 correpta,
1489 2332 1690 2360 emendatione
1705 2329 1880 2367 subscripta.
1904 2325 1973 2353 hul·

1030 2376 1093 2405 lum
1108 2381 1206 2405 tamen
1221 2377 1337 2415 signum
1350 2377 1446 2414 docet,
1461 2380 1559 2403 utram
1577 2385 1680 2403 vocem
1697 2373 1822 2402 volucrit
1841 2369 1972 2398 deletum-

1484 2460 1570 2493 M*
