2263 2668
816 172 904 208 LIB.
930 171 974 206 11.
1026 172 1170 207 SEGM.
1195 174 1221 208 1.
1905 177 1978 214 105

206 266 264 301 13.
317 267 447 309 Quarta
480 266 659 301 declinatio
691 267 928 301 nominativum
962 267 1164 312 singularem
1196 269 1348 302 terminat
1380 271 1488 305 modis
1522 270 1671 314 duobus,
1705 283 1746 306 us
1777 277 1810 307 et
1842 285 1882 314 u,
1919 274 1978 311 hic

41 317 179 361 fluctus,
204 319 304 352 huius
330 320 463 355 fluctus;
490 318 558 352 1100
585 330 708 360 cornu,
735 320 832 353 huius
858 330 979 358 cornu3
1005 319 1074 353 hoc
1100 332 1208 365 genu,
1235 320 1332 354 huius
1359 320 1486 366 genum.

206 371 351 412 Quintae
367 370 592 404 declinationis
608 372 825 404 nominativus
842 371 1014 416 singularis
1028 372 1066 404 fit
1083 372 1186 404 modo
1200 383 1266 404 uno
1283 383 1319 405 cs
1334 385 1464 418 semper
1478 375 1651 418 producta.
1669 374 1739 408 dies
1753 375 1834 413 diei;
1851 388 1902 409 res
1917 379 1973 412 rei.

205 422 264 455 14.
316 423 498 465 Hucusque
520 422 562 454 de
579 424 791 464 nominativo,
814 434 900 456 nunc
922 423 965 455 de
987 423 1135 467 genitivo
1152 423 1341 464 doceamus,
1358 422 1448 468 per¹¹
1466 427 1609 471 singulas
1626 425 1751 459 litteras
1769 428 1823 460 vel
1846 427 1974 476 [1⁴45]

41 472 184 516 syllabas
215 474 404 506 nominativi
431 473 658 515 decurrentes,
685 475 774 508 unde
795 474 957 519 genitivus
979 474 1084 517 qualis
1107 475 1164 514 sit,
1196 475 1318 518 poterit
1343 476 1512 511 declarari.
1565 478 1642 518 Quo
1663 479 1850 521 patefacto,
1875 487 1976 524 pote-

41 525 142 557 rimus
165 525 262 566 scire‚
290 535 358 568 quo
383 525 486 557 modo
516 526 620 558 omnis
645 537 738 559 casus
762 527 929 569 utriusque
952 527 1082 558 numeri
1111 526 1292 559 secundum
1316 528 1458 560 rationes
1482 540 1579 572 supra
1605 530 1727 573 positas
1750 530 1974 568 declinaturffl.

206 575 263 609 15.
314 576 350 609 A
371 577 477 609 littera
501 578 690 610 terminatus
714 578 929 610 nominativus
954 577 1145 621 singularis,
1176 578 1242 610 sive
1264 589 1365 622 pura,
1400 579 1466 611 sive
1494 580 1603 622 aliqua
1633 583 1823 614 consonanti
1854 584 1974 626 iuncta,

40 627 171 671 generis
191 628 362 661 masculini
376 633 407 661 et
422 628 570 661 feminini
585 629 815 662 tantummodo
830 629 1024 662 Latinorum
1046 629 1217 662 nominum
1234 630 1407 673 reperitur,
1428 632 1483 673 qui
1501 632 1679 675 genitivum
1695 643 1738 664 ae
1757 633 1975 680 diphthongo

39 678 215 712 terminans
235 679 372 713 docebit
397 691 467 719 nos,
489 680 661 724 quomodo
683 686 770 713 totos
792 692 885 714 casus
903 681 1071 724 utriusque
1093 681 1221 714 numeri
1237 680 1440 714 declinemus
1464 683 1644 716 secundum
1665 685 1826 716 rationem
1848 687 1976 729 primae

40 728 281 774 declinationis,
298 743 397 774 quam
416 732 519 776 paulo
540 737 614 765 ante
631 733 817 765 monstravi.
850 732 1061 765 Inveniuntur
1076 733 1207 777 generis
1226 733 1331 765 neutri
1348 744 1371 765 a
1385 733 1493 766 littera
1508 735 1688 775 terminata,
1707 735 1764 768 sed
1786 739 1975 781 peregrina,

40 791 126 825 quae
152 782 358 816 declinantur
374 785 501 816 ratione
522 784 638 816 tertiae
654 783 889 822 declinationis,
911 795 1013 827 quae,
1034 784 1128 817 sicuti
1152 784 1263 823 docui,
1289 784 1434 828 genitivo
1452 785 1480 817 is
1502 786 1627 828 syllaba
1649 788 1864 821 terminantur
1874 786 1912 830 ¹³,
1938 795 1974 822 ut

41 833 106 867 hoc
132 836 309 875 toreama,
327 834 428 867 huius
451 835 675 872 toreumati&
700 835 853 877 schema,
875 836 1072 869 schematis.
1117 836 1203 868 Nam
1229 846 1306 868 cum
1321 832 1345 852 ¹⁴
1359 836 1495 870 Plautus
1520 837 1552 869 in
1578 838 1822 883 Amphitryone
1847 842 1975 885 posuit:

271 885 357 919 Cum
383 887 502 919 servili
527 886 671 919 schema
681 882 724 926 ¹⁵,-

39 946 108 969 non
138 936 243 970 neutri
278 938 407 982 generis
441 937 697 971 declinationem
730 938 903 976 subvertit.
940 938 998 971 sed
1031 948 1145 982 genus.

894 985 918 1006 ιε

1204 938 1300 972 Haec
1328 939 1415 971 enim
1450 938 1585 972 schema
1618 939 1810 981 declinavit,
1841 942 1883 975 ab
1908 942 1975 978 hac

40 987 194 1028 schema,
219 988 302 1021 sicut
331 989 417 1023 haec
440 989 572 1022 fortuna
594 990 637 1022 ab
659 989 726 1023 hac
753 989 885 1022 fortuna
919 1015 927 1024 .
980 989 1111 1023 Primae
1136 988 1378 1034 declinationis,
1406 1001 1471 1023 non
1498 991 1611 1023 tertiae
1635 991 1699 1023 hoc
1718 992 1879 1034 schema,
1906 1006 1976 1039 ge..

40 1051 118 1072 nere
142 1045 276 1078 neutr03
304 1052 379 1073 nam
405 1041 447 1073 ab
470 1040 539 1074 hoc
566 1040 735 1074 schemate
758 1042 931 1086 posuisset.
981 1041 1017 1074 A
1047 1041 1133 1074 enim
1160 1043 1369 1075 terminatum
1397 1053 1518 1075 nomen
1560 1043 1688 1086 generis
1720 1044 1824 1076 neutri
1849 1045 1975 1078 Latini-

39 1096 89 1123 tas
111 1103 178 1124 non
198 1091 319 1132 habet,
350 1093 495 1138 exceptis
519 1092 639 1133 tribus,
667 1092 724 1125 hic
748 1099 779 1125 et
802 1093 889 1126 haec
915 1098 947 1127 et
968 1092 1037 1126 hoc
1060 1104 1177 1132 verna,
1208 1093 1353 1133 advena3
1380 1099 1412 1127 et
1434 1093 1499 1127 hoc
1531 1093 1682 1135 Tltztre'a,
1712 1106 1833 1128 nomen
1863 1097 1974 1131 flumi-

40 1143 105 1185 nis,
128 1143 251 1177 lectum
275 1143 307 1176 in
330 1143 475 1176 secunda
495 1143 631 1176 historia
655 1144 811 1177 Sallustii.

205 1193 263 1226 16.
320 1191 379 1228 C¹⁷
403 1195 510 1227 littera
531 1207 632 1228 unum
660 1207 781 1229 nomen
810 1195 972 1239 reperitur
1000 1195 1209 1228 terminatum
1231 1196 1362 1241 generis
1385 1196 1501 1235 neutri,
1532 1195 1758 1230 declinationis
1782 1198 1916 1238 tertiae;
1946 1200 1976 1233 is

40 1244 126 1278 enim
146 1245 226 1278 facit
249 1246 416 1290 genitivo,
442 1246 507 1279 hoc
526 1247 594 1288 lac,
622 1247 732 1283 lactis.
788 1246 934 1289 Quidam
956 1251 1074 1291 putant
1098 1247 1164 1281 hoc
1185 1245 1309 1281 lactem
1334 1248 1458 1282 debere
1481 1248 1564 1287 dici;
1591 1248 1650 1282 sed
1677 1259 1742 1282 non
1769 1246 1881 1294 legi¹⁹‚
1915 1251 1977 1285 nisi

38 1297 72 1330 in
98 1297 248 1330 Varrone
270 1297 313 1330 de
335 1299 450 1343 lingua
470 1295 631 1331 Latina20.
683 1299 861 1343 Virgilius:

262 1349 340 1383 Lac
365 1350 452 1383 mihi
475 1361 543 1382 non
570 1353 704 1383 aestate
729 1362 875 1392 novum,
900 1360 968 1383 mm
983 1349 1134 1396 frigore
1160 1349 1246 1398 defit
1256 1346 1290 1385 ²¹.

38 1399 176 1433 Plautus
197 1399 263 1433 hoc
285 1401 377 1435 lacte
396 1402 573 1435 declinavit
594 1402 737 1445 ubique:

267 1452 366 1487 Sicut
389 1454 481 1487 lacte
505 1454 589 1486 lacti
610 1454 723 1486 simile
746 1449 848 1493 est²²,·

44 1510 134 1554 LJ'ens
151 1512 180 1541 Ρ.
191 1528 231 1533 -
267 1512 296 1550 8)
312 1512 444 1541 Arruns
458 1514 623 1543 Arruntis.
667 1515 715 1542 Sic
729 1513 841 1553 duplici
858 1526 872 1542 r
887 1513 986 1542 littera

40 1555 114 1585 eod.
135 1565 224 1584 aitrus
236 1556 368 1584 auruntis
382 1555 450 1586 Asc.
493 1557 597 1586 Aruns
607 1557 735 1586 Aramis
753 1558 785 1586 P.
799 1573 842 1579 —
884 1559 911 1594 9)
927 1555 986 1585 Sed

469 1614 526 1635 haec

39 1648 72 1669 et
95 1639 166 1668 haec
177 1638 219 1680 gl.
243 1640 310 1669 Asc.
326 1641 357 1669 P.
404 1640 462 1670 Sed
485 1650 510 1671 et
530 1641 572 1682 gl.
598 1643 680 1680 cod„
705 1643 800 1672 deleto
816 1650 858 1671 et.
884 1643 986 1671 Recte.

38 1684 135 1711 Locus
154 1683 268 1721 Virgilii
295 1683 370 1712 alius
385 1695 447 1712 non
463 1695 522 1713 esse
536 1690 650 1723 potest,
672 1686 728 1714 nisi
749 1686 853 1723 Georg.
872 1685 919 1722 IV,
937 1687 986 1717 81.

38 1724 101 1755 Nec
125 1724 161 1753 cle
182 1736 323 1755 concussa
343 1733 454 1755 rantum
473 1726 550 1767 pluit
573 1727 639 1757 ilice
655 1727 793 1768 glandis3
818 1728 868 1756 ubi
886 1733 985 1756 tamen

38 1768 185 1806 genitivus
199 1772 259 1807 est,
281 1778 368 1807 quem
385 1770 462 1798 male
480 1780 534 1808 pro
556 1771 743 1799 nominativo
762 1771 910 1809 accepisse
935 1770 986 1798 vi-

39 1811 124 1839 detur
139 1810 261 1839 Probus.
283 1828 325 1832 —
349 1811 394 1850 10)
418 1811 489 1841 Hoc
502 1824 594 1852 genn,
612 1812 696 1842 huius
705 1825 781 1852 genu
794 1813 825 1841 in
843 1813 915 1841 Cod.
932 1813 986 1840 in—

39 1857 84 1881 ter
102 1863 205 1882 versus
228 1854 340 1893 scripta
364 1859 443 1885 sunt.
466 1870 507 1877 ——
560 1859 603 1892 11)
635 1855 690 1884 Per
711 1855 842 1895 singulas
864 1854 985 1884 litteras.

40 1895 82 1923 lta
98 1895 167 1924 Cod.
191 1896 258 1924 Asc.
301 1896 424 1925 Excidit
444 1909 496 1936 per
518 1898 597 1937 apud
621 1898 652 1926 P.
675 1915 718 1920 —
763 1898 806 1937 12)
831 1896 987 1926 Declinare

39 1937 179 1966 mendose
192 1938 262 1966 Cod.
278 1939 329 1967 sed
343 1939 375 1967 in
389 1939 448 1968 fine
462 1950 573 1978 versus,
592 1941 671 1969 unde
689 1940 814 1969 coniicio
830 1939 986 1977 legendum

41 1978 186 2009 declinari
201 1982 309 2020 possit,
324 2008 326 2010 ,
339 1982 386 2010 vel
411 1982 470 2011 tale
488 1984 567 2022 quid.
583 2000 625 2005 —
670 1982 713 2022 13)
739 1983 809 2011 Cod.
831 1982 986 2010 mendose:

39 2023 203 2052 terminato.
225 2038 265 2044 —
317 2024 360 2058 14)
384 2023 462 2052 Diam
487 2037 564 2054 cum
592 2024 715 2054 Plautus
734 2025 806 2053 Cod.
846 2024 885 2052 N.
908 2020 988 2062 quod

40 2063 89 2095 Pl.
124 2066 191 2093 Asc.
207 2065 237 2093 P.
281 2065 313 2093 In
330 2066 399 2096 cod.
421 2067 537 2096 diverso
559 2073 723 2096 atramento
740 2072 769 2096 et
785 2078 800 2094 a
820 2076 878 2094 rec.
898 2074 987 2092 manu

40 2118 129 2146 supra
143 2118 199 2136 scr.
215 2105 301 2147 quod.
316 2125 358 2129 —
399 2109 442 2149 15)
459 2110 552 2139 Locus
572 2111 667 2139 Plauti
690 2114 733 2138 est
749 2108 894 2147 Amphitr.
912 2106 987 2145 prol.

42 2153 111 2183 107.
138 2150 304 2187 citatusque
332 2150 409 2178 idem
436 2162 451 2179 a
478 2153 579 2181 multis
604 2151 810 2181 Grammaticis
831 2150 861 2178 in
888 2149 987 2177 eaden]

0 2208 1 2222 ι
41 2203 163 2230 caussa,
181 2191 273 2221 veluti
292 2202 307 2219 a
323 2193 411 2221 Prisc.
428 2193 482 2231 VI,
503 2199 539 2231 2,
563 2198 592 2227 7.
617 2204 703 2232 quein
730 2194 786 2228 css,
811 2203 826 2220 a
847 2191 987 2230 Pompeio

41 2235 135 2271 XVlI,
146 2236 195 2266 25.
212 2244 267 2274 pag
288 2237 357 2266 229.
375 2235 556 2274 aliisque.-—
582 2236 625 2275 16)
641 2236 713 2264 Inde
728 2235 762 2262 ab
776 2234 834 2263 hoc
849 2235 914 2263 loco
928 2239 989 2262 tur-

40 2279 94 2307 bae
112 2278 144 2305 in
163 2277 235 2306 cod.
279 2278 449 2315 Sequuntur
466 2279 541 2307 enim
561 2279 648 2307 haec:
671 2277 794 2306 historia
812 2275 886 2306 Sall.
913 2277 990 2310 (finit

39 2318 156 2357 versus)
182 2331 195 2348 e
215 2330 281 2358 ergo
301 2320 419 2347 nomina
441 2322 603 2350 terminata.
629 2324 683 2350 cet.
729 2320 853 2358 Reliqua
873 2319 988 2348 desunt.

41 2363 98 2392 Sed
113 2364 222 2402 partim
248 2363 278 2390 in
300 2371 455 2401 suprema,
479 2364 586 2402 partini
608 2363 637 2391 in
654 2363 710 2390 ima
727 2362 795 2390 libri
818 2373 885 2398 ora,
905 2362 988 2399 signo

41 2406 115 2435 illuc
131 2409 329 2439 monstrante,
353 2404 505 2442 leguntur,
530 2416 602 2444 quac
621 2405 760 2443 deinceps
773 2405 851 2444 apud
869 2404 987 2434 Putsch.

41 2448 194 2487 leguntur:
224 2446 252 2475 E
267 2445 352 2475 litera
377 2458 465 2476 unum
483 2459 584 2477 nomen
608 2453 663 2478 cet.
706 2448 872 2487 Legendum
890 2452 988 2477 autem

96 2500 260 2528 Gnaama'r.
283 2508 350 2526 Lar.
374 2498 394 2526 I.

1032 1511 1167 1543 Cliuera
1181 1525 1268 1543 unum
1286 1519 1340 1545 cet.
1363 1524 1409 1543 res
1424 1514 1486 1553 ipsa
1501 1513 1595 1543 docet.
1639 1513 1733 1542 Locus
1752 1513 1898 1551 Sallustii,
1924 1514 1975 1543 in-

1029 1561 1075 1585 ter
1092 1558 1255 1595 fragmenta
1274 1557 1459 1597 reponendus
1470 1578 1477 1592 ,
1501 1556 1557 1584 iam
1577 1565 1667 1594 supra
1682 1567 1697 1583 a
1713 1556 1798 1584 nobis
1815 1556 1973 1586 indicatus.

1031 1600 1075 1628 Cf.
1093 1600 1164 1628 Sall.
1191 1601 1325 1638 sragmm.
1347 1599 1424 1638 apud
1444 1597 1580 1626 Gerlach.
1602 1609 1630 1636 p.
1648 1601 1718 1630 226.
1742 1599 1844 1636 fragm.
1863 1602 1910 1632 12.
1933 1616 1974 1622 —-

1029 1642 1142 1671 Pariter
1159 1643 1238 1681 apud
1254 1643 1319 1670 Asc.
1334 1641 1427 1669 omnis
1441 1640 1492 1668 ille
1507 1641 1605 1669 locus:
1627 1639 1755 1669 Cliuera
1768 1652 1854 1669 unum
1872 1652 1975 1670 nomen

1028 1700 1071 1707 -·
1086 1695 1178 1723 usque
1194 1685 1230 1713 ad
1246 1694 1308 1713 vv.:
1331 1685 1359 1711 ιἰι
1378 1683 1520 1711 intestinis
1536 1682 1758 1722 pinguissimae,
1782 1683 1973 1712 desideratur.

1029 1727 1083 1756 Illa
1106 1732 1221 1763 tamen,
1245 1736 1318 1764 quae
1343 1726 1411 1753 inde
1428 1735 1443 1753 a
1460 1735 1528 1754 vv.:
1571 1723 1688 1753 Primae
1709 1723 1914 1754 declinationis
1935 1743 1976 1749 —

1029 1779 1124 1808 usque
1139 1769 1174 1796 ad
1191 1778 1256 1798 vv.:
1280 1767 1402 1796 historia
1419 1766 1557 1796 Sallustii
1573 1767 1652 1805 apud
1673 1767 1701 1794 Ρ.
1718 1766 1867 1805 leguntur,
1888 1769 1976 1797 etiam

1029 1812 1060 1840 in
1077 1811 1250 1840 Ascensiana
1264 1815 1365 1838 assunt
1384 1809 1507 1847 integra.
1527 1825 1564 1830 —
1596 1811 1642 1847 17)
1659 1808 1747 1848 Apud
1763 1810 1810 1838 P.:
1833 1809 1862 1838 E
1881 1809 1975 1841 litera.

1031 1854 1087 1882 Sed
1109 1853 1177 1881 vide
1204 1863 1277 1890 quae
1302 1852 1400 1880 statim
1426 1851 1605 1880 monuimus.
1630 1867 1673 1873 —
1718 1856 1763 1885 18)
1787 1851 1857 1881 Hoc
1883 1852 1975 1883 lacte.

1031 1897 1073 1924 Ita
1092 1895 1200 1924 diserte
1216 1895 1286 1924 Cod.
1303 1894 1359 1923 Ῐιοε
1379 1894 1440 1923 lact
1453 1895 1483 1924 P.
1499 1894 1585 1923 Male.
1601 1909 1643 1916 —·
1666 1892 1711 1934 19)
1727 1893 1801 1934 Legi
1818 1895 1887 1924 Cod.
1906 1894 1976 1935 legi-

1030 1949 1104 1966 mus
1127 1939 1157 1966 P.
1177 1955 1210 1959 —-
1257 1941 1302 1971 ΞΟ)
1327 1938 1409 1972 Quae
1425 1936 1513 1965 hodie
1528 1936 1669 1965 Varronis
1688 1941 1821 1974 exstant,
1845 1948 1905 1966 non
1923 1938 1977 1966 ha-

1029 1980 1100 2008 bent
1121 1979 1179 2008 hoc
1198 1984 1401 2019 praeceptum.
1438 1980 1493 2008 Sed
1510 1980 1585 2008 Non.
1607 1989 1671 2018 pag.
1687 1979 1757 2011 483.
1780 1990 1815 2008 ex
1834 1980 1975 2010 Varronis

1031 2022 1192 2050 Andabalis
1209 2022 1308 2051 affert:
1328 2020 1492 2051 Candidum
1507 2021 1583 2051 lacte
1594 2020 1708 2061 papilla
1718 2033 1805 2062 quum
1814 2023 1895 2062 fluit.
1918 2023 1975 2052 Sed

1031 2065 1068 2094 cs.
1086 2065 1212 2104 Pompei.
1239 2075 1303 2104 pag.
1320 2066 1390 2096 233.
1407 2081 1447 2086 —
1492 2067 1536 2099 21)
1561 2064 1596 2092 In
1617 2064 1686 2092 cod.
1704 2063 1776 2092 haec
1797 2069 1913 2094 tantum
1928 2067 1976 2095 le-

1029 2112 1154 2146 guntur:
1185 2106 1252 2137 Lac
1270 2107 1342 2135 mihi
1358 2118 1415 2135 non
1438 2114 1546 2135 aestate
1560 2117 1686 2144 novum‚·
1708 2107 1757 2135 sed
1778 2106 1846 2136 finit
1862 2118 1973 2145 versus,

1031 2155 1057 2179 et
1074 2149 1201 2189 amplius
1221 2150 1374 2178 librarium
1389 2149 1575 2188 perscribere
1594 2149 1722 2178 voluisse
1737 2149 1833 2179 locum
1849 2150 1975 2188 Virgilii,

1031 2203 1067 2221 ex
1086 2193 1195 2221 lineola
1218 2193 1355 2232 appicta,
1379 2192 1430 2220 sed
1453 2192 1564 2228 deleta,
1588 2197 1720 2230 apparet.
1763 2192 1842 2231 Virg.
1859 2193 1920 2221 Ecl.
1939 2193 1974 2230 11,

1031 2238 1080 2267 22.
1097 2251 1140 2258 -
1175 2234 1220 2274 22)
1245 2236 1328 2264 Sicut
1343 2233 1420 2264 lacte
1433 2233 1507 2264 lacti
1520 2233 1615 2262 simile
1629 2241 1679 2263 est.
1724 2234 1768 2263 Ita
1784 2235 1890 2264 diserte
1905 2236 1974 2266 cod.

1033 2276 1095 2307 Sic
1117 2277 1193 2307 lacre
1205 2277 1303 2307 lactis
1322 2289 1345 2309 s.
1361 2289 1382 2305 e.
1401 2276 1520 2305 Putsch.
1565 2277 1699 2306 Ceterum
1715 2277 1798 2306 locus
1816 2278 1920 2314 Plauti,
1939 2278 1973 2305 ab

1029 2319 1118 2349 huius
1132 2321 1302 2349 Editor-ibus
1319 2320 1394 2348 inter
1412 2320 1574 2357 fragmenta
1590 2321 1716 2356 relatus,
1740 2320 1848 2348 citatur
1862 2330 1877 2348 e
1893 2320 1973 2347 Bac-

1031 2362 1167 2392 chidibus
1184 2374 1198 2391 a
1216 2362 1356 2400 Pompeio
1376 2372 1439 2400 pag.
1457 2364 1542 2399 233.,
1564 2362 1616 2390 ubi
1634 2367 1731 2390 tamen
1750 2361 1851 2391 lactis
1871 2358 1964 2389 simile

1031 2406 1086 2434 Sed
1102 2406 1132 2434 in
1147 2405 1345 2434 Bacchidibus
1364 2404 1453 2433 hodie
1472 2415 1532 2433 non
1551 2409 1710 2442 comparet.
1757 2403 1798 2432 Cf.
1817 2402 1915 2430 Lamb.
1935 2401 1973 2429 ad

1029 2449 1127 2478 Plauti
1147 2447 1298 2478 Menaech.
1312 2447 1347 2485 V,
1363 2449 1392 2485 9,
1409 2449 1459 2479 30.
1504 2447 1589 2476 Adde
1604 2447 1689 2476 milit.
1708 2446 1746 2483 gl.
1762 2445 1804 2482 11,
1819 2447 1853 2481 2,
1868 2444 1916 2476 85.
1933 2459 1973 2466 -—

1532 2489 1565 2524 Ο
