2263 2668
252 524 286 548 ·f.
305 523 329 549 ei

253 575 286 599 'L
305 575 326 600 is

208 628 216 637 ¹
226 627 241 650 l'.
255 626 371 657 Verrius,

241 661 284 685 ··f.
304 660 336 686 iis

222 939 228 946 '
238 939 255 962 s.
274 938 371 963 suillus.

208 973 229 982 ⁹*
236 973 252 997 f.
272 972 372 998 scrutil-

269 1007 328 1033 lum.

207 1241 238 1265 Ὗ.
246 1248 318 1271 saxo,
331 1244 371 1265 at-

207 1284 256 1308 que
269 1274 372 1301 ostreis.

244 1660 251 1668 ·
261 1655 277 1678 f.
296 1657 355 1679 ante

229 1707 236 1714 ”
248 1706 266 1729 f.
285 1706 354 1730 coin—

246 1745 344 1772 queret,

382 171 457 207 258
1006 168 1146 202 SEXTI
1171 168 1371 204 POMPEII
1397 168 1535 203 FESTI

383 275 486 310 ager
513 262 667 307 publicus
694 262 902 307 appellatur,
930 262 962 295 in
989 273 1057 306 quo
1085 269 1119 296 ut
1145 274 1272 308 pecora
1298 268 1492 308 pascantur,
1526 266 1652 296 certum
1681 274 1736 295 aes
1763 266 1820 295 est.
1847 263 1924 306 quia
1954 265 2152 309 publicanus

382 313 556 351 scribendo
582 313 718 347 conficit
742 314 904 347 rationem
933 325 1009 348 cum
1032 319 1175 359 pastore.
1228 314 1407 348 Scribas
1433 315 1574 359 proprio
1601 314 1735 347 nomine
1763 314 1907 357 antiqui,
1934 321 1967 349 et
1992 316 2155 358 librarios,

381 372 414 400 et
439 370 555 410 poetas
578 365 755 399 vocabant.
783 371 816 397 at
844 376 931 399 nunc
958 365 1111 399 dicuntur
1136 366 1262 399 scribae
1289 366 1426 409 quidem
1455 366 1594 406 librarii,
1630 366 1688 409 qui
1714 365 1855 398 rationes
1889 367 2040 410 publicas
2073 368 2157 402 scri—

380 418 462 450 bunt
495 416 528 448 in
560 416 690 449 tabulis.
732 417 844 460 itaque
879 429 956 451 cum
982 417 1094 450 Livius
1121 417 1331 451 Andronicus
1359 417 1453 450 bello
1477 417 1605 451 Punico
1632 417 1778 451 secundo
1806 417 1985 451 scribsisset
2010 430 2155 461 carmen,

378 467 471 511 quod
492 479 511 500 a
533 467 712 512 virginibus
741 474 788 501 est
815 474 1000 510 cantatum,
1032 470 1111 512 quia
1137 469 1330 513 prosperius
1357 480 1443 513 resp.
1472 469 1591 512 populi
1613 469 1655 503 R.
1679 469 1753 513 geri
1779 474 1900 513 coepta
1927 475 1994 511 est,
2018 471 2156 515 publice

381 519 549 552 adtributa
577 524 625 551 est
645 523 701 552 et*
722 519 754 552 in
774 520 941 553 Aventino
968 520 1060 553 aedis
1079 520 1272 562 Minervae,
1301 520 1335 553 in
1359 531 1433 563 qua
1452 519 1567 553 liceret
1593 520 1716 562 scribis,
1743 520 2019 564 histrionibusque
2046 523 2155 555 consi·

380 577 479 610 stere,
507 581 546 603 ac
570 570 660 603 dona
682 582 809 615 ponere
831 571 864 604 in
887 571 1051 604 honorem
1071 572 1156 604 Livii
1176 573 1252 615 quia
1274 571 1325 604 his
1337 575 1360 611 *,
1389 577 1421 604 et
1441 572 1606 605 scribebat
1626 572 1771 614 fabulas,
1799 575 1831 605 et
1852 573 1986 618 agebat.
2037 572 2156 607 Sera-

380 619 506 667 ptael
534 622 728 655 dicebantur
754 623 950 667 nugatoriae
978 633 1017 656 ac
1043 623 1280 667 despiciendae
1307 623 1480 664 mulieres,
1507 628 1542 655 ut
1569 623 1612 655 ait
1639 634 1721 657 unus
1732 625 1754 664 *,
1782 624 1824 656 ab
1850 623 1901 657 his
1912 625 1936 640 *⁸*
1957 635 2044 668 quae
2066 635 2157 658 screa

378 673 481 707 iidem
514 673 749 718 appellabant,
795 675 830 707 id
867 681 914 708 est
947 686 1034 718 quae
1067 676 1140 718 quis
1167 686 1320 708 excreare
1347 675 1449 715 solet,
1496 681 1654 718 quatenus
1680 675 1715 708 id
1742 675 1899 710 faciendo
1925 687 1960 709 se
1985 680 2156 721 purgaret.

382 725 524 758 Titinius
551 725 583 757 in
605 725 726 759 Prilia:

480 776 655 811 Rectius
682 782 894 810 mecastor
920 777 1140 811 Piculetae
1167 778 1395 810 Postumae

479 827 636 860 lectum
663 827 793 861 hodie
820 824 1038 877 stral'tum
1065 829 1151 862 vidi
1178 826 1411 862 scrattiae2
1438 828 1650 862 mulieris.
2047 827 2154 875 [142]

382 877 654 912 Scrutillas3
681 880 921 925 appellabatur
952 887 1065 914 venter
1098 880 1230 921 suillus,
1277 881 1418 914 condito
1442 879 1554 926 farre
1588 880 1755 925 expletus.
1815 879 1969 913 Plautus:
2014 885 2158 914 venter

381 930 548 971 sullus',
581 931 726 964 dicam
751 942 826 964 suo
852 931 1021 965 nomine
1046 932 1341 965 scrinillum*¹¹.
1370 943 1450 977 ego
1476 943 1538 964 me
1564 931 1697 964 hodie
1735 956 1742 963 .
1797 955 1804 963 .
1859 956 1867 963 .
1919 931 2071 976 siquid
2096 943 2157 965 es-

379 985 463 1022 set,
491 982 606 1026 quod
633 993 801 1016 comesa
827 982 937 1016 farte
964 983 1153 1016 biberem
1206 1009 1213 1015 .
1267 1009 1275 1017 .
1332 1008 1583 1017 .....
1639 1010 1646 1017 .
1700 1007 1706 1014 .
1761 1007 1770 1016 .
1822 982 2027 1027 Spinther
2053 994 2156 1017 voca—

381 1033 477 1066 batur
505 1033 670 1067 armillae
700 1045 833 1079 genus,
877 1035 970 1079 quod
996 1035 1154 1068 mulieres
1180 1034 1332 1078 antiquae
1359 1045 1480 1078 gerere
1505 1034 1663 1068 solebant
1691 1033 1836 1067 brachio
1860 1045 1995 1068 summo
2019 1034 2157 1068 sinistro.

380 1084 534 1118 Plautus:
561 1084 804 1130 lubensque
822 1086 1026 1130 spinther
1048 1098 1200 1119 novam
1223 1086 1586 1119 reconcinnarier.
1627 1083 1823 1130 Scrchi4
1843 1086 2009 1119 dicuntur
2025 1096 2157 1131 aspera

378 1147 470 1175 saxa,
508 1142 539 1169 et
567 1137 730 1171 difficilia.
752 1141 883 1182 petrae
909 1138 1016 1171 etium
1043 1139 1223 1171 attrectari
1249 1138 1413 1178 insuetae,
1454 1144 1509 1170 aut
1534 1137 1811 1183 naufragiorum
1835 1137 1997 1182 pollutae
2020 1137 2157 1171 scelere.

382 1188 506 1220 Ennius
533 1189 565 1220 in
585 1188 858 1222 Andromacha.-
1450 1229 1454 1233 Δ

485 1239 682 1284 Scrupeo
708 1240 914 1273 investita
940 1251 1036 1273 saxa
1063 1244 1189 1283 atque
1216 1240 1448 1281 hostreis⁸‚
1493 1251 1620 1285 quam
1648 1243 1900 1285 excaprent.

381 1289 481 1324 Unde
507 1292 736 1335 scrupulosam
762 1302 837 1324 rem
864 1292 1012 1324 dicimus
1037 1302 1128 1336 qaae
1144 1292 1280 1337 aliquid
1301 1291 1408 1325 habet
1430 1292 1464 1324 in
1485 1304 1520 1325 se
1540 1291 1660 1336 asperi.
1699 1290 1878 1325 Cornelius
1898 1290 2058 1326 Sisenna.
2079 1290 2158 1325 hist.

381 1341 470 1374 libro
496 1342 589 1376 ult:
642 1342 708 1376 his
741 1348 824 1375 tuin
858 1343 1042 1376 iniectus
1078 1347 1138 1376 est
1173 1344 1286 1376 Ievis
1317 1344 1574 1388 scrupulus,
1619 1348 1658 1375 et
1693 1342 1899 1386 quaedam
1927 1341 2158 1377 dubitatio„

389 1392 615 1427 Scorteam
646 1394 692 1427 ab
720 1394 846 1427 eadem
872 1406 1000 1435 causa,
1044 1405 1114 1438 qua
1140 1401 1289 1428 scortum
1316 1395 1498 1428 vocabatur
1517 1395 1725 1439 pelliceum,
1767 1393 1801 1426 ἱη
1827 1405 1894 1438 quo
1919 1394 2078 1439 sagittae
2103 1404 2158 1426 re-

386 1444 589 1487 conduntur,
633 1446 675 1478 ab
710 1457 750 1479 eo
785 1446 878 1491 quod
909 1457 953 1479 ex
982 1445 1136 1490 pellibus
1159 1445 1306 1491 sactum
1340 1450 1390 1480 est
1425 1446 1503 1490 quia
1534 1446 1678 1490 pellibus
1709 1456 1833 1478 nomen
1859 1458 1879 1479 a
1905 1445 2033 1485 σκῦτος
2063 1444 2159 1489 quod

388 1495 529 1530 Graece
551 1497 666 1542 pellis.
724 1497 826 1530 Unde
852 1497 1013 1541 scyticae,
1044 1502 1076 1530 et
1103 1504 1212 1540 scuta,
1248 1498 1331 1542 quia
1357 1509 1423 1531 non
1449 1498 1522 1531 sine
1546 1496 1697 1542 pellibus
1721 1500 1809 1531 sunt.

543 1548 789 1582 Sceleratus
818 1560 988 1593 campus
1016 1549 1217 1593 appellatur
1239 1560 1354 1594 prope
1374 1553 1519 1594 portam
1550 1548 1732 1590 Collinam,
1759 1548 1792 1581 in
1818 1558 1887 1592 quo
1914 1547 2060 1592 virgines
2091 1545 2158 1581 Ve-

380 1599 505 1640 stales,
533 1611 624 1644 quae
651 1600 816 1633 incestum
844 1600 1014 1640 fecerunt,
1042 1599 1195 1633 defossae
1222 1606 1296 1633 sunt
1322 1601 1432 1634 vivae.
1486 1600 1587 1634 Scri
1597 1596 1858 1633 honianum⁵
1881 1599 2077 1644 appellatur
2098 1610 2158 1632 an-

380 1653 458 1682 tea*
479 1652 561 1683 atria
583 1652 726 1695 puteal,
754 1651 848 1696 quod
863 1651 957 1697 fecit
983 1650 1199 1692 Scribonius,
1227 1652 1280 1685 cui
1307 1652 1480 1697 negotium
1508 1651 1625 1684 datum
1648 1663 1672 1684 a
1694 1650 1828 1685 Senatu
1844 1648 1989 1697 suerat,
2015 1654 2054 1684 ut
2075 1661 2158 1684 con-

381 1701 551 1744 quirerer*
578 1702 701 1736 sacella
734 1707 874 1735 attactu.
909 1703 1006 1747 isque
1031 1703 1122 1735 illud
1142 1704 1356 1748 procuravit,
1397 1703 1475 1746 quia
1502 1704 1535 1736 in
1561 1714 1601 1736 eo
1630 1703 1708 1736 loco
1735 1706 1907 1736 attactum
1922 1701 2081 1748 fulgure
2104 1713 2158 1734 sa-

383 1752 505 1786 cellum
532 1754 603 1788 fuit.
630 1754 722 1797 quod
749 1754 974 1799 ignoraretur
1000 1757 1135 1795 aulem,
1161 1754 1220 1788 ubi
1248 1759 1336 1788 esset
1356 1755 1408 1799 (ut
1428 1755 1582 1799 quidam)
1605 1755 1718 1800 fulgur
1745 1753 1932 1794 conditum,
1963 1752 2059 1799 quod
2079 1763 2158 1787 cnm

383 1804 508 1844 scitur,
550 1805 644 1838 nefas
672 1811 720 1839 est
746 1806 867 1850 integi,
911 1816 1044 1849 semper
1070 1805 1233 1839 foramine
1259 1806 1307 1840 ibi
1332 1812 1458 1851 aperto
1485 1806 1616 1840 caelum
1644 1811 1744 1851 patet.
1798 1802 2077 1839 Sceleratus⁶
2101 1804 2158 1837 vi-

386 1866 459 1888 cus
491 1857 714 1901 appellatur,
756 1857 849 1900 quod
883 1867 960 1890 cum
987 1857 1188 1900 Tarquinius
1215 1858 1388 1903 Superbus
1413 1858 1682 1891 interficiendum
1709 1863 1864 1891 curasset
1884 1856 1955 1890 Ser.
2007 1855 2157 1890 Tullium

385 1917 501 1951 regem
527 1919 685 1941 socerum
711 1920 828 1949 suum,
872 1919 1000 1953 corpus
1020 1903 1041 1956 Η
1065 1909 1137 1941 eius
1163 1909 1282 1943 iacens
1294 1908 1384 1955 filia
1411 1915 1579 1955 carpento
1605 1914 1801 1954 supervecta
1835 1913 1899 1949 est,
1934 1919 2019 1953 pro-
2051 1905 2156 1954 [143]

384 1967 515 2000 perans
536 1959 570 1991 ἱη
590 1960 842 2005 possessionem
870 1958 990 1993 domus
1013 1965 1180 2004 paternae.
1234 1960 1499 1995 Scelerata⁷
1521 1964 1658 2006 porta
1685 1960 1812 1994 eadem
1831 1959 2028 2006 appellatur
2046 1970 2066 1992 a
2084 1958 2158 2004 qui-

394 2054 438 2081 sit.
470 2057 547 2087 Urs.
578 2075 610 2080 —-
637 2061 664 2098 1)
690 2059 856 2099 Scraptcca]
880 2060 975 2088 Varro
994 2060 1044 2089 lib.
1060 2064 1088 2094 6.
1112 2061 1149 2090 de
1171 2062 1252 2100 Ling.
1297 2063 1431 2100 Scapres.
1453 2062 1482 2090 in
1506 2062 1668 2101 exemplari
1691 2066 1748 2098 est,
1784 2062 1905 2090 Ennius
1925 2062 1958 2089 iu
1980 2061 2032 2089 An
2061 2083 2069 2091 ·
2102 2082 2108 2090 ·
2148 2079 2156 2088 ·

394 2096 446 2124 Lat
478 2098 563 2127 habet
585 2105 744 2131 set-antiae.
770 2119 810 2125 -—
844 2106 872 2139 Ξ)
896 2104 1054 2141 Seraptiae
1083 2104 1154 2133 Ven.
1177 2105 1254 2133 Scul.
1296 2126 1303 2133 .
1335 2129 1341 2135 .
1363 2115 1425 2133 non
1447 2105 1495 2133 Ar
1522 2127 1529 2134 .
1564 2126 1572 2134 .
1603 2125 1611 2132 .
1644 2126 1654 2135 .
1682 2126 1691 2134 .
1721 2105 1798 2134 unde
1821 2113 1907 2134 error
1926 2103 2033 2139 fluxit,
2049 2105 2086 2132 U
2105 2100 2157 2130 alii

396 2153 431 2158 —
455 2141 484 2178 3)
510 2142 694 2183 isi-rmillas]
720 2145 759 2173 De
781 2145 898 2181 sullus,
929 2146 1054 2174 fecimus
1077 2147 1200 2178 suillus,
1224 2153 1253 2176 et
1295 2147 1485 2186 scripserint,
1527 2147 1557 2175 in
1584 2147 1753 2175 Armorum
1785 2146 1918 2183 iudicio,
1960 2154 2027 2174 cum
2058 2147 2157 2173 tamen

393 2189 448 2227 p'ro
473 2188 614 2221 corrupto
641 2187 744 2222 verbo,
768 2188 901 2224 millam,
924 2188 1144 2218 emendavimus
1165 2191 1252 2218 Scru-
1294 2199 1399 2218 versus
1422 2190 1461 2219 sit
1483 2200 1521 2218 ex
1537 2189 1751 2218 Andromacha.
1768 2190 1870 2228 asperi
1883 2189 1953 2218 item
1969 2198 2029 2219 non
2048 2196 2156 2225 aspera

392 2222 504 2270 llll-‘hm'-
555 2224 596 2253 De
620 2228 709 2255 verbo
737 2230 849 2257 suillus
881 2240 940 2258 non
971 2235 1016 2260 est
1045 2231 1252 2269 dubitandum,
1295 2232 1392 2261 estin
1421 2232 1524 2261 eodem
1555 2231 1724 2271 exemplari.
1774 2231 1866 2268 Quod
1892 2231 2026 2270 sequitur
2054 2238 2156 2258 exem-

392 2273 462 2302 qula
493 2274 523 2292 ΠΙ
552 2264 612 2313 hof:
639 2271 817 2308 exemplari,
852 2272 862 2300 l
884 2272 1000 2310 littera,
1031 2273 1100 2302 loco
1125 2274 1137 2302 i
1159 2275 1252 2313 posita
1294 2275 1379 2314 plum
1402 2275 1438 2303 de
1460 2275 1558 2305 verbis
1581 2275 1759 2313 scrupulus,
1782 2280 1811 2304 et
1832 2274 2048 2313 scrupulum,
2073 2269 2155 2299 vide·

392 2315 483 2345 saepe
508 2314 662 2346 repentur.
692 2311 730 2339 de
758 2314 894 2342 scrutillo
923 2315 1041 2343 memini
1070 2326 1115 2345 me
1138 2317 1252 2355 legisse,
1294 2322 1345 2346 tur
1374 2327 1437 2346 esse
1459 2317 1590 2346 Cornelii
1613 2318 1762 2347 Sisennae.
1800 2317 1879 2347 Urs.
1907 2331 1945 2339 -
1981 2316 2016 2351 5)
2039 2311 2154 2343 Son'bv·

392 2347 445 2377 sed
468 2350 548 2387 apud
572 2360 675 2389 quem.
713 2362 774 2380 non
803 2361 887 2384 vacat
912 2366 1059 2394 quaerere.
1109 2360 1189 2390 Urs.
1209 2375 1252 2382 —-
1294 2359 1446 2398 mianum]
1471 2360 1534 2389 Hoc
1551 2360 1648 2398 ipsum
1671 2359 1900 2389 Scribonianum
1915 2356 2018 2397 puteal
2031 2363 2153 2393 expres·-

391 2395 420 2424 4)
450 2391 585 2430 Scrupi.]
619 2394 701 2422 Ennii
731 2403 849 2432 versus,
889 2407 977 2435 quem
1013 2398 1061 2428 hic
1098 2402 1170 2430 citat
1201 2403 1252 2431 Fe.
1294 2412 1360 2431 sum
1392 2407 1437 2431 est
1472 2402 1502 2431 in
1533 2407 1675 2440 argenteo·
1709 2402 1840 2441 quoda-1
1872 2399 1993 2429 daran-io
2027 2396 2153 2426 fiunilihe

392 2436 454 2461 stus
485 2443 521 2462 ex
552 2435 782 2472 Andromacha,
831 2443 908 2467 extat
937 2440 1018 2478 apud
1055 2442 1185 2472 Nonium·
1221 2445 1250 2472 in
1294 2444 1483 2478 Scriboniam,
1525 2455 1590 2473 cum
1625 2444 1839 2483 inscriptirmne
1875 2439 2028 2471 PVTEAL.
2056 2438 2153 2468 SUB!-
