2263 2668
259 184 335 220 426
683 182 1028 218 COMMENTARH
1054 182 1102 216 IN
1127 183 1270 218 PAULI
1295 184 1492 219 DIACONI
1516 184 1772 220 EXCERPTA

419 277 534 306 Fovii.
580 275 696 304 Veteres
718 285 773 313 pro
789 273 878 313 fodio
900 274 1003 304 dixere
1025 274 1121 304 Faveo
1144 281 1173 305 et
1195 277 1299 314 foveo,
1330 278 1415 306 fovea
1439 282 1468 306 et
1489 278 1588 315 saven,
1612 278 1683 307 inde
1702 279 1787 308 Fovii
1810 284 1840 308 et
1860 280 1959 317 Favii,
1982 283 2033 319 qui
2054 288 2157 321 postea
2178 294 2196 312 υ

258 326 370 350 mutato
392 321 421 348 in
446 320 462 347 b
485 317 580 347 Fabii.
621 318 677 345 Sed
703 318 770 345 vide
797 316 946 348 Plutarch.
970 317 1000 345 iu
1021 319 1082 346 vita
1106 318 1187 347 Fabii
1212 320 1342 348 Maximi.
1378 321 1506 348 Plinium
1529 321 1580 351 lib.
1591 321 1700 352 XVIII,
1725 332 1789 361 cap.
1802 324 1832 354 3.
1875 322 1965 352 Dac.

420 361 541 389 Faces.
587 360 616 388 lu
640 360 811 388 nominandi
836 370 907 388 casu
930 360 1012 397 prius
1036 360 1172 390 dicebant
1187 362 1285 400 faces,
1321 363 1401 401 quod
1426 374 1503 391 nuuc
1519 363 1590 401 fam.
1634 364 1721 394 Dac.

417 402 467 431 Fa
477 404 582 430 mino.
627 403 699 430 Cato
723 406 889 441 cap.141.:
913 401 1017 430 Ianum
1041 401 1192 444 Iovemque
1213 406 1279 433 vino
1299 416 1384 444 prece
1398 405 1533 443 famine,
1556 406 1599 434 sic
1622 404 1723 437 dicito.
1767 407 1802 436 Et
1825 406 1896 434 alibi
1918 406 1974 436 hoc
1994 408 2062 437 vino
2082 409 2197 447 pruqfa.

255 449 341 476 mino.
379 445 458 473 Unde
485 444 659 472 Lexieorum
683 446 881 473 sarcinatores
904 445 1031 474 ridicule
1055 446 1156 474 vinum
1180 448 1394 485 praefaminum
1418 447 1478 476 dici
1502 453 1655 486 putarunt.
1679 448 1766 477 Dac.
1804 448 1913 477 Similis
1937 450 2031 478 forma
2054 451 2199 480 secundae

253 498 398 528 personae
421 488 577 518 sinnularis
601 488 767 524 imperativi
792 487 912 517 inventu
937 493 980 516 est
1002 488 1032 515 in
1056 488 1142 518 Grut.
1164 489 1316 527 Inscriptt.
1340 500 1369 528 p.
1385 492 1456 522 204.
1478 490 1610 521 lin.3l.:
1647 489 1690 519 IS
1710 490 1813 520 EUM
1831 490 2001 521 AGRUM
2022 491 2101 520 ΝΕΙ
2118 491 2200 522 HA-

253 529 380 567 BETO,
409 528 546 558 NEIVE
565 528 800 561 FRUIMINO.
846 531 888 559 Cf.
911 532 1019 558 Sti-uve
1044 530 1079 558 de
1103 531 1163 560 Lat.
1187 533 1268 561 Comi.
1292 537 1319 560 et
1344 532 1454 562 Declin.
1477 543 1543 572 pag.
1559 535 1630 564 143.

415 571 556 601 Facem.
602 573 708 600 Catult.
731 576 801 611 (61,
825 572 907 614 77.):
940 571 1046 601 Viden’
1069 580 1099 601 ut
1114 573 1198 613 faces
1220 573 1386 615 splendidas
1410 576 1543 615 quatiunt
1566 586 1674 605 comas.
1721 575 1792 603 Ideo
1816 580 1912 604 autem
1938 576 2033 613 faces,
2056 576 2124 615 quia
2146 586 2199 616 pet·

252 621 366 643 noctem
391 619 503 643 tantum
527 624 603 642 nova
627 620 719 654 nupta
743 616 780 644 ad
809 617 946 644 maritum
977 615 1159 653 ducebatur,
1198 622 1231 646 ut
1253 617 1293 645 ait
1316 617 1512 653 Plutarchus,
1554 617 1604 655 qui
1628 618 1758 656 quinque
1781 617 1852 646 ferri
1874 618 1976 647 solitas
1999 618 2088 647 fuisse
2111 619 2200 648 docet

252 659 281 686 in
306 662 417 695 quaest.
441 658 524 685 Rom.
549 664 662 695 quaest.
679 661 707 689 2.
748 658 834 686 Illum
859 658 926 686 vide
950 662 977 685 et
1000 657 1076 687 infra
1099 658 1226 688 Patrimi
1249 664 1276 688 et
1299 660 1372 698 rapi.
1412 661 1495 698 Aqua
1519 660 1606 688 etiam
1630 660 1841 698 aspergebatur
1863 671 1940 689 nova
1962 665 2065 700 nupta.
2103 661 2198 690 Varro

251 701 363 731 lib.lV.
387 699 422 728 de
447 701 474 727 [1.
500 700 529 730 L.
555 699 608 738 (V,
632 702 682 731 67.
708 701 788 740 Sp.):
819 699 914 741 Igitur
935 711 1027 730 causa
1049 700 1189 730 nascendi
1212 700 1323 741 duplex
1345 713 1423 742 aqua
1445 710 1471 730 et
1493 703 1585 739 ignis,
1610 701 1675 732 ideo
1697 714 1730 731 ea
1753 702 1783 730 in
1806 704 1915 741 nuptiis
1937 704 1967 732 in
1992 702 2090 732 limine
2111 702 2199 732 adhi-

252 742 360 772 bentur.
404 742 483 770 Idem
507 742 587 780 apud
612 742 748 771 Servium
767 743 813 772 lV.
837 746 924 772 Aen.:
953 743 1047 782 Aqua
1069 751 1094 771 et
1116 744 1178 783 igni
1199 744 1299 772 mariti
1320 755 1428 773 umores
1450 743 1649 783 accipiebant,
1680 744 1755 774 unde
1777 752 1803 772 et
1824 744 1911 774 hodie
1925 746 2010 784 faces
2029 744 2199 783 praelucent

251 793 276 813 et
299 796 376 824 aqua
396 785 487 824 petita
511 784 546 812 cle
564 796 639 824 puro
657 784 741 823 fonte
761 797 813 824 per
832 797 951 825 puerum
967 784 1188 823 felicissimum,
1219 785 1264 814 vel
1280 785 1429 826 puellam,
1460 798 1535 827 quae
1556 788 1671 815 interest
1695 789 1819 827 nuptiis,
1851 786 1886 815 de
1908 799 1967 828 qua
1989 786 2122 817 solebant
2143 800 2198 817 nu-

252 825 380 856 bentibus
399 825 486 867 pedes
508 826 616 857 lavare.
652 828 725 856 vide
748 828 897 857 Plutarch.
922 828 988 856 loeo
1013 839 1099 867 supra
1122 829 1242 857 laudato
1266 833 1378 867 quaest.
1395 832 1421 859 1.
1455 829 1529 857 Vide
1553 839 1644 868 supra
1668 829 1772 870 Aqua.
1817 829 1905 860 Dae.

413 868 561 898 Fabam.
608 869 681 898 Vide
705 872 831 899 Gellium
857 871 907 899 lib.
921 871 958 898 X.
983 880 1008 899 e.
1022 872 1069 903 15.
1107 871 1146 899 De
1170 871 1258 907 sabis,
1283 881 1354 909 quas
1377 870 1534 900 lemuribus
1556 872 1704 900 iaciebant
1726 873 1757 900 in
1781 882 1882 901 eorum
1905 872 2013 907 sacris,
2043 872 2138 901 Varro
2161 871 2198 901 de

250 911 310 939 vita
334 921 404 949 pop.
431 912 481 940 Ro.
506 912 555 940 lib.
572 915 612 943 1.:
657 912 768 951 Quibus
797 912 972 953 temporibus
1000 913 1030 942 in
1057 915 1149 942 sacris
1173 913 1278 952 sabam
1303 914 1416 943 iactant
1439 921 1544 951 noctu,
1581 925 1619 943 ac
1647 913 1764 951 dicunt,
1805 927 1834 944 se
1855 913 1977 944 lemures
2001 913 2087 944 domo
2111 921 2198 944 extra

250 953 368 982 ianuam
391 954 500 984 eiicere.
545 955 645 983 Ritum
669 962 771 995 aperte
795 956 881 984 docet
905 955 991 986 Ovid.
1015 955 1064 987 lib,
1079 956 1113 985 V.
1135 956 1210 987 Fast.
1234 957 1358 993 (431.):

785 996 841 1027 Ille
863 1009 971 1027 memor
992 999 1092 1028 veteris
1117 999 1188 1027 ritus
1211 997 1385 1038 timidusque
1408 996 1527 1027 tlt-orum

850 1039 967 1080 Surgit,
995 1039 1100 1069 habent
1120 1041 1229 1079 gemini
1250 1040 1367 1070 vincula
1390 1039 1473 1069 nulla
1494 1039 1590 1080 pedes.

787 1082 935 1123 Signaque
960 1081 1013 1111 (lat
1036 1081 1135 1122 digilis
1158 1082 1251 1111 medio
1275 1095 1338 1112 cum
1359 1082 1468 1122 pollice
1491 1084 1597 1113 iuncfis

851 1124 994 1154 Occurrat
1024 1126 1114 1154 tacito
1137 1137 1171 1153 ne
1192 1124 1262 1154 levis
1285 1125 1387 1153 umbra
1410 1125 1485 1156 sibi.-

792 1168 899 1207 Terque
920 1179 1023 1196 manus
1041 1179 1133 1207 puras
1148 1167 1277 1206 fontana
1297 1167 1405 1207 perluit
1428 1166 1519 1205 unda,

851 1209 996 1245 Vertitur,
1029 1217 1055 1238 ct
1078 1211 1178 1249 nigras
1200 1211 1309 1249 accipit
1332 1221 1380 1239 ore
1394 1209 1498 1249 fabas,

786 1252 970 1292 Aversusque
991 1253 1077 1281 iacit:
1111 1251 1161 1280 secl
1184 1251 1253 1280 (lum
1277 1253 1364 1289 iacit,
1398 1252 1469 1281 haec
1491 1264 1542 1292 ego
1567 1253 1659 1288 millo,

848 1294 924 1331 His,
959 1296 1068 1334 inquil,
1100 1293 1210 1324 redimo
1234 1306 1332 1334 meque
1353 1306 1487 1334 meosque
1501 1294 1596 1332 fabis.

784 1335 855 1366 Hoc
876 1337 972 1365 novies
995 1336 1083 1372 (licit,
1115 1348 1166 1366 nec
1188 1338 1322 1375 respicit‚·
1353 1335 1455 1364 umbra
1477 1344 1599 1375 putatur

849 1377 991 1418 Colligere
1013 1386 1038 1408 et
1061 1378 1142 1408 nullo
1166 1387 1246 1418 herga
1267 1377 1380 1406 vidente
1401 1380 1489 1419 sequi.

249 1421 334 1449 llunc
358 1431 468 1449 morem
492 1421 516 1450 si
540 1431 592 1459 ego
616 1420 765 1459 hodieque
789 1422 896 1450 alieubi
922 1422 1073 1450 observari
1097 1432 1220 1458 moneo,
1256 1421 1353 1448 nescio
1378 1431 1413 1448 an
1436 1421 1537 1459 plures
1561 1420 1616 1448 sim
1639 1419 1810 1455 habiturus,
1849 1420 1899 1457 qui
1923 1419 2010 1448 facile
2032 1418 2119 1447 fidem
2142 1419 2196 1447 ad-

247 1463 382 1499 hibeant3
419 1469 508 1502 atque
534 1469 646 1492 certum
670 1469 729 1500 est,
765 1463 842 1492 illud
865 1464 943 1492 idem
974 1464 1143 1492 etiamnunc
1167 1464 1196 1492 iu
1219 1463 1366 1491 vasconia
1391 1473 1497 1501 pueros
1520 1463 1673 1494 factitaie,
1706 1462 1756 1500 qui
1780 1471 1871 1500 quum
1895 1462 1992 1490 larvas
2014 1461 2080 1490 illas
2101 1461 2196 1490 lemu-

247 1507 323 1534 rales
345 1512 510 1545 expavent,
542 1507 622 1535 sabas
646 1507 761 1545 aliaque
784 1507 931 1544 legumina
955 1517 1009 1545 per
1032 1507 1170 1535 cubicula
1193 1517 1244 1534 sua
1270 1506 1478 1541 disseminant,
1507 1510 1535 1533 et
1559 1506 1597 1533 ita
1622 1505 1798 1544 opinantur,
1822 1515 1852 1532 se
1875 1515 1922 1532 eas
1946 1514 1960 1532 e
1983 1504 2123 1532 cubiculo
2146 1503 2195 1531 fu-

248 1559 315 1585 gare
338 1554 366 1577 et
390 1554 472 1577 extra
497 1550 618 1578 domum
641 1549 755 1577 eiicere.
785 1549 874 1580 Dae.
920 1549 961 1577 De
989 1549 1058 1577 saba
1087 1550 1179 1578 sressa
1207 1553 1234 1576 et
1261 1548 1371 1576 refriva
1401 1548 1471 1576 vide
1499 1548 1577 1576 infra
1599 1546 1742 1575 Fremlere
1763 1551 1791 1575 et
1813 1545 1948 1584 Refriva.
1983 1545 2089 1575 Goth.
2133 1543 2196 1574 Nec

249 1599 361 1631 tangere
384 1603 436 1620 nec
457 1592 615 1622 nominare.
649 1591 750 1628 Adde,
773 1601 849 1630 quae
871 1601 962 1630 supra
986 1591 1092 1630 scripsi
1115 1590 1146 1619 iu
1167 1589 1304 1619 Ederam.
1328 1588 1436 1620 Idem.
1467 1588 1683 1618 Lemuralibus.
1712 1588 1786 1618 Vide
1800 1589 1926 1617 Nonium
1943 1589 1987 1628 (p.
2004 1590 2070 1620 135.
2089 1587 2194 1627 Mero.)

248 1634 275 1661 iu
299 1635 445 1663 Lemures.
491 1633 597 1663 Idem.

412 1675 575 1705 Flamen.
621 1676 712 1712 Quasi
727 1674 851 1714 filamen
875 1686 888 1703 a
913 1676 961 1704 filo
985 1676 1084 1711 lanae,
1109 1685 1168 1714 quo
1192 1675 1376 1703 velabantur.
1408 1674 1490 1702 Idem
1515 1673 1610 1702 Varro
1634 1673 1684 1702 lib.
1698 1673 1747 1703 IV.
1772 1672 1808 1701 de
1831 1672 1862 1701 L.
1889 1673 1917 1700 L.
1940 1671 1994 1711 (V,
2017 1682 2045 1711 p.
2059 1673 2108 1703 88.
2130 1671 2194 1710 Sp.)

251 1722 277 1744 et
299 1719 416 1747 Servius
439 1719 488 1747 lib.
502 1722 531 1751 8.
557 1719 677 1747 Aeneid.
702 1718 758 1755 (ad
781 1729 855 1746 vers.
869 1718 968 1757 664).
1014 1718 1072 1746 Alii
1096 1728 1112 1746 a
1135 1718 1230 1754 Piluo,
1271 1717 1354 1755 quasi
1375 1715 1563 1756 pileamines,
1603 1716 1654 1744 sed
1680 1715 1798 1743 omnino
1817 1716 1955 1753 flamines
1977 1713 2048 1743 dicti
2071 1724 2086 1742 a
2111 1715 2194 1742 vela-

251 1765 347 1789 mento
370 1761 490 1800 capitis,
515 1761 597 1800 quod
614 1762 753 1800 flameum
776 1760 932 1789 dicebatur
954 1765 1079 1800 propter
1103 1761 1233 1789 colorem
1257 1760 1368 1788 luteum
1393 1758 1612 1799 sivevrubrum.
1635 1757 1724 1787 Dae.
1756 1757 1868 1786 Glossis
1889 1754 2082 1797 ἱερομνήμων
2097 1767 2114 1784 a
2130 1755 2194 1793 Dio,

251 1800 281 1828 id
302 1808 343 1831 est
365 1814 439 1831 aere.
466 1802 569 1832 Goth.
614 1804 733 1832 Flamen
759 1804 848 1831 Dialis
879 1803 992 1831 dicitur
1019 1803 1099 1831 Iovis
1122 1803 1276 1839 sacerdos,
1305 1802 1375 1841 quia
1398 1801 1474 1830 Dius
1495 1801 1560 1839 ipse
1582 1805 1627 1829 est
1648 1801 1770 1839 Iupiter.
1807 1800 1866 1828 Csr.
1888 1799 1918 1827 in
1941 1798 2039 1830 Iubar.
2072 1797 2194 1828 Flamen

254 1849 347 1872 autem
370 1847 530 1874 certissime
553 1857 568 1874 a
585 1848 663 1885 flare
685 1847 854 1881 derivatur,
890 1846 1005 1884 passiva
1033 1850 1178 1884 potestate
1202 1845 1285 1883 quasi
1307 1841 1460 1880 Ρλάμευος
1481 1847 1529 1881 (ut
1552 1844 1708 1882 κλύμενος)
1731 1842 1761 1874 h.
1786 1853 1810 1871 e.
1834 1842 1969 1878 afflatus,
2007 1852 2024 1869 a
2047 1841 2101 1870 deo
2123 1851 2194 1877 σοι-τ

255 1890 368 1922 reptos,
392 1888 568 1926 inspii·atuS‚
591 1886 806 1924 θεοπνευστός.
849 1888 908 1917 Cfr.
934 1887 1032 1917 Liseh.
1053 1888 1084 1916 in
1106 1887 1188 1917 Jahn.
1212 1888 1318 1916 Annel.
1342 1886 1446 1926 philol.
1471 1891 1498 1914 et
1521 1886 1643 1924 paedag.
1660 1886 1718 1922 xt,
1743 1889 1771 1916 1.
1796 1896 1827 1924 p.
1842 1887 1892 1916 87.

255 1966 276 1993 F
413 1929 583 1960 Fabiani.
630 1931 763 1960 Fauiani.
796 1931 869 1960 Vide
895 1930 1017 1969 Quintia
1037 1939 1135 1970 prata.
1158 1931 1245 1960 Ant.
1266 1930 1361 1969 Aug.
1397 1929 1522 1957 Fabiani
1543 1929 1628 1958 Remi
1651 1929 1740 1964 socii,
1764 1928 1882 1956 Romuli
1905 1927 2031 1963 Quintil.
2053 1924 2192 1955 Ovid.11.

278 1972 330 1995 ὂδῑ-
352 1970 459 2007 (203.):

781 2015 871 2045 Dicta
888 2015 982 2053 facit,
1010 2014 1153 2055 Fabiique
1173 2014 1271 2046 simul.
1318 2013 1408 2043 Venit
1430 2014 1529 2041 irritus
1551 2011 1624 2042 illuc

845 2056 1007 2093 Romulus,
1036 2065 1062 2086 et
1084 2069 1197 2086 mensas
1219 2068 1343 2097 ossaque
1365 2055 1444 2084 ηιιᾶα
1467 2054 1553 2084 videt.

784 2099 865 2129 Risit
886 2107 912 2128 et
935 2098 1077 2136 indoluit,
1107 2099 1217 2129 Fabios
1237 2100 1365 2139 potuisse
1385 2097 1567 2137 Remumque

286 2176 291 2181 .
847 2142 986 2178 Vincere,
1018 2141 1177 2180 Quintilios
1200 2154 1258 2171 non
1276 2142 1404 2181 potuisse
1424 2151 1500 2169 suos.

256 2175 307 2204 Hls
331 2181 432 2215 postea
457 2187 472 2204 a
494 2178 523 2206 C.
546 2179 667 2209 Caesare
689 2183 789 2212 addita
809 2185 897 2213 tertia
920 2185 1072 2221 sodalitas,
1095 2195 1201 2223 nempe
1224 2184 1378 2212 Iuliorum.
1418 2182 1472 2211 Dio
1495 2181 1546 2210 lib.
1558 2181 1661 2210 XLIV.
1705 2180 1793 2209 Dae.
2176 2211 2178 2213 v

417 2218 623 2249 Fastorum.
668 2223 744 2252 Fasti
772 2227 849 2254 enim
879 2228 941 2255 dies
970 2227 1034 2255 festi
1066 2232 1144 2256 sunt.
1190 2227 1254 2255 Hoc
1285 2226 1390 2254 salsum
1416 2230 1468 2254 est.
1512 2226 1588 2253 Sunt
1610 2224 1687 2253 enim
1710 2223 1777 2251 fasti
1800 2222 1877 2257 dies,
1917 2220 2025 2259 quibus
2047 2220 2103 2250 fari
2123 2220 2192 2250 licet

255 2260 383 2297 praetori
406 2261 532 2290 iuiidica
556 2263 653 2292 verba.
686 2265 794 2303 varro,
816 2270 914 2305 ()vid.‚
938 2269 1067 2297 Mam-ob.
1097 2269 1139 2297 Ab
1163 2269 1208 2297 his
1231 2268 1335 2297 diebus
1357 2269 1511 2296 Fastorum
1533 2267 1602 2295 libri
1626 2266 1829 2305 appellantur,
1852 2264 1960 2303 quibus
1982 2273 2033 2293 eos
2055 2262 2118 2292 dies
2139 2273 2191 2292 co-

256 2303 421 2338 gnoscimus
442 2308 469 2332 et
491 2305 670 2333 translaticie
693 2307 783 2335 fastos
806 2312 958 2340 consulum
981 2312 1182 2350 appellamus,
1213 2311 1321 2349 quibus
1345 2310 1481 2339 consules
1505 2309 1689 2347 singulorum
1712 2318 1857 2336 annorum
1877 2306 2077 2336 continentur.
2102 2304 2189 2334 Ant.

256 2343 348 2383 Aug.
392 2346 547 2394 Eleganter
576 2352 688 2375 veteres
711 2350 814 2378 Graeci
835 2351 936 2381 Fusius
957 2352 1162 2392 ήμερολόγιον.
1205 2354 1241 2382 Et
1261 2354 1360 2391 jasius
1382 2353 1412 2381 in
1434 2357 1541 2391 quarta
1565 2351 1778 2386 declinatione,
1814 2349 1851 2378 de
1875 2359 1934 2387 quo
1957 2348 2087 2387 quaestio
2109 2345 2189 2384 apud

256 2391 368 2416 veteres
388 2394 606 2425 gxammatwos,
636 2399 725 2428 super
746 2391 796 2418 illo
821 2393 926 2422 [lucani
951 2394 1007 2433 (X,
1034 2396 1135 2431 187.):

823 2433 883 2462 Nec
906 2447 982 2464 meus
1005 2435 1128 2465 Eudooei
1148 2438 1278 2466 vincetur
1293 2436 1423 2475 fastibus
1444 2448 1546 2465 annus.
