2263 2668
933 128 1078 164 LIBER
1103 127 1146 160 11.
1948 128 2023 164 183

70 218 188 265 saris,
205 219 335 265 fittur3
360 219 394 251 id
417 219 450 251 in
473 218 714 262 compositione
736 221 868 266 recipit,
888 226 924 255 ut
944 221 987 254 ad
1009 222 1138 254 tertiam
1160 219 1266 253 solam
1293 220 1454 262 pertineat
1475 221 1758 266 coniugationem,
1781 222 1905 264 absque
1934 223 2021 257 dua-

79 271 142 304 bus
167 271 462 315 compositionibus
483 269 584 302 idest
606 270 802 313 circumdo,
832 285 891 312 as3
919 273 1130 317 pessumdo,
1158 283 1218 311 as,
1245 271 1417 313 inquibus
1440 271 1591 305 videntur
1617 273 1746 317 integra
1777 275 1916 313 servari.
1944 286 2021 308 cum

79 322 270 355 naturaliter
295 321 347 354 his
381 322 415 354 in
447 321 601 354 unitatem
645 333 711 354 nou
733 319 758 339 ²⁵
787 324 955 359 cohaeret.
1007 324 1046 357 ln
1075 324 1142 357 dor
1175 322 1357 355 desinentia
1384 322 1512 366 primae
1545 329 1618 357 sunt
1644 325 1854 370 coniugatio-
1888 323 2019 371 [2176]

79 372 128 406 nis
141 369 177 416 ²⁷,
198 373 331 415 vador,
352 372 531 418 praedor,
558 374 783 407 verecundor.

243 457 278 491 7.
329 457 368 490 In
389 468 439 502 go
461 457 514 490 vel
540 458 573 490 in
593 469 664 502 gor
690 457 870 492 desinentia
892 460 994 493 verba
1016 471 1057 492 ex
1077 458 1347 492 antecedentibus
1367 459 1480 492 litteris
1501 460 1722 494 dinoscuntur.
1763 461 1800 494 A
1825 461 1925 505 igitur
1945 465 2020 495 ante

77 509 212 542 finalem
232 508 388 542 habentia
409 508 582 552 syllabam,
606 510 733 553 primae
753 517 826 544 sunt
848 511 1099 556 coniugationis‚
1126 515 1161 543 ut
1178 521 1360 555 propago,
1387 522 1439 552 as,
1465 523 1591 557 vagor,
1618 508 1810 558 vaga²·1's²³‚
1836 511 2019 558 resi-agor,

77 561 191 606 garis.
243 561 385 593 Notatur
402 556 427 575 '³¹⁴'
452 560 568 593 tertiae
583 560 626 602 ³⁰,
658 573 749 606 ago,
788 563 871 608 agis
909 568 946 596 ut
978 563 1201 607 primitivum,
1238 567 1270 594 et
1297 563 1339 594 ab
1366 572 1406 594 eo
1435 564 1635 607 composita,
1670 565 1738 596 sive
1772 569 1899 596 servent
1935 575 1959 597 a
1986 564 2019 596 in

78 611 336 656 compositione,
365 614 401 643 ut
422 608 617 656 perago³¹5
643 624 702 646 seu
730 619 856 646 mutent
882 626 972 655 eam,
1000 618 1035 647 ut
1063 614 1187 659 exigo,
1221 613 1368 659 ειιόἱςος
1402 625 1458 646 seu
1484 616 1612 658 penitus
1639 614 1836 654 excludant,
1864 611 1931 647 ut³²
1958 626 2018 648 co-

75 674 136 708 go.
189 662 225 695 E
248 668 323 695 ante
357 673 409 707 go
441 663 664 706 praecedente
690 665 804 698 tertiae
835 670 926 708 sunt,
960 670 996 698 ut
1022 666 1125 710 lego;
1159 665 1256 709 dego
1270 661 1295 681 ³³
1330 665 1430 697 etiam
1462 665 1566 710 degis
1599 667 1641 699 ab
1675 678 1748 711 ago
1784 666 2016 710 compositum.

75 709 328 758 Excipiunturffl
352 724 457 758 nege,
484 725 609 759 negas,
638 712 764 760 legum,
792 717 905 762 legas,
933 728 952 750 e
978 717 1116 762 longam
1143 716 1289 757 habens,
1316 716 1359 749 ad
1387 716 1606 749 differentiam
1632 713 1829 762 primitiviffi,
1856 721 1888 749 et
1914 728 1934 748 a
1954 728 2018 749 no-

75 765 180 807 mine,
208 765 301 809 quod
329 769 376 797 est
401 765 476 806 lex,
504 766 614 811 legis,
642 766 834 801 derivatum.
884 768 986 813 Lego
1012 769 1098 801 enim
1109 764 1134 784 Ἠ
1160 767 1308 812 legitime
1342 771 1375 800 et
1400 768 1470 801 iure
1497 780 1628 802 servans
1656 781 1674 802 e
1700 770 1838 813 longam
1865 768 2016 811 nominis,

74 816 204 861 primae
231 822 278 850 est
304 814 589 861 coniugationis³³.
645 815 806 863 Alleg0³⁰
840 831 974 863 quoque
1008 825 1040 852 et
1075 815 1240 864 ablego⁴⁰
1274 823 1306 852 et
1336 819 1480 865 relego,
1516 819 1594 853 licet
1628 821 1718 853 aliud
1751 819 1936 865 significare
1967 819 2019 852 vi-

75 868 213 909 dentur,
240 867 388 902 eiusdem
415 873 489 901 sunt
515 868 774 914 coniugationis‚
808 875 844 904 ut
877 883 897 903 a
929 871 1032 917 lego,
1065 872 1158 915 quod
1191 870 1409 915 penultimam
1442 871 1581 916 longam
1614 871 1735 914 habet,
1761 871 1918 905 derivata.
1970 869 2018 904 Ut

74 919 234 966 Virgilius
250 916 272 936 ⁴¹
299 919 332 952 in
357 918 416 952 llI.
443 920 500 953 lib.
528 920 706 966 Georgia:

300 987 420 1072 sstque
445 988 525 1022 ideo
551 992 673 1022 tauros
693 989 824 1034 procul
850 993 955 1035 atque
979 990 1014 1024 in
1040 990 1117 1024 sola
1142 990 1309 1035 relegant

334 1050 454 1072 asena.

73 1106 254 1141 Terentius
278 1107 311 1140 in
337 1107 481 1140 Andria:

299 1155 388 1191 Νιε42
414 1170 438 1191 a
464 1168 520 1190 me
546 1157 676 1191 eredas
702 1159 903 1204 allegatum
929 1159 1023 1193 hunc
1048 1170 1174 1195 senem.

72 1226 191 1260 Cicero
230 1225 444 1259 Verrinarum
485 1225 544 1258 IV.
589 1226 664 1260 lib.:
730 1227 886 1261 Causam
930 1239 1006 1262 sese
1045 1228 1187 1262 dimisso
1234 1231 1340 1273 atque
1387 1227 1558 1274 ablegato
1600 1227 1741 1262 consilio
1791 1225 2014 1273 defensurum

69 1277 216 1323 negavit
239 1274 274 1309 ⁴³.
338 1277 494 1311 Lucanus
506 1289 514 1309 :

466 1365 510 1370 -
540 1345 625 1378 dum
652 1344 746 1380 bella
772 1348 948 1392 relegerit,

295 1394 506 1430 Extremum
533 1396 690 1441 Scythici
716 1399 969 1432 transcendam
985 1398 1146 1445 frigoris
1171 1408 1276 1431 axem
1290 1394 1326 1431 4⁴.

69 1464 193 1498 Statius
218 1462 428 1498 Achilleidos
456 1465 481 1498 I.
508 1463 617 1499 lib.⁴³:

66 1587 150 1611 ratur
173 1582 203 1611 in
221 1582 294 1613 cod.
318 1600 354 1606 -ν-
379 1585 424 1620 24)
438 1585 526 1613 IIaec
540 1590 611 1613 ante
629 1585 697 1613 lata
713 1586 745 1615 P.
761 1585 843 1614 abest
857 1596 1022 1625 pronomen
1066 1596 1081 1613 e
1105 1585 1209 1614 ordine
1232 1584 1360 1613 inverso.
1404 1584 1461 1612 Pro
1487 1582 1593 1620 quibus
1615 1581 1688 1610 haec
1714 1581 1746 1610 in
1769 1582 1800 1610 P.
1828 1582 1910 1619 Lego
1933 1581 2010 1608 enim

66 1635 84 1653 a
110 1625 183 1655 Cod.
201 1630 230 1653 et
252 1626 330 1654 Cain.
351 1641 394 1647 --
413 1626 459 1665 22.)
486 1626 715 1666 Cit·cccmsle.t·unz
737 1634 809 1656 esset
825 1635 851 1656 eb
868 1629 1021 1667 monosyl-
1066 1628 1150 1666 lega-5·
1173 1626 1395 1665 longitudinem
1419 1625 1550 1662 legitime
1571 1629 1598 1652 et
1623 1626 1688 1652 iure
1715 1635 1837 1652 serram·
1868 1623 2009 1657 nominiS,

65 1667 172 1695 labum
189 1668 258 1696 Cod.
272 1669 350 1696 Cam.
365 1670 514 1708 circumsl.
530 1676 612 1707 asset,
632 1670 677 1698 ‹lo
700 1673 737 1709 ip
748 1682 791 1698 eu
799 1683 830 1699 m
850 1683 870 1699 u
882 1677 894 1699 t
911 1682 1021 1702 monas,

65 1709 99 1738 P.
122 1726 164 1732 —
185 1709 230 1749 26)
255 1711 325 1739 Isz.
346 1712 392 1738 sic
407 1712 519 1740 calleret
535 1713 692 1743 Can1.N0a
710 1715 756 1741 sic
771 1715 907 1742 colum-et
926 1715 956 1743 P.
971 1716 1022 1743 Sic

65 1752 146 1781 abest
164 1752 262 1782 acod.
283 1770 326 1775 —-
347 1754 394 1790 27)
412 1754 449 1782 Ut
470 1755 584 1784 addunt
598 1757 678 1784 Cam.
701 1757 731 1784 P.
753 1774 795 1778 —
816 1760 861 1790 23)
885 1756 1022 1795 Isnlagor

65 1794 122 1824 h.l.
134 1795 265 1823 additum
281 1796 312 1823 in
335 1796 406 1825 Cod.
429 1808 443 1824 a
459 1808 515 1827 ser.
529 1808 566 1826 m.
588 1808 603 1826 a
617 1799 695 1828 Cam.
717 1804 745 1827 et
757 1800 786 1828 P.
801 1805 954 1837 receptum
970 1805 1019 1831 cst.

65 1837 159 1874 Male3
183 1842 226 1866 est
249 1838 327 1866 cuim
347 1839 477 1868 activum
501 1840 633 1879 indago,
663 1851 759 1879 neque
781 1842 909 1870 inveniri
931 1842 1017 1870 vide-

64 1884 114 1908 tur
131 1878 261 1918 indagor
285 1880 444 1919 deponens.
468 1899 509 1906 --
537 1886 585 1919 29)
613 1885 750 1912 Notatur
778 1885 846 1912 Cod.
871 1889 1016 1912 notantur

65 1922 145 1950 Cam.
169 1922 198 1950 P.
227 1938 270 1942 —
297 1924 344 1961 30)
379 1924 616 1964 Coniugationis
647 1927 762 1955 addunt
796 1927 877 1956 Cam.
913 1927 944 1955 Ρ.
972 1943 1014 1948 --

64 1964 110 2003 31)
136 1964 319 2002 Circumago
341 1966 421 1996 Cam.
445 1968 476 1998 P.
499 1979 615 2007 perago
638 1969 708 1997 cod.
733 1969 839 1997 Statim
859 1973 927 2007 post
951 1969 1014 1995 Sive

65 2008 143 2036 Cam.
163 2007 194 2036 P.
215 2017 268 2034 seu
289 2007 360 2036 cod.
378 2024 420 2030 —-
443 2009 490 2050 32)
514 2011 553 2038 Ue
575 2011 666 2049 ‹le-go,
691 2022 772 2050 cogo.
798 2012 877 2039 Cam.
901 2011 930 2040 P.
948 2011 1012 2037 De-

61 2049 155 2089 goin
178 2048 249 2077 Cod.
276 2058 291 2076 a
319 2059 373 2078 ser.
404 2060 494 2080 manu
520 2063 593 2081 aser.
624 2054 704 2092 quod
738 2058 816 2082 recte
854 2053 1010 2087 omittitur,

64 2092 132 2131 quia
154 2091 255 2131 paullo
278 2096 346 2129 post
377 2100 632 2125 commemoratur.
661 2111 704 2117 —-
730 2099 777 2133 33)
807 2096 892 2131 Dego
921 2095 1012 2121 etiam

64 2135 150 2173 degis
173 2134 244 2163 cod.
270 2132 344 2169 flego
367 2135 394 2161 i-s·
420 2137 510 2164 etiam
537 2138 615 2166 Cani.
645 2138 675 2166 P.
706 2152 744 2159 —-
779 2136 824 2174 34)
850 2137 1011 2173 Excipitur

64 2178 144 2206 Cam.
164 2177 194 2205 P.
218 2177 407 2213 excipiuntur
430 2178 501 2209 cod.
530 2195 572 2201 —-
600 2183 645 2213 35)
667 2180 759 2206 Enim
783 2178 857 2206 male
886 2178 1008 2206 additur

62 2220 95 2248 in
116 2220 194 2248 Cam.
221 2219 251 2247 Ρ.
279 2223 322 2255 et,
352 2218 376 2246 si
406 2225 485 2248 recte
506 2222 639 2257 enotavi,
670 2221 755 2248 etiam
779 2221 809 2248 in
836 2220 905 2248 cod.
949 2221 1007 2249 Sed

63 2261 258 2291 omittendum
279 2270 356 2296 esse,
381 2260 466 2290 docet
490 2263 610 2292 verbum
636 2264 826 2300 excipiuntur·
850 2262 1006 2301 omnisque

63 2304 204 2334 orationis
224 2308 318 2332 tenor.
338 2319 381 2324 —-
402 2306 446 2337 36)
466 2305 547 2341 Lego
571 2307 598 2333 i-s·
624 2305 782 2333 intrudunt
810 2306 888 2333 Cam.
913 2306 942 2333 P.
964 2321 1006 2327 —-

61 2350 109 2383 37)
126 2348 201 2386 Lego
223 2347 301 2374 enim
322 2345 452 2383 legitime
469 2351 495 2373 et
522 2348 586 2374 iure
613 2358 735 2375 servan-s·
762 2359 776 2375 e
800 2348 922 2385 longam
944 2358 1005 2376 no-

63 2391 155 2419 mini&
175 2390 217 2418 ita
238 2387 400 2418 rectissime
417 2388 489 2417 cod.
505 2389 583 2417 Cam.
601 2389 658 2417 nisi
678 2389 757 2428 quod
779 2390 858 2418 Cam.
881 2391 1004 2429 longam

1066 1671 1149 1699 cuius
1172 1668 1374 1707 corruptionis
1401 1667 1513 1695 fontem
1539 1671 1684 1695 monstrat
1712 1666 1783 1695 Cod.
1810 1665 1860 1693 ubi
1883 1669 1953 1703 post
1976 1673 2007 1692 v.

1064 1715 1143 1740 enim
1171 1712 1302 1740 litterula
1331 1709 1473 1748 quaedam
1500 1709 1609 1746 legitur
1642 1718 1716 1747 quae
1737 1717 1798 1735 esse
1823 1706 1941 1735 videtur
1972 1709 2006 1743 ἒ,

1063 1756 1123 1790 sic,
1148 1754 1254 1782 lineola
1270 1762 1357 1790 supra
1374 1751 1471 1779 ducta.
1494 1751 1551 1779 Sed
1568 1751 1668 1779 eadem
1690 1759 1795 1787 magno
1819 1753 1933 1787 puncto
1951 1749 2008 1776 im-

1056 1799 1159 1835 posito
1186 1795 1280 1823 deleta
1305 1799 1357 1824 est.
1383 1810 1424 1815 “““
1442 1792 1488 1832 38)
1511 1796 1569 1822 Est
1580 1794 1654 1822 coni.
1675 1792 1746 1820 Cod.
1763 1790 1847 1821 Cani.
1869 1797 1910 1818 est
1927 1791 2005 1819 Cam.

1060 1840 1092 1868 P,
1121 1855 1163 1860 —
1189 1835 1234 1875 39)
1256 1836 1366 1875 Allego
1391 1846 1510 1874 quoque
1538 1839 1594 1864 cet.
1637 1835 1717 1863 Haec
1743 1834 1850 1862 desunt
1875 1834 1907 1861 in
1933 1834 2005 1862 Cori.

1059 1890 1150 1919 usque
1177 1878 1214 1906 ad
1238 1888 1285 1908 vv.
1308 1889 1328 1906 a
1353 1879 1435 1916 lego,
1468 1878 1623 1906 aberrante
1645 1876 1767 1906 librario
1789 1876 1826 1904 ab
1848 1876 1946 1914 allego
1967 1877 2005 1904 ad

1057 1935 1076 1951 a
1096 1923 1177 1959 leg0;
1200 1921 1240 1949 ita
1262 1926 1296 1950 ut
1317 1921 1411 1950 oratio
1429 1920 1469 1948 ita
1494 1931 1595 1949 manca
1615 1920 1773 1959 procedat:
1797 1919 1895 1957 allego
1922 1917 2007 1956 quod

1050 1964 1261 2003 penultimam.
1284 1979 1326 1986 —
1347 1961 1392 2001 40)
1414 1963 1479 1991 Hoc
1504 1963 1572 1992 loco
1588 1972 1708 1991 rursum
1730 1972 1849 2000 quoque
1875 1961 2004 1989 intrudit

1056 2008 1084 2036 P.
1103 2006 1185 2044 quod
1206 2011 1285 2034 recte
1301 2005 1416 2044 ignorat
1438 2006 1517 2034 Cam.
1545 2022 1584 2027 —
1613 2004 1660 2043 41)
1688 2005 1726 2032 Ut
1751 2004 1905 2043 Virgilius
1929 2003 2001 2031 Cod.

1054 2055 1088 2077 ιιι
1110 2059 1168 2079 om.
1195 2049 1273 2078 Cam.
1298 2049 1329 2077 P.
1357 2049 1451 2076 Locus
1484 2048 1564 2086 Virg.
1592 2052 1635 2076 est
1659 2048 1765 2085 Geor-g.
1786 2047 1839 2082 ΠΙ,
1865 2049 1936 2078 212.
1952 2045 2002 2068 ’--

1052 2089 1099 2129 4“.’)
1120 2092 1165 2120 Ne
1182 2091 1261 2120 abest
1282 2101 1298 2119 a
1320 2091 1391 2121 cod.
1412 2095 1534 2119 tuentur
1561 2095 1661 2119 tamen
1686 2091 1763 2118 Cam.
1785 2090 1816 2120 P.
1843 2089 1937 2117 Locus
1958 2092 2002 2116 est

1052 2134 1168 2162 Terent.
1191 2134 1282 2164 Andr.
1304 2133 1347 2170 V,
1371 2135 1409 2170 3,
1433 2136 1484 2166 28.
1514 2133 1566 2162 ubi
1593 2138 1692 2161 tamen
1719 2132 1792 2161 ordo
1814 2136 1873 2159 est:
1904 2131 1943 2159 Ut
1965 2141 2001 2159 ne

1054 2175 1158 2204 credas
1179 2186 1198 2204 (ι
1217 2187 1262 2204 me
1284 2176 1451 2213 allegatum
1472 2176 1555 2204 lzunc
1576 2186 1682 2204 Senem.
1708 2191 1744 2196 ·-—-
1773 2175 1818 2209 43)
1845 2173 1905 2201 Cic.
1933 2173 1999 2202 Act.

1048 2219 1079 2247 in
1095 2219 1174 2248 Verr.
1192 2219 1234 2256 11,
1258 2218 1309 2249 lib.
1332 2219 1374 2255 lt,
1396 2221 1446 2251 30.
1491 2219 1628 2248 Ceterum
1652 2227 1794 2245 caussam
1809 2217 1839 2246 P.
1857 2225 1998 2243 caussam

1048 2273 1107 2290 esse
1128 2263 1205 2290 Cam.
1232 2272 1359 2289 causam
1379 2272 1440 2289 Sese
1464 2262 1549 2300 ipso
1573 2266 1665 2299 atque
1683 2259 1756 2288 cod.
1775 2258 1901 2286 dimisso
1917 2262 1997 2286 recte

1049 2315 1114 2333 cum
1139 2303 1222 2332 libris
1244 2304 1393 2332 Ciceronis
1416 2304 1496 2334 Cam.
1517 2308 1546 2333 et
1568 2304 1599 2334 P.
1624 2318 1667 2324 —-
1693 2300 1739 2341 44)
1764 2302 1872 2330 Lucan.
1893 2299 1993 2327 Phars.

1047 2347 1102 2385 Vl,
1124 2348 1196 2379 324.
1220 2356 1280 2385 seq.
1297 2347 1348 2375 ubi
1369 2347 1543 2386 plerumque
1568 2345 1683 2374 editur:
1705 2344 1840 2382 frigoris
1858 2341 1991 2386 orbem.

1047 2406 1085 2412 —
1107 2389 1155 2427 45)
1176 2388 1367 2418 Achilleidos
1389 2389 1412 2420 L
1434 2389 1486 2419 lib.
1506 2388 1578 2419 Cod.
1591 2385 1755 2417 Aclzilleid.
1778 2385 1801 2415 I.
1824 2384 1856 2413 P.
1876 2380 1991 2410 Aelul-
