2263 2668
423 113 487 147 DE
522 112 798 147 VERBORUM
830 112 1220 148 SIGNIFICATIONE
1249 90 1569 150 *FRAGMENTA
1814 115 1886 150 171

273 204 533 241 Matronis1³
569 217 696 240 aurum
720 207 837 254 fuisse
870 208 1050 241 redditum
1089 206 1236 241 Sinnius
1272 207 1399 253 Capito
1435 209 1496 242 ait:
1537 210 1631 254 quod
1657 209 1797 243 videtur
1822 209 1889 243 hoc

110 259 339 306 signficare:
365 259 538 294 matronis
562 259 663 292 fuisse
688 261 881 294 restitutum
907 270 1055 300 aurum,
1084 270 1129 292 ex
1155 270 1221 303 quo
1247 259 1288 293 P.
1305 260 1349 294 R.
1379 265 1558 294 crateram
1575 261 1731 308 fecerat,
1755 265 1786 294 et
1814 273 1888 294 eam

108 312 264 357 Apollini
290 312 451 357 Delphos
477 311 640 344 miserat:
665 315 703 344 ut
731 315 780 345 est
802 311 993 345 testimonio
1020 311 1127 343 index
1148 310 1301 344 tabella:
1335 312 1429 356 quod
1456 313 1597 357 quidem
1621 325 1748 347 aurum
1775 312 1885 346 dede-

108 367 191 397 rant
218 369 396 397 matronae
431 362 563 395 ornatui
589 363 770 408 demptum
800 374 877 404 suo,
920 367 957 396 ut
984 366 1100 396 votum
1127 363 1321 395 solveretur
1346 364 1509 407 Apolloni
1525 363 1569 400 ¹4.
1600 366 1744 409 quidam
1767 365 1886 397 dicunt

110 415 156 448 de
184 426 223 448 eo
248 416 366 460 potius
399 426 472 448 esse
506 414 799 459 intelligendum,
846 415 939 458 quod
973 414 1189 448 contulerunt
1216 415 1297 446 olim
1327 419 1512 448 matronae
1542 417 1593 449 ad
1623 416 1837 462 Capitolium
1868 429 1887 448 a

111 466 218 500 Gallis
245 465 433 500 Senonibus
456 465 688 499 liberandum.
716 467 755 499 id
783 466 831 500 eis
849 470 975 511 postea
1000 466 1177 499 redditum
1207 471 1253 498 est
1281 478 1299 498 a
1327 467 1457 510 populo
1480 467 1545 501 Ro.
1568 468 1888 514 Nlagisterare

106 529 177 563 pro
202 529 350 564 regere,
378 522 409 551 et
436 523 624 562 temperate
651 518 810 552 (licebant
837 519 977 563 antiqui.
1033 517 1107 552 Sed
1135 517 1227 550 alias
1253 518 1482 562 magisterare
1504 519 1638 562 quidam
1662 523 1795 565 ponunt
1817 530 1887 563 pro

484 597 492 604 ,
545 568 642 602 Muta

677 622 782 654 multo

114 699 122 707 .
237 699 243 705 .
360 699 368 707 .
608 700 615 707 .
797 684 868 705 rem
883 671 915 694 1⁶

112 728 149 756 ut
179 724 232 756 cui
265 724 376 767 potius
410 735 474 756 eon
527 749 534 755 .
589 750 595 757 .
649 750 656 758 .
711 749 717 756 .

1441 597 1448 604 .
1501 571 1539 603 isi
1566 583 1649 605 voce
1669 569 1701 592 15
1818 597 1824 602 .

1712 621 1824 654 intelle

1161 683 1195 704 as
1232 670 1297 704 dici

1083 720 1259 756 Mille1⁷
1303 722 1513 767 singulariter
1549 699 1709 757 dicebant
1743 701 1886 768 antiqui,

113 775 207 820 quod
233 786 323 809 nunc
356 786 422 808 non
452 775 547 808 aliter
579 774 717 808 dicimus
750 786 826 808 cum
858 776 954 809 mille
982 786 1161 808 nummum
1197 773 1425 819 proferimus.

115 827 362 868 communicas,
406 826 485 860 dicit
517 826 659 860 Verrius
692 838 716 860 a
742 828 869 860 muniis
895 828 933 860 id
960 831 1010 860 est
1043 826 1206 871 operibus
1231 831 1280 859 est
1332 852 1339 859 .
1517 831 1571 859 aut
1588 825 1618 848 19
1647 828 1758 872 potius
1786 838 1826 860 co

178 905 186 913 .
238 878 284 912 M
290 890 341 911 an
353 876 595 924 capatus-2⁰,
629 879 681 911 ita
713 879 918 923 adoptantis
943 884 979 912 ut
1012 879 1122 922 patri*
1156 878 1202 911 sui
1230 877 1328 910 heres
1357 881 1444 911 erat.
1485 879 1672 923 adoptivus
1698 879 1786 911 enim
1816 877 1888 911 eius

115 930 174 975 qui
204 931 365 975 adoptet,
401 936 468 963 tam
496 930 593 963 heres
621 935 685 970 est,
722 943 821 974 quam
849 931 879 964 si
905 942 949 963 ex
975 941 1013 963 eo
1043 934 1147 963 natus
1174 933 1271 963 esset.
1298 929 1352 962 sui
1373 930 1511 974 putris,
1539 931 1639 974 quasi
1664 931 1697 962 in
1725 933 1888 974 potestate

116 981 229 1014 aliena
255 993 322 1014 non
350 985 454 1022 esset,
489 982 539 1014 ita
567 985 614 1014 est
643 982 822 1027 legitimus
852 987 884 1015 et
910 994 985 1015 suus
1012 982 1120 1023 heres,
1154 987 1191 1014 ut
1217 985 1316 1025 patet
1342 981 1527 1026 manifeste
1550 993 1593 1014 ex
1621 993 1675 1021 eo,
1718 981 1810 1025 quod
1838 981 1888 1013 ait

117 1032 194 1067 Ser.
223 1033 390 1077 Sulpicius
416 1033 448 1066 in
479 1045 518 1066 ea
550 1033 716 1074 oratione,
753 1045 858 1078 quam
890 1035 1030 1079 scripsit
1065 1037 1097 1066 et
1131 1032 1253 1066 habuit
1286 1044 1349 1077 pro
1386 1033 1528 1066 Aufidia.
1590 1033 1725 1067 Multi
1723 1032 1891 1077 facere

116 1085 250 1129 antiqui
270 1085 434 1118 dicebant
462 1086 549 1118 sicut
573 1085 820 1129 magnifacere,
847 1087 928 1119 item
957 1089 989 1118 et
1010 1085 1251 1130 parvifacere.
1279 1085 1374 1117 testis
1398 1088 1447 1117 est
1473 1084 1524 1119 M.
1545 1084 1633 1118 Cato
1654 1084 1686 1116 in
1714 1096 1767 1122 ea,
1792 1095 1891 1127 quam

116 1137 256 1181 scripsit
284 1140 407 1169 contra
438 1135 482 1182 Q.
516 1136 709 1169 Minucium
742 1137 932 1170 Thermum
960 1138 1006 1170 de
1035 1138 1066 1170 X
1105 1136 1304 1169 hominibus:
1332 1136 1453 1181 Neque
1472 1135 1611 1182 fidem,
1647 1146 1755 1180 neque
1782 1135 1889 1168 iusiu-

117 1188 272 1221 randum
295 1199 404 1230 neque
430 1188 635 1232 pudicitiam
658 1188 847 1235 multifacit
874 1217 881 1223 .
911 1216 918 1223 .
947 1189 1041 1233 quod
1067 1189 1206 1233 quidem
1227 1188 1351 1220 merito
1378 1187 1424 1220 ab
1439 1184 1459 1236 Η
1478 1199 1540 1221 usu
1560 1188 1712 1226 recessit,
1728 1188 1810 1231 quia
1832 1184 1888 1231 [3]

117 1250 184 1272 non
213 1239 401 1273 astimatnr
429 1250 517 1272 novo
551 1241 717 1284 quantitas
728 1242 753 1283 *,
788 1252 851 1274 nec
883 1241 1066 1274 desiderat
1100 1240 1375 1278 multitudinem,
1417 1251 1482 1272 nec
1519 1240 1707 1273 continetur
1740 1248 1890 1271 numero.

119 1290 192 1323 Ma
199 1288 385 1336 gistri21
414 1291 534 1324 dicunt
560 1291 595 1323 in
622 1292 779 1325 omnibus
803 1293 923 1333 rebus,
964 1293 1020 1336 qui
1048 1293 1162 1337 magis
1188 1292 1312 1325 ceteris
1333 1295 1496 1336 possunt,
1534 1295 1570 1324 ut
1597 1290 1772 1336 IlIagistri
1799 1289 1892 1332 equi-

118 1348 207 1383 tum,
236 1347 269 1374 et
291 1342 466 1387 Magistri
487 1343 630 1387 populi,
665 1344 747 1377 item
775 1345 939 1377 ludorum
968 1345 1154 1389 Apollinis
1182 1343 1338 1377 dixerunt
1366 1343 1516 1388 antiqui:
1561 1354 1653 1388 quae
1674 1353 1764 1374 nunc
1790 1342 1894 1374 aliter

118 1393 292 1435 dicuntur,
319 1394 422 1427 velit*
448 1394 597 1427 ostendit
629 1394 718 1429 Cato
753 1397 787 1429 in
815 1397 972 1429 oratione
1003 1407 1109 1440 quam
1135 1396 1227 1428 dirit
1258 1401 1374 1429 contra
1402 1395 1589 1428 orationem

426 1470 433 1478 .
487 1445 859 1481 Maledictores22
888 1447 1052 1481 dicebant
1078 1448 1228 1492 antiqui,
1263 1458 1347 1492 quos
1373 1458 1432 1479 nos
1459 1447 1667 1491 appellamus
1693 1444 1895 1477 maledicos.

1484 773 1742 809 Municas18
1771 776 1874 808 item
1876 799 1886 816 ‚
1940 772 1948 781 ’

124 1496 212 1530 Cato
240 1508 318 1530 cum
348 1497 636 1544 proficisceretur
645 1523 653 1539 ,
688 1499 721 1532 in
749 1500 942 1544 Hispania*
969 1500 1167 1532 removendi
1193 1499 1404 1532 maledic-¹10⁷
1406 1509 1450 1531 es.

121 1548 212 1593 ipse,
244 1547 333 1581 Cato
357 1550 490 1594 posuit,
518 1561 596 1582 cum
619 1551 727 1593 dixit,
759 1552 870 1585 decuit
896 1552 1020 1584 talenta

861 1603 947 1635 entia
982 1603 1061 1635 item
1095 1614 1114 1634 a
1168 1628 1174 1634 .

145 1611 187 1632 ue
239 1624 247 1633 .

121 1611 213 1684 ‹cllixit
240 1650 326 1684 Cato
352 1651 385 1684 in
412 1652 554 1696 epistola
581 1626 631 1686 ad
673 1630 692 1686 ..

124 1701 311 1734 Merita*
321 1714 361 1735 el
371 1715 405 1744 e,
434 1715 535 1762 saepe
562 1716 717 1738 meruere
743 1705 833 1738 dixit
863 1706 950 1740 Cato
983 1706 1017 1738 in
1070 1733 1076 1739 .

124 1757 246 1786 verunt
272 1754 391 1787 statim
422 1755 526 1787 omnis
552 1756 725 1794 cohortes,
761 1757 866 1790 omnis
901 1758 1027 1797 etium,
1060 1757 1118 1801 qui
1150 1756 1325 1801 stipendia
1359 1757 1606 1788 meritaverunt.

1504 1498 1691 1542 Mihipte
1718 1507 1781 1555 pio
1811 1494 1895 1528 mihi

1384 1577 1391 1585 .
1446 1576 1454 1583 .
1509 1575 1515 1582 .
1635 1577 1641 1583 .
1695 1548 1816 1587 xersia,
1845 1552 1893 1579 at-

1298 1601 1455 1634 Mansa
1468 1611 1529 1641 es,
1567 1611 1654 1645 pro,
1696 1602 1898 1631 mansuetus

1236 1664 1386 1685 mansues
1422 1652 1464 1684 ad
1519 1676 1526 1683 .
1767 1676 1773 1682 .
1830 1675 1836 1681 .
1890 1677 1897 1683 .

1195 1726 1202 1734 ·
1254 1705 1465 1745 Poenorum,
1499 1703 1565 1734 1111
1592 1676 1745 1747 Suij'etes
1772 1711 1899 1734 evoca-

1676 1751 1899 1798 Magnifi-

126 1801 271 1838 cius2³
294 1816 364 1850 pro
390 1806 677 1853 magnificentius
703 1809 880 1854 usurpavit
896 1809 981 1842 Cato
1009 1809 1040 1840 in
1064 1820 1120 1848 ea,
1147 1819 1248 1851 quam
1274 1806 1414 1851 scripsit
1459 1833 1465 1839 .

126 1867 213 1900 gna,
248 1857 320 1900 quis
354 1856 458 1890 homo
512 1883 519 1890 .
571 1885 578 1892 .

130 2008 215 2036 cidus
236 2007 266 2035 in
287 2008 401 2046 glossis.
432 2009 600 2048 Municare,
625 2011 859 2040 communicare:
884 2011 998 2039 dictum

131 2062 145 2077 a
164 2050 296 2080 moeniis.
310 2051 329 2081 i.
345 2052 496 2090 operibus.
508 2058 581 2091 pulo
595 2058 690 2082 autem
709 2054 876 2083 moenicare
891 2053 999 2082 dixisse

130 2093 290 2131 antiquos3
315 2094 364 2131 qui
382 2104 434 2131 oe,
457 2104 523 2133 pro,
545 2105 575 2131 u,
598 2096 764 2135 ponebant,
788 2102 823 2124 ut.
839 2106 925 2124 oesus
942 2107 997 2135 pro

131 2145 216 2173 usus3
243 2146 360 2164 moerus
377 2147 434 2175 pro
450 2147 561 2166 murus.
593 2139 672 2167 Urs.
697 2157 726 2162 —-
760 2141 803 2176 19)
826 2144 881 2166 aut
898 2144 930 2166 ut
942 2150 999 2177 po-

130 2179 192 2206 tius
216 2178 287 2207 Ven.
302 2179 348 2207 Sc.
371 2194 413 2201 —
435 2181 480 2217 ΞΟ)
503 2181 728 2220 ,Μανιοίῃαιιι-ς]
755 2181 886 2219 Agellius
910 2181 999 2212 lnb.5.

130 2231 195 2260 cap.
220 2223 268 2253 19.
292 2221 398 2250 Filium
421 2221 598 2261 adoptivum
623 2229 680 2252 lam
702 2223 879 2262 procedere,
908 2233 996 2261 quam

130 2263 154 2291 si
169 2273 199 2292 se
216 2268 317 2292 natum
330 2263 444 2295 habeat.
476 2266 552 2295 Urs.
577 2283 615 2289 —
641 2266 689 2304 21)
703 2267 872 2305 Magistra]
888 2265 997 2295 Viden-

130 2305 242 2335 dendus
278 2305 383 2335 Festus
412 2308 443 2335 in
477 2309 555 2337 Vici.
601 2308 709 2337 Paulus
740 2309 769 2337 in
790 2309 997 2347 Magi-steron.

130 2353 158 2377 et
181 2349 338 2388 inscriptio
358 2350 497 2379 ludorum
526 2351 732 2382 saecularium.
762 2351 854 2380 MAG.
879 2351 997 2381 XVIR.

130 2395 158 2420 et
180 2391 288 2422 MAG.
312 2393 468 2422 XVVlR.
515 2394 661 2432 Magistri
685 2398 797 2431 autem,
825 2394 872 2422 vel
894 2399 996 2423 eontra

1002 1864 1063 1892 aut
1097 1859 1269 1904 pulchrius
1296 1861 1421 1902 purgat
1448 1860 1509 1890 aut
1537 1856 1662 1901 magni
1693 1855 1782 1889 cius:
1809 1865 1900 1888 nunc

1042 2012 1139 2040 omnia
1165 2008 1248 2037 Pauli
1274 2007 1454 2046 exemplaria
1479 2006 1667 2036 scribendum
1695 2011 1779 2045 puto.

1041 2096 1223 2124 ficisceretur
1243 2094 1273 2122 in
1292 2092 1464 2132 Hispaniam
1486 2093 1594 2121 citatur
1609 2091 1686 2120 infra
1707 2090 1736 2119 in
1757 2091 1901 2120 Navitas.

1049 2139 1126 2167 Urs.
1150 2154 1189 2160 -—
1220 2137 1266 2173 23)
1288 2135 1510 2175 MagniflciusJ
1539 2134 1669 2173 Agellius
1691 2133 1743 2162 lib.
1763 2135 1811 2166 18.
1837 2142 1901 2172 cap.

1044 2183 1091 2213 18.
1119 2180 1191 2208 citat
1217 2179 1356 2208 catonem
1382 2178 1419 2207 de
1445 2177 1526 2207 salsis
1551 2176 1655 2216 pugnis
1677 2181 1780 2205 contra
1809 2174 1901 2204 Ther

1039 2233 1135 2252 mum:
1160 2231 1234 2261 quae
1260 2221 1337 2250 sorte
1355 2220 1450 2249 oratio
1467 2220 1616 2249 indicatur
1640 2219 1795 2248 dimidiato
1808 2217 1901 2247 verbo

1042 2287 1048 2295 .
1077 2286 1084 2294 .
1115 2288 1122 2295 .
1154 2288 1161 2295 .
1188 2274 1264 2304 gna.
1309 2264 1350 2293 De
1375 2263 1495 2293 Catonis
1522 2267 1620 2292 autem
1648 2267 1778 2301 nepote,
1815 2268 1901 2299 quem

1040 2308 1286 2348 magnificentius
1303 2317 1360 2346 pio
1379 2307 1576 2345 magnificius
1593 2304 1704 2334 dixisse
1724 2304 1766 2334 ait
1789 2304 1901 2337 Festus,

1040 2351 1171 2382 meminit
1196 2353 1242 2382 13.
1266 2359 1327 2388 cap
1348 2352 1395 2380 18.
1417 2359 1484 2378 curn
1506 2347 1613 2387 inquit.
1638 2347 1675 2376 Μ.
1700 2347 1781 2375 Cato.
1811 2345 1846 2374 M.
1868 2343 1900 2372 F.

1040 2394 1078 2423 M.
1092 2394 1126 2423 N.
1149 2392 1306 2423 vehemens
1327 2396 1428 2420 orator
1454 2391 1526 2428 fuit,
1556 2391 1724 2428 multasque
1752 2387 1900 2417 orationes

1592 2441 1661 2473 Y*

1821 2005 1906 2033 Urs.

1043 2071 1081 2077 --
1105 2054 1150 2090 22)
1172 2049 1407 2088 Maledictores]
1440 2050 1510 2078 Cato
1530 2050 1559 2077 in
1582 2049 1713 2078 oratione
1740 2058 1807 2077 cum
1832 2058 1903 2086 pro-

1915 881 1923 891 '
1935 881 1952 905 f.
1966 881 2045 914 patris

1903 1239 1911 1248 ”
1923 1238 1941 1262 f.
1955 1237 2065 1270 qualitas

1930 1391 1965 1415 f.
1978 1391 2047 1416 velut

1916 1493 1951 1517 ·f.
1961 1493 2056 1526 Hispa-

1958 1528 2023 1553 niam
