2263 2668
482 146 546 179 DE
572 143 959 179 SIGNIFICATIONE
986 145 1269 184 VERBORUM.
1322 146 1467 180 LIBER
1493 144 1601 181 XVII.
1939 149 2013 184 673

70 248 122 267 suo
144 236 236 267 saltus
260 239 454 268 nominarunt.
495 238 581 268 Haec
601 239 687 267 etiam
713 236 818 267 Graeci
839 235 874 267 τοὶ
897 235 986 268 ἄλσεα
1008 239 1056 269 καὶ
1079 239 1190 280 νομάς,
1214 241 1307 270 nostri
1327 250 1455 271 nemora.
1493 239 1587 267 Varro
1610 237 1659 269 lib.
1671 238 1718 269 IV.
1743 238 1780 268 de
1801 239 1833 269 L.
1851 240 1882 270 L.
1905 240 1966 281 (lib.
1979 244 2012 273 V.

71 290 137 320 pag.
149 283 199 312 38.
225 280 297 320 Sp.).
331 282 429 309 Saltus
451 282 535 310 locus
558 291 686 320 pascuus
709 286 737 309 et
758 281 895 319 sylvosus
917 281 967 310 καὶ
990 278 1147 321 ἀνήροτος.
1185 285 1294 312 Tamen
1318 282 1343 311 si
1366 293 1422 321 qua
1446 282 1591 321 particula
1613 281 1645 310 in
1668 292 1702 310 eo
1725 286 1840 319 aretur,
1863 294 1923 313 non
1945 285 2013 315 ideo

71 324 180 360 saltus,
204 329 238 352 ut
259 334 315 352 nec
337 324 464 361 fundus,
488 326 537 363 qui
560 334 628 361 ager
650 324 748 352 cultus
771 328 829 360 est,
852 323 936 351 fundi
960 333 1066 352 nomen
1089 327 1212 363 amittit,
1237 326 1261 354 si
1283 325 1315 353 in
1339 325 1467 363 quodam
1490 325 1535 352 sui
1558 329 1641 362 parte
1663 324 1761 363 sylvas
1783 324 1896 356 habeat.
1925 327 2014 357 Dac.

70 366 155 394 Adde
182 365 202 396 l.
224 377 290 405 pen.
314 368 337 403 §.
354 370 380 397 1.
395 367 424 395 fl'.
453 367 477 395 si
505 367 605 394 servit.
634 366 715 397 vind.
740 365 865 398 l.25.ff.
889 365 925 394 de
955 366 1099 404 piguorat.
1123 368 1250 400 l.52.ff.
1279 368 1314 396 de
1342 373 1398 396 act.
1421 367 1521 406 empti.
1546 367 1566 397 l.
1580 370 1610 399 8.
1625 366 1654 396 ff.
1678 368 1714 395 de
1741 367 1897 398 instructo.
1941 370 2016 400 Inde

71 408 164 436 saltus
187 419 316 447 pascuus
340 409 358 436 l.
373 412 420 440 19.
437 411 459 446 §.
477 412 504 439 1.
518 408 546 438 ff.
570 409 668 437 locati.
691 409 843 446 saltusque
865 408 1083 447 pastionesque.
1103 410 1122 440 l.
1136 413 1165 443 8.
1180 411 1209 439 ff.
1231 411 1268 439 de
1290 411 1445 439 instructo.
1479 410 1524 438 Ex
1547 408 1593 437 his
1616 419 1670 447 pei·
1690 419 1791 447 greges
1815 415 1844 440 et
1864 412 2015 450 pastiones

69 451 186 479 fructus
214 451 455 489 percipiebantur
478 451 560 481 l.31.
575 451 605 479 ss‘.
628 451 665 479 de
689 451 780 481 ususr.
802 451 862 482 l.9.
876 451 905 479 ff.
930 451 966 479 de
989 451 1143 483 instructo.
1189 453 1269 489 Quin
1298 463 1335 481 ex
1363 453 1518 481 venatione
1548 461 1607 489 arg.
1631 452 1758 483 1.62.ff.
1781 452 1818 481 de
1847 454 2015 485 usufructu.

70 493 186 522 Horum
209 494 257 521 alii
281 494 399 529 aestixi,
436 493 484 521 alii
507 492 622 521 hiberni
645 494 664 523 1.
678 496 728 525 67.
743 493 772 522 ss'.
797 493 833 522 de
855 494 939 531 legat.
958 496 987 524 3.
1012 494 1030 522 Ι.
1043 497 1073 526 3.
1098 497 1121 532 §.
1138 498 1185 526 11.
1210 496 1292 527 1.44.
1317 497 1347 524 in
1371 496 1388 524 f.
1411 495 1441 523 ff.
1465 495 1501 523 de
1524 494 1591 532 adq.
1614 504 1692 532 1³08&
1716 494 1736 522 l.
1752 496 1779 526 1.
1804 497 1827 532 §.
1851 497 1963 526 aestiva
1984 498 2015 530 ff.

71 536 107 564 de
137 536 234 573 aliqua
266 537 381 573 quotid.
426 535 539 563 Horum
570 537 707 564 custodes
737 536 870 564 saltum-ii
893 536 912 564 l.
926 538 975 567 60.
1000 536 1030 564 in
1055 547 1078 564 c.
1101 538 1131 565 ff.
1156 538 1192 566 de
1215 538 1301 575 legal.
1317 540 1345 569 3.
1372 538 1389 568 l.
1406 540 1435 569 8.
1460 537 1488 566 in
1512 537 1532 565 f.
1556 537 1575 566 l.
1590 539 1638 568 12.
1663 537 1770 574 §.4.ff.
1795 537 1832 566 de
1858 540 2014 572 instructo.

70 578 123 606 His
145 578 289 616 adscripti
313 579 484 607 salinenses.
508 579 524 607 l.
541 580 567 607 1.
600 578 671 606 cod.
696 578 731 606 de
754 579 886 615 fugitivis
909 578 1022 606 colonis
1045 579 1094 607 lib.
1107 580 1158 608 XI.
1182 581 1200 608 l.
1216 582 1263 611 13.
1297 581 1367 608 Cod.
1394 580 1445 617 qui
1468 580 1552 608 milit.
1575 578 1625 607 lib.
1638 579 1704 607 XII.
1749 579 1824 608 Hinc
1851 581 2015 612 saltuenses

70 620 166 649 fundi.
189 621 271 652 1.13.
298 622 369 649 Cod.
393 621 429 648 de
454 620 535 648 sund.
559 621 716 658 patrimon.
740 621 808 648 alib.
833 621 880 651 lib.
897 621 947 649 XI.
973 619 1078 651 Gotlz.
1115 621 1222 651 Saluti.
1253 622 1310 650 Alii
1333 622 1443 652 salutis.
1478 621 1643 659 Legendum
1665 621 1768 650 saltuis
1792 623 1841 651 vel
1863 624 1945 661 salti,
1969 626 2016 654 vel

70 664 169 692 saltui.
208 662 282 691 Vide
303 663 428 691 monium
454 664 532 700 (pag.
546 663 617 694 485.
643 662 745 701 Mero.)
769 664 799 691 in
820 662 907 692 Salii.
936 661 1044 691 Idem.
1089 663 1190 693 Saltus
1214 665 1392 694 vocabulum
1416 675 1483 693 cum
1508 665 1640 693 Varrone
1662 664 1681 692 l.
1700 674 1724 694 c.
1752 665 1942 695 Doederlinus
1966 667 2016 696 de-

71 706 149 734 rivat
171 716 187 733 a
210 706 359 741 saliendo,
398 710 430 733 ut
454 707 633 733 Graecorum
659 704 748 741 ἰίλσος
771 706 806 734 ab
831 704 973 735 ἅλλεσθαι
999 705 1177 735 descendere
1200 708 1266 735 vult
1288 708 1376 736 idem.
1422 707 1495 735 Vide
1517 706 1652 735 Doederl.
1675 707 1745 744 Syn.
1769 711 1798 735 et
1819 708 1915 747 Etym.
1940 709 2015 739 Latt.

70 748 191 776 tom.II.
214 750 342 786 pag.92.
367 752 437 775 tom.
453 748 471 775 Ι.
496 757 560 786 pag.
576 750 644 778 176.
686 749 741 776 Res
766 758 826 776 non
850 753 893 776 est
914 748 1083 787 probabilis.
1123 750 1193 777 Nam
1225 755 1290 778 utut
1311 761 1409 778 nemus
1432 750 1552 788 proprie
1574 750 1670 777 locum
1694 759 1837 786 pascuum
1859 751 2016 790 significet,

71 802 87 818 a
109 791 206 828 νέμω,
232 800 338 829 pasco,
368 790 405 818 de
429 800 485 827 quo
509 790 639 818 dubitari
661 790 748 827 licet,
778 789 871 819 saltus
893 801 952 819 non
976 796 1074 829 potest
1097 792 1195 819 locum
1219 793 1355 830 gregibus
1375 792 1530 831 pascendis
1555 796 1655 829 aptum
1679 791 1859 830 significare,
1884 794 1968 832 quia,
1991 794 2016 822 si

71 844 86 862 a
109 833 242 861 saliendo
264 832 474 869 descenderet,
506 843 565 860 non
589 832 726 870 gregibus
749 833 863 869 solum,
894 843 996 861 verum
1021 834 1107 862 etiam
1130 833 1298 863 hominibus
1322 845 1356 863 ac
1379 835 1449 863 feris
1473 834 1510 863 ad
1532 834 1696 862 saliendum
1718 833 1895 864 destinatum
1917 837 2016 865 locum

71 877 233 905 denotaret.
278 876 344 903 hon
375 881 418 903 est
448 875 589 911 dubium,
626 875 695 912 quin
719 874 813 903 saltus
835 876 871 904 sit
893 886 999 904 nomen
1022 876 1214 914 primitivum.
1260 878 1373 906 Graeco
1398 874 1492 913 ἄλης,
1529 886 1603 915 quae
1624 876 1724 905 nativa
1746 881 1789 905 est
1810 877 1922 914 fornia,
1959 889 2015 917 pro

72 929 128 957 qua
153 917 242 954 ἄλσος
263 918 407 954 invaluit,
437 917 600 956 respondet
622 918 756 945 Latinum
779 915 888 954 saltus,
914 918 1087 947 Germanica
1110 918 1213 954 balde,
1243 918 1346 956 Ιιαίᾱε,
1375 920 1462 957 plane
1486 924 1519 949 ut
1541 920 1653 947 Graeco
1677 916 1730 953 ἅλς
1751 920 1913 958 respondet
1936 921 2017 950 Lati-

71 972 140 990 num
163 961 226 998 sal,
251 961 459 989 Germanicum
482 959 561 996 hall,
585 970 692 988 nomen
716 960 848 988 locorum
874 961 987 999 aliquot
1009 961 1038 989 in
1063 962 1233 1000 Germania,
1262 963 1309 990 ubi
1334 967 1400 991 sunt
1424 962 1544 992 salinae.
1588 962 1746 990 Receniior
1767 967 1863 991 autem
1887 973 2016 992 consue-

71 1004 145 1033 tudo
171 1014 206 1032 ex
231 1005 343 1032 Graeco
368 1002 435 1039 ἅλς,
467 1013 502 1031 ex
525 1002 630 1031 Latino
654 1001 702 1032 sal
722 1003 792 1031 fecit
815 1002 893 1041 salz,
924 1004 1012 1043 plane
1035 1009 1067 1033 ut
1090 1014 1126 1032 ex
1151 1004 1264 1033 Graeco
1287 1002 1360 1044 ὕλη,
1385 1005 1490 1034 Latino
1514 1003 1607 1041 silva,
1638 1004 1749 1032 factum
1773 1010 1816 1033 est
1837 1003 1919 1043 holz,
1950 1016 2016 1034 ser—

73 1052 139 1076 vata
163 1052 259 1076 lamen
282 1047 395 1074 Graeca
419 1045 608 1084 aspiratione.

236 1088 468 1129 Superescit.
513 1088 610 1116 Verba
632 1087 703 1116 Attii
726 1087 866 1117 mendosa
889 1093 966 1118 sunt.
989 1088 1076 1117 Ant.
1098 1088 1193 1128 Aug.
1231 1090 1306 1118 Vide
1328 1089 1417 1120 Escit.
1442 1089 1527 1119 Dac.
1560 1088 1639 1117 Dum
1661 1086 1786 1128 quidem.
1817 1089 2014 1128 Hieronymus

73 1131 217 1161 Columna
239 1131 321 1160 hunc
346 1141 462 1160 versum
488 1131 571 1159 alteri
595 1131 760 1166 connectit,
788 1131 840 1169 qui
862 1131 970 1169 legitur
993 1132 1098 1160 Annal.
1120 1132 1171 1160 lib.
1185 1132 1248 1160 VL:

606 1190 648 1195 ——
692 1173 845 1202 Decretum
868 1181 908 1201 est
927 1173 1041 1214 fossuri
1064 1185 1187 1213 corpora
1210 1173 1274 1203 telis

565 1215 642 1244 Dum
666 1214 781 1256 quidem
805 1227 878 1244 unus
900 1215 986 1244 homo
1009 1215 1123 1245 Romae
1146 1224 1214 1255 toga
1236 1217 1398 1255 superescit.

72 1260 136 1288 Hoc
160 1264 219 1296 est,
244 1259 313 1287 duni
338 1259 486 1287 Romanus
509 1259 668 1296 supererit.
701 1259 773 1286 Nam
797 1258 887 1295 togati
911 1259 1053 1295 Romani,
1077 1264 1111 1287 ut
1134 1259 1234 1298 pueris
1257 1263 1368 1287 notum.
1407 1259 1481 1287 Male
1506 1268 1576 1287 vero
1600 1257 1724 1286 Merula:

564 1300 641 1329 Dum
665 1299 780 1341 quidem
803 1312 877 1329 unus
898 1299 984 1329 homo
1008 1299 1107 1335 Roma
1131 1308 1193 1330 iota
1215 1302 1378 1341 superescit.

72 1343 181 1375 Idem.
221 1342 299 1381 Quin
323 1342 399 1371 hinc.
445 1343 570 1371 Forsan:

567 1383 644 1422 Quin
667 1383 734 1412 huic
757 1384 782 1412 si
803 1384 957 1423 superescit
982 1383 1118 1424 Spartam
1145 1393 1232 1425 alque
1254 1384 1400 1426 Amyclas
1427 1383 1522 1413 trado.

71 1428 177 1458 Idem.
209 1425 267 1456 Sed
286 1438 338 1467 per
359 1438 397 1457 se.
428 1426 531 1455 Horat.
554 1427 604 1455 lib.
618 1427 652 1455 Il.
676 1428 734 1456 Sat.
752 1428 786 1463 8,
811 1427 898 1464 (23);

562 1469 762 1498 Nomentanus
785 1475 847 1496 erat
869 1480 953 1507 snper
974 1469 1067 1507 ipsum
1092 1468 1216 1498 Porcius
1239 1469 1330 1511 infra.

71 1512 180 1543 Idem.
218 1511 253 1540 In
277 1510 441 1540 Phasmate.
483 1511 566 1546 Quae
589 1521 668 1540 nunc
693 1511 795 1538 Latino
820 1511 936 1539 nomine
959 1510 1150 1539 Mostellaria
1174 1511 1243 1550 (111,
1269 1515 1303 1549 2,
1327 1513 1376 1543 39.
1392 1510 1477 1549 seq.).
1515 1511 1573 1538 Iam
1598 1519 1695 1548 supra.
1733 1509 1844 1548 Supple
1867 1510 1896 1538 in
1920 1509 2017 1538 verbis

71 1556 184 1585 Plauti:
212 1553 298 1583 Ehem
321 1554 376 1582 vix
399 1552 518 1581 iandem
541 1558 598 1582 etc.
644 1553 739 1581 Verba
763 1558 832 1581 sunt
854 1552 1011 1581 Tranionis
1035 1554 1113 1581 servi
1136 1553 1173 1581 ad
1196 1555 1344 1583 Simonem
1366 1563 1478 1582 senem:

605 1611 646 1616 --
694 1593 798 1633 Quid?
825 1593 912 1623 Ehem
935 1595 990 1623 vix
1012 1593 1129 1623 tandem

564 1636 685 1676 Percepi
706 1648 790 1676 super
812 1636 857 1665 lzis
880 1636 962 1665 rebus
985 1637 1092 1665 nostris
1115 1636 1198 1677 loqui
1221 1645 1254 1667 re.

71 1684 162 1714 Dac.
193 1680 315 1710 Romae.
347 1680 494 1708 Romanis.
523 1677 629 1709 Goth.
664 1679 756 1708 Hinc.
785 1679 823 1707 Si.
848 1677 956 1707 Idem.
994 1679 1027 1707 In
1052 1679 1140 1707 Ennii
1164 1690 1251 1709 versu
1273 1678 1388 1708 Romae
1410 1679 1465 1708 toti
1487 1678 1642 1716 legendum
1666 1678 1716 1706 alii
1739 1683 1925 1708 censuerunt.
1957 1679 2017 1717 Ego

71 1725 145 1755 nihil
167 1723 342 1753 mutandum
365 1727 448 1761 puto.
490 1721 568 1750 Dum
599 1721 715 1761 quidem
744 1733 817 1750 unus
845 1720 931 1749 lzomo
954 1720 1104 1750 Romanu'
1127 1729 1197 1761 toga
1226 1722 1388 1761 superescit.
1434 1721 1464 1749 ln
1493 1719 1608 1761 quidem
1632 1721 1735 1749 ultima
1758 1731 1817 1749 non
1843 1721 1963 1750 eliditur
1986 1726 2019 1751 ut

71 1778 159 1807 saepe
176 1766 255 1806 apud
273 1766 409 1794 Ennium.
445 1764 527 1792 Accii
552 1774 669 1792 versum
693 1764 734 1792 sic
757 1769 831 1803 puto
856 1763 1070 1792 emendandum
1096 1774 1173 1792 esse:
1202 1763 1279 1802 Quin
1302 1764 1349 1793 hic
1372 1764 1397 1792 si
1416 1764 1588 1802 superescit,
1615 1763 1755 1802 Spar-iam
1772 1770 1859 1804 atque
1872 1762 2019 1804 Amyclas

71 1809 188 1840 tradam
210 1810 251 1846 εἰς
281 1812 315 1836 ut
337 1807 440 1836 ultima
464 1808 493 1834 in
517 1817 543 1836 v.
566 1805 704 1845 Spartam
728 1817 787 1834 non
811 1806 947 1835 elidatur.
993 1807 1088 1834 Locus
1112 1807 1209 1835 Plauti
1232 1818 1269 1835 ex
1291 1807 1383 1835 Milite
1406 1806 1513 1844 legitur
1530 1805 1585 1841 IV,
1609 1808 1643 1840 5,
1669 1808 1717 1836 13.
1762 1806 1875 1834 Afranii
1898 1816 2017 1835 versum

70 1855 114 1883 sio
136 1852 254 1891 scripsit
277 1849 416 1879 Botliius:
445 1848 536 1878 Alius
560 1847 594 1876 de
617 1848 699 1877 rebus
721 1856 747 1877 ex
769 1859 827 1888 qua
851 1849 971 1887 coepisti
992 1860 1093 1888 super‚·
1117 1850 1146 1877 id
1172 1849 1251 1888 quod
1276 1860 1327 1888 ego
1351 1859 1410 1877 non
1435 1858 1587 1887 assequor.
1633 1848 1767 1877 Fortasse
1789 1848 1901 1878 voluit:
1923 1846 2018 1877 Aliis

71 1895 106 1925 de
128 1894 226 1932 rebus,
249 1900 275 1921 et
297 1903 354 1933 qua
378 1892 498 1931 coepisti
520 1902 616 1929 super,
642 1891 670 1919 h.
690 1902 713 1919 e.
737 1903 822 1931 quam
846 1902 930 1929 super
952 1902 1011 1930 qua
1034 1892 1161 1930 coepisti.

236 1933 499 1974 Supercilium.
523 1933 580 1971 (Ad
606 1934 733 1973 p.244.)
760 1933 832 1961 Vide
857 1932 972 1962 Cilium.
1017 1933 1107 1963 Dae.

234 1976 308 2006 Sub
337 1977 459 2016 iugum
491 1976 601 2006 mitti.
646 1976 718 2004 Vide
742 1974 855 2014 Iugum.
893 1975 955 2003 Liv.
980 1975 1031 2004 lib.
1044 1976 1096 2006 Ill.
1120 1981 1190 2005 sect.
1203 1978 1254 2008 28.
1302 1977 1342 2005 De
1369 1975 1458 2004 modo
1489 1974 1625 2003 mittendi
1654 1974 1724 2003 vide
1751 1974 1876 2003 eundem
1899 1973 1952 2002 lib.
1963 1974 2016 2004 IX.

71 2026 142 2052 sect.
157 2021 186 2053 5.
229 2019 303 2048 Inde
325 2019 436 2048 factum
459 2018 584 2047 verbum
607 2017 760 2058 subiugare
782 2029 836 2057 pro
860 2018 1022 2055 debellare,
1059 2019 1226 2047 devincere.
1257 2018 1348 2048 Dac.
1392 2017 1454 2058 Ipsi
1481 2028 1554 2048 eam.
1601 2017 1705 2056 Specie
1732 2016 1791 2046 iam
1819 2017 1866 2046 vel
1887 2016 2017 2056 speciem

138 2087 144 2093 ,
192 2060 294 2092 Goth.

70 2075 134 2094 eam
235 2102 402 2133 Subices.
448 2102 561 2131 Gellius
584 2102 636 2133 lib.
649 2102 698 2131 IV.
718 2113 781 2141 cap.
798 2105 846 2134 17.
870 2112 975 2131 versus
996 2102 1086 2131 Ennii
1108 2103 1208 2133 refert.
1239 2101 1317 2143 Ergo
1341 2101 1424 2131 deum
1446 2100 1583 2131 sublimes
1603 2099 1729 2137 subices,
1752 2097 1896 2131 humidus.
1933 2099 2015 2129 Unde

71 2150 164 2178 oritur
185 2145 277 2175 imber
296 2147 393 2174 sonitu
415 2155 500 2174 saevo
522 2152 547 2173 et
570 2145 698 2184 strepitu.
742 2145 856 2173 Nonius
880 2155 949 2173 vero
974 2143 1050 2184 (pag.
1066 2147 1135 2177 168.
1159 2144 1278 2184 Merc.):
1312 2144 1368 2175 Per
1392 2156 1444 2184 ego
1468 2144 1550 2173 deum
1573 2142 1714 2172 sublimas
1734 2140 1845 2172 subices
1866 2141 2010 2172 humidas.

75 2189 158 2220 Unde
181 2190 274 2218 oritur
294 2187 394 2217 imber.
426 2188 557 2216 Faernus
581 2192 682 2216 noster
698 2187 785 2216 Nonii
807 2187 986 2226 scripturam
1009 2187 1118 2226 probat
1141 2193 1169 2217 et
1191 2188 1314 2217 verbum
1338 2186 1425 2216 nubes
1442 2187 1520 2216 Festi
1541 2196 1603 2216 esse
1626 2185 1797 2214 arbitratur.
1815 2184 1906 2214 Ant.
1923 2184 2011 2221 Aug.

71 2233 193 2261 Subices
217 2231 328 2259 Ennius
349 2231 380 2259 in
402 2229 520 2259 Achille
542 2240 598 2269 pro
621 2229 764 2258 subiectis
786 2231 904 2269 posuit,
934 2240 1002 2258 cuin
1026 2230 1102 2258 dixit
1123 2231 1232 2259 nubes:

645 2271 704 2301 Per
724 2283 776 2311 ego
799 2271 882 2301 deum
904 2271 1041 2301 sublimes
1062 2271 1174 2302 subices
1195 2271 1343 2309 humidas,

652 2313 735 2342 Unde
758 2315 850 2343 oritur
872 2313 963 2343 imber
984 2315 1080 2344 sonitu
1101 2326 1185 2345 saeuo
1208 2323 1234 2344 et
1255 2315 1369 2354 spiritu.

72 2357 171 2389 Scal.
208 2359 284 2387 idem
309 2357 347 2386 ad
366 2355 517 2386 Manilium
539 2357 583 2385 sic
605 2356 699 2385 dietas
723 2357 779 2392 ait,
802 2357 882 2395 quod
905 2357 1030 2386 subeant
1053 2358 1207 2395 coelestia,
1232 2358 1381 2396 quomodo
1400 2355 1505 2385 Graeci
1527 2360 1637 2385 vocant
1659 2354 1801 2393 μετέωρα,
1823 2359 1890 2378 ‘¹³¹³
1911 2347 2009 2378 ''dm'‘

72 2408 112 2434 est
137 2401 300 2432 ascendere.
332 2399 457 2429 Praeivit
480 2401 578 2429 forsan
600 2399 729 2428 Nonius:
754 2398 877 2437 Sibicis,
900 2400 1012 2438 inquit,
1034 2410 1106 2429 nove
1125 2402 1268 2440 positum,
1291 2410 1350 2430 non
1371 2411 1390 2429 a
1411 2396 1595 2434 subiciendo,
1618 2396 1668 2427 sed
1689 2392 1842 2425 altitudine
1863 2395 1917 2420 etc.
1949 2390 2007 2420 Sed

118 2453 285 2481 GRAMMAT.
303 2459 369 2477 ιΔτ.
393 2448 427 2476 ll·
1464 2450 1496 2492 Q
1510 2462 1532 2494 q
1547 2462 1568 2493 ‘l
1583 2462 1605 2493 ‘l
