2263 2668
537 137 601 170 DE
635 137 848 172 RATIONE
881 136 1174 172 METRORUM.
1226 140 1369 175 SEGM.
1396 144 1487 178 VIII.
1520 144 1577 178 lx.
1935 148 2009 182 299

591 230 720 266 SEGM.
742 232 832 265 VIII.
883 231 948 265 De
974 233 1285 267 concatenatis
1314 236 1516 279 syllabis.

237 315 407 348 Interdum
434 315 467 348 in
492 313 631 348 heroo²¹
654 328 750 351 versu
770 317 944 351 novissima
968 317 1096 360 syllaba
1125 322 1288 361 superest,
1317 331 1417 364 quam

1477 322 1625 366 sequenti
1651 322 1757 356 versui
1785 322 1923 368 adiungi
1947 336 2007 358 ne—

74 379 163 401 cesse
189 373 237 401 est
255 379 318 412 per
340 363 623 411 synaloepharum,
649 373 685 400 ut
709 374 755 402 est
776 370 834 402 ille
856 380 966 401 versus
986 369 1019 400 in
1042 368 1201 412 Virgilio:

1875 374 1991 420 [1969

299 435 447 479 Iamque
472 435 539 467 iter
563 437 706 477 emensi,
736 441 850 470 turres
877 448 921 470 ac
944 440 1037 470 tecta
1058 436 1266 469 Latinorum
1991 376 2006 423 J

297 486 428 519 Ardua
450 486 636 519 cernebant
645 484 678 519 ²⁴.

74 552 251 586 Scanditur
277 554 364 586 enim
399 553 459 587 sic:
493 551 736 599 Iamqaiterffi,
770 555 935 599 dactylus3
969 566 1082 595 emen,
1119 554 1304 599 spondeus3
1335 555 1366 588 si
1395 560 1468 597 tur,
1502 557 1684 601 spondeus3
1717 568 1774 590 res
1802 569 1862 599 ac,
1899 571 2002 604 spon-

75 604 174 647 deus;
200 608 292 637 tecta
310 604 380 646 La,
408 605 572 648 dactylus;
599 606 685 647 tino,
713 607 889 650 spondeus.
941 606 1125 639 Novissima
1149 617 1258 639 versus
1281 606 1407 649 syllaba
1417 604 1441 624 ²⁶
1464 619 1548 650 quae
1578 614 1725 652 superest
1747 619 1842 649 rum,
1866 622 2004 644 revoca-

73 660 126 689 tur
149 655 193 687 ad
213 660 402 698 sequentem
421 667 551 688 versum
573 668 634 701 per
657 659 915 703 synaloepham,
942 662 978 691 ut
999 658 1128 690 dicatur
1137 654 1178 690 ²⁷:
1205 657 1361 691 Rardua
1384 659 1587 702 cernebant,
1623 665 1655 693 et
1676 665 1793 693 cetera.
1845 661 1936 695 Huic
1961 663 2004 695 si-

73 705 159 740 milis
188 710 219 740 et
240 707 297 740 ille
317 718 426 739 versus
448 704 545 740 θείης

298 774 470 807 Inseritur
487 786 570 808 vero
596 787 639 808 ex
651 775 756 821 foetu
782 777 879 809 nucis
901 775 1045 809 arbutus
1067 774 1217 808 horrida
1225 771 1260 807 ²⁹.

75 840 214 884 Syllaba
244 843 330 875 enim
361 844 553 886 novissima,
580 856 665 887 quae
691 850 738 877 est
759 845 825 884 da,
860 844 902 876 ad
927 848 1117 887 sequentem
1138 854 1268 875 versum
1295 842 1454 883 refertur,
1486 854 1588 886 quare
1615 855 1746 878 necesse
1780 846 1878 878 fuerit
1909 847 1942 880 in
1967 859 2003 881 re

74 890 288 925 istiusmodi³⁰
307 900 497 938 sequentem
519 907 649 929 versum
673 907 692 928 a
710 896 820 930 vocali
841 895 1004 940 incipere,
1030 900 1066 928 ut
1088 894 1295 939 synaloepha
1317 893 1388 927 fieri
1410 895 1513 938 possit
1534 895 1602 939 illa,
1630 907 1728 938 quam
1750 897 1898 931 diximus.

755 1073 886 1109 SEGM.
921 1073 979 1107 IX.
1037 1072 1101 1106 De
1133 1070 1319 1105 casibus.

239 1172 272 1205 1.
325 1172 551 1207 Nominativus
582 1176 686 1208 omnis
711 1188 849 1209 numero
884 1175 1053 1221 singulari,
1086 1175 1143 1219 qui
1174 1186 1215 1208 us
1247 1174 1376 1218 syllaba
1401 1173 1608 1213 terminatur,
1644 1174 1759 1208 eadem
1786 1175 1856 1219 ipsa
1882 1175 2009 1220 syllaba

75 1227 189 1256 natura
214 1223 321 1256 brevis
347 1230 409 1267 est,
436 1231 472 1258 ut
498 1227 624 1269 doctus,
652 1239 755 1268 carus,
783 1232 920 1268 sanctus,
948 1232 981 1259 et
1007 1227 1080 1259 alia.

74 1279 146 1306 tura
173 1275 292 1319 longus
320 1280 384 1318 est,
411 1282 446 1310 ut
472 1277 574 1318 docti,
602 1280 679 1319 cari,
706 1279 816 1312 sancti.

74 1331 203 1366 sancto,
236 1326 348 1361 docto.

75 1592 138 1626 gus
176 1586 239 1621 est,
274 1588 309 1615 ut
345 1583 468 1627 doctis,
502 1587 598 1628 caris,
632 1589 759 1621 sanctis.

74 1638 128 1664 tur
142 1629 177 1675 ³⁶,
227 1633 347 1678 longus
378 1641 441 1680 est,
475 1642 510 1670 ut
549 1638 685 1680 doctos,
728 1650 840 1679 caros,
883 1644 1021 1672 sanctos.

75 1695 138 1728 gus
169 1688 231 1725 est,
258 1691 293 1717 ut
320 1686 427 1730 docti,
452 1689 537 1730 cari,
564 1691 675 1726 sancti.

75 1736 202 1770 sanctis,

78 1852 196 1882 Putsch.
213 1854 413 1893 *synalepham
433 1856 505 1889 cod.
521 1857 592 1886 Bob.
609 1862 642 1886 ut
657 1868 780 1896 semper.
796 1874 838 1879 —
870 1858 918 1893 24)
940 1857 1020 1893 Virg.

78 1895 149 1923 Aen.
164 1895 226 1930 VH,
244 1899 311 1928 160.
327 1908 388 1935 seq.
407 1899 535 1928 Verbum
553 1901 708 1928 cernebant
727 1901 808 1929 deest
824 1900 853 1927 in
867 1900 937 1928 Cod.
948 1900 1019 1928 Bub.

78 1936 181 1965 ardua
201 1937 279 1966 inter
300 1948 402 1968 versus
424 1942 593 1981 ascriptum,
627 1959 667 1964 --
697 1941 743 1983 25)
770 1943 941 1980 laqucitur
962 1952 1020 1969 una

78 1990 151 2008 voce
168 1979 238 2008 Bob.
256 1980 376 2019 lamque
399 1984 454 2011 iter
479 1984 597 2013 Putsch.
619 1986 743 2023 lamque
764 1991 807 2012 ter
827 1986 872 2012 Pe.
907 2000 948 2006 -
975 1986 1019 2017 26)

81 2023 274 2051 Nouissimas
295 2034 388 2051 cun-5·
410 2027 529 2063 syllaba
558 2028 627 2056 cod.
650 2028 719 2056 Bob.
744 2027 795 2055 sed
821 2037 897 2055 corr.
923 2027 1022 2061 cums,

79 2071 113 2093 ut
136 2065 228 2101 igitur
248 2065 437 2096 scribendum
468 2069 618 2098 videatur:
655 2069 803 2107 spondeus
831 2069 1021 2102 novissimus,

79 2109 168 2136 cuius
185 2107 318 2147 syllaba,
343 2119 419 2146 quae
439 2117 569 2148 superest
591 2117 645 2140 cet.
668 2112 725 2140 Sed
744 2111 833 2148 magis
859 2110 954 2148 placet
980 2110 1022 2137 le-

80 2150 139 2178 ctio
158 2150 205 2180 Pe.
224 2154 252 2177 et
270 2150 386 2179 Putsch.
408 2162 494 2190 quam
512 2154 698 2186 retinuimus.
732 2170 773 2175 --
801 2156 844 2186 27)
875 2152 912 2179 Ut
928 2153 954 2178 si
972 2151 1022 2178 dt-

80 2203 133 2220 cws·
155 2193 204 2220 Pe.
228 2191 346 2222 Putsch.
377 2193 414 2220 Ut
437 2194 560 2223 dicatur
581 2196 650 2225 cod.
675 2195 746 2224 Bob.
769 2205 785 2222 a
810 2194 903 2232 prima
922 2203 1021 2229 manu,

80 2245 160 2263 corr.
183 2239 216 2261 ut
236 2233 338 2270 dietam
362 2245 416 2263 nos
435 2237 559 2274 primam
586 2248 703 2266 manum
726 2236 820 2265 secuti
844 2246 953 2264 sumus.
981 2252 1022 2256 —

79 2280 124 2310 28)
151 2276 313 2304 Cernehcmt
343 2282 395 2305 etc.
428 2279 481 2306 Est
518 2279 588 2307 haic
618 2280 728 2307 similis
757 2279 808 2305 ille
840 2288 943 2305 versus
975 2278 1020 2306 Pe.

80 2318 200 2348 Putsch.
230 2334 271 2339 —
298 2317 343 2356 29)
368 2319 446 2356 Virg.
469 2321 573 2357 Georg,
597 2322 638 2357 11,
658 2325 708 2353 69.
727 2321 769 2348 Cf.
790 2330 860 2358 quae
884 2321 920 2348 ad
943 2320 1022 2348 hunc

80 2362 178 2390 locum
203 2361 367 2399 disputavit
389 2362 469 2393 lahn.
490 2364 524 2391 V.
543 2364 586 2391 Cl.
610 2364 640 2392 in
663 2364 707 2392 ed.
734 2363 812 2401 Virg.
831 2363 943 2392 Teubn.
966 2363 1022 2391 Ce-

1134 1226 1305 1260 Genitivus
1332 1226 1447 1265 omnis,
1476 1225 1565 1268 quii
1591 1226 1697 1259 littera
1722 1228 1921 1268 terminatur,
1949 1239 2009 1259 na-

868 1279 1003 1311 Dativus
1031 1278 1133 1311 omnis
1157 1279 1190 1310 in
1214 1274 1266 1310 ο31
1292 1277 1399 1310 littera
1422 1277 1610 1310 terminatus
1636 1278 1755 1322 longus
1783 1283 1840 1318 est,
1867 1284 1902 1311 ut
1918 1289 2006 1320 caro,

402 1329 613 1362 Accusativus
648 1331 762 1370 onmis,
796 1331 852 1374 qui
884 1342 919 1363 m
946 1331 1053 1363 littera
1087 1330 1295 1369 terminatur,
1322 1329 1519 1373 positionem
1554 1335 1738 1373 exspectat,
1766 1335 1821 1362 aut
1853 1330 2007 1373 synaloe-

74 1376 195 1420 pham,
217 1378 294 1420 quia
321 1379 409 1411 nulla
435 1381 561 1423 syllaba
587 1381 619 1413 in
646 1393 679 1414 m
706 1382 834 1415 literam
865 1383 945 1423 exit,
977 1393 1063 1425 quae
1096 1393 1162 1414 non
1194 1381 1387 1413 alterutrum
1417 1377 1595 1423 quaerat32.

74 1429 182 1460 littera
208 1430 397 1463 terminatus
424 1438 538 1465 natura
563 1433 671 1466 brevis
699 1438 764 1472 est,
792 1439 827 1466 ut
841 1431 865 1451 ³³
892 1434 1007 1475 docte,
1036 1444 1126 1475 care,
1152 1437 1271 1465 sancte.

73 1483 124 1511 tus
150 1484 264 1512 natura
289 1480 410 1526 longus
435 1488 502 1524 est,
530 1488 565 1516 ut
591 1485 634 1516 ab
661 1484 728 1518 hoc
755 1485 876 1527 docto,
904 1496 993 1527 car-0,
1019 1489 1141 1518 sancto.

75 1530 184 1571 finiet,
210 1530 361 1576 longus³⁴
384 1539 432 1566 est
456 1541 589 1576 natura,
616 1541 651 1568 ut
676 1536 713 1568 hi
740 1536 847 1575 docti,
875 1537 960 1577 cari,
988 1536 1098 1569 sancti.

1649 1381 1826 1414 Vocativus
1859 1381 1962 1414 omnis
1989 1391 2008 1414 e

1325 1431 1496 1464 Ablativus
1531 1432 1635 1464 omnis
1668 1444 1687 1465 ο
1721 1433 1826 1464 littera
1852 1432 2008 1465 termina-

1194 1485 1280 1516 Nam
1307 1483 1446 1527 pluralis
1472 1484 1689 1516 nominativus
1716 1484 1819 1516 omnis
1845 1483 1876 1515 in
1903 1484 2007 1516 icum

1151 1535 1288 1568 Dativus
1314 1534 1419 1566 omnis
1445 1534 1581 1577 pluralis
1607 1535 1639 1566 in
1666 1535 1695 1567 is
1720 1535 1909 1567 terminatus
1935 1535 2007 1567 lon-

818 1588 1032 1621 Accusativus
1067 1587 1205 1631 pluralis
1239 1586 1272 1617 in
1305 1585 1375 1625 his,
1414 1585 1470 1627 qui
1486 1581 1510 1602 ³5
1545 1586 1577 1617 in
1616 1596 1654 1618 os
1693 1586 1853 1628 syllabam
1890 1586 2011 1618 finiun-

1083 1632 1294 1670 vocativus³⁷
1324 1635 1459 1679 pluralis
1492 1635 1525 1667 in
1561 1636 1573 1668 i
1606 1636 1746 1668 litteram
1776 1637 1901 1677 finitus,
1934 1638 2009 1669 lon-

729 1691 900 1723 Ablativus
925 1701 1032 1734 aeque
1055 1690 1177 1733 longus
1199 1688 1254 1731 qui
1277 1687 1309 1719 in
1334 1687 1363 1719 is
1387 1683 1538 1728 finitur³³‚
1567 1691 1602 1719 ut
1626 1688 1669 1719 ab
1691 1687 1742 1719 his
1769 1688 1886 1728 doctis,
1913 1688 2007 1728 caris,

1064 1861 1158 1885 terum
1181 1853 1260 1892 apud
1291 1853 1373 1881 hunc
1398 1853 1524 1881 Gramm.
1545 1852 1701 1890 legendum
1725 1858 1769 1882 est
1789 1855 1932 1891 etfoetu
1952 1863 2008 1892 pro

1063 1909 1101 1927 ex
1117 1899 1214 1935 foetu.
1236 1911 1278 1916 -
1306 1895 1357 1932 30)
1381 1894 1417 1923 In
1436 1906 1466 1922 re
1479 1895 1660 1925 istiusmodi.
1681 1896 1724 1924 Ita
1749 1902 1829 1925 recte
1845 1897 1915 1925 cod.
1936 1896 2007 1925 Βοὴ.

1065 1941 1099 1970 ln
1121 1951 1150 1967 re
1173 1939 1279 1966 desunt
1298 1938 1329 1966 in
1351 1938 1395 1966 Pe.
1413 1942 1441 1966 et
1464 1937 1580 1968 Putsch.
1604 1955 1646 1960 —
1667 1939 1714 1976 31)
1737 1940 1875 1967 Dativus
1897 1950 2009 1977 ⁷semper·

1065 1983 1116 2021 qai
1131 1992 1147 2009 0
1164 1982 1208 2010 Pe.
1226 1979 1346 2008 Putsch.
1370 1995 1410 2001 —
1425 1982 1469 2015 32)
1489 1980 1654 2019 Utrumque
1674 1988 1802 2018 quaerat
1822 1983 1870 2011 Pe.
1886 1981 2007 2012 Putsch.

1067 2042 1101 2046 -—
1120 2027 1165 2057 33)
1189 2022 1295 2051 Breuis
1318 2027 1359 2049 est
1377 2027 1489 2050 natura
1508 2028 1542 2050 ut
1563 2024 1609 2052 Pe.
1633 2023 1751 2052 Putsch.
1775 2041 1817 2045 —-
1838 2023 1883 2061 34)
1903 2024 2009 2052 Omnis

1065 2068 1097 2094 in
1113 2067 1124 2092 ι’
1138 2065 1287 2103 cumfiet,
1310 2065 1418 2103 longas
1437 2065 1508 2094 Bob.
1524 2066 1648 2094 sortasse
1666 2071 1757 2095 recte.
1782 2066 1838 2094 Sed
1856 2067 1924 2104 quia
1938 2066 2009 2094 huie

1065 2108 1206 2146 scriptori
1223 2107 1358 2135 usitatius
1376 2112 1420 2134 est
1442 2107 1473 2135 in
1494 2107 1639 2136 similibus
1659 2118 1687 2136 V.
1700 2109 1812 2146 finire,
1835 2109 1940 2147 scripsi
1961 2109 2010 2147 fi,—

1064 2152 1133 2179 niet.
1157 2165 1198 2171 —-
1223 2151 1327 2178 Omnis
1350 2160 1418 2178 cum
1441 2150 1596 2187 bfim'tzcr,
1625 2151 1733 2189 longas
1753 2152 1799 2180 Pe.
1820 2150 1937 2181 Putsch.
1968 2166 2010 2172 -

1063 2192 1109 2231 35)
1132 2192 1339 2220 Accusatt'vus
1355 2193 1452 2220 omnis
1463 2193 1600 2230 plurali-5·
1616 2195 1668 2231 qui
1694 2195 1740 2222 Pe.
1763 2193 1879 2223 Putsch.
1903 2209 1944 2215 -
1964 2195 2007 2229 36)

1065 2236 1187 2263 ,Finitur
1210 2235 1254 2263 Pe.
1271 2234 1390 2263 Putsch.
1409 2235 1485 2264 Tum
1506 2241 1619 2263 natura
1640 2236 1750 2274 longus
1766 2242 1808 2264 est
1828 2237 1873 2264 Pe.
1890 2233 2007 2264 Putsch.

1065 2283 1178 2305 natura
1192 2277 1273 2305 abest
1291 2277 1320 2305 in
1340 2277 1411 2306 Cod.
1428 2277 1498 2307 Bob.
1513 2295 1551 2299 —
1573 2278 1620 2315 37)
1644 2279 1751 2307 onmis
1772 2278 1801 2306 h.
1824 2278 1845 2307 l.
1870 2278 2009 2314 interp&-

1066 2320 1145 2348 nilur
1165 2319 1195 2348 in
1214 2320 1259 2349 Pe.
1279 2319 1398 2348 Putseh.
1421 2337 1460 2342 —
1483 2321 1530 2356 38)
1551 2320 1719 2348 Ablatisus
1734 2321 1831 2348 omni-s·
1851 2321 1904 2357 qui
1924 2320 1955 2345 in
1975 2319 2009 2344 is

1057 2362 1172 2400 finitur
1187 2373 1278 2401 aeque
1295 2362 1405 2401 longus
1425 2368 1467 2390 est
1488 2363 1534 2391 Pe.
1559 2362 1678 2392 Putsch.
1693 2363 1816 2392 fortasse
1838 2361 1948 2389 melius.

1474 2406 1584 2450 Pp*
