<?xml version="1.0" encoding="UTF-8"?>
<!DOCTYPE html PUBLIC "-//W3C//DTD XHTML 1.0 Transitional//EN"
    "http://www.w3.org/TR/xhtml1/DTD/xhtml1-transitional.dtd">
<html xmlns="http://www.w3.org/1999/xhtml" xml:lang="en" lang="en">
 <head>
  <title>
</title>
<meta http-equiv="Content-Type" content="text/html;charset=utf-8" />
  <meta name='ocr-system' content='tesseract 3.04.00' />
  <meta name='ocr-capabilities' content='ocr_page ocr_carea ocr_par ocr_line ocrx_word'/>
</head>
<body>
  <div class='ocr_page' id='page_1' title='image "./corpusgrammatico01linduoft_0611.png"; bbox 0 0 2263 2668; ppageno 0'>
   <div class='ocr_carea' id='block_1_1' title="bbox 422 175 1869 212">
    <p class='ocr_par' dir='ltr' id='par_1_1' title="bbox 422 175 1869 212">
     <span class='ocr_line' id='line_1_1' title="bbox 422 175 1869 212; baseline -0.001 -1"><span class='ocrx_word' id='word_1_1' title='bbox 422 177 486 211; x_wconf 90' lang='lat' dir='ltr'>DE</span> <span class='ocrx_word' id='word_1_2' title='bbox 514 176 787 212; x_wconf 88' lang='lat' dir='ltr'><strong>VERBORUM</strong></span> <span class='ocrx_word' id='word_1_3' title='bbox 811 175 1201 212; x_wconf 86' lang='lat' dir='ltr'><strong>SIGNIFICATIONE</strong></span> <span class='ocrx_word' id='word_1_4' title='bbox 1227 176 1539 212; x_wconf 87' lang='lat' dir='ltr'><strong>FRAGMENTA.</strong></span> <span class='ocrx_word' id='word_1_5' title='bbox 1795 176 1869 210; x_wconf 80' lang='lat'>189</span> 
     </span>
    </p>
   </div>
   <div class='ocr_carea' id='block_1_2' title="bbox 94 270 1867 576">
    <p class='ocr_par' dir='ltr' id='par_1_2' title="bbox 94 270 1867 576">
     <span class='ocr_line' id='line_1_2' title="bbox 97 270 1866 316; baseline -0.003 -8"><span class='ocrx_word' id='word_1_6' title='bbox 97 274 258 308; x_wconf 87' lang='lat' dir='ltr'>orationes</span> <span class='ocrx_word' id='word_1_7' title='bbox 283 283 419 315; x_wconf 92' lang='lat' dir='ltr'>quoque</span> <span class='ocrx_word' id='word_1_8' title='bbox 443 282 559 304; x_wconf 90' lang='lat' dir='ltr'>eorum</span> <span class='ocrx_word' id='word_1_9' title='bbox 585 278 754 307; x_wconf 87' lang='lat' dir='ltr'>vocantur.</span> <span class='ocrx_word' id='word_1_10' title='bbox 815 271 948 306; x_wconf 86' lang='lat' dir='ltr'>Orata</span> <span class='ocrx_word' id='word_1_11' title='bbox 979 281 1085 315; x_wconf 85' lang='lat' dir='ltr'>genus</span> <span class='ocrx_word' id='word_1_12' title='bbox 1111 270 1210 314; x_wconf 91' lang='lat' dir='ltr'>piscis</span> <span class='ocrx_word' id='word_1_13' title='bbox 1236 271 1426 316; x_wconf 87' lang='lat' dir='ltr'>appellatur</span> <span class='ocrx_word' id='word_1_14' title='bbox 1452 283 1471 304; x_wconf 93' lang='lat' dir='ltr'>a</span> <span class='ocrx_word' id='word_1_15' title='bbox 1498 271 1614 305; x_wconf 88' lang='lat' dir='ltr'>colore</span> <span class='ocrx_word' id='word_1_16' title='bbox 1641 271 1730 311; x_wconf 84' lang='lat' dir='ltr'>auri,</span> <span class='ocrx_word' id='word_1_17' title='bbox 1773 270 1866 314; x_wconf 87' lang='lat' dir='ltr'>quod</span> 
     </span>
     <span class='ocr_line' id='line_1_3' title="bbox 96 321 1867 367; baseline -0.003 -7"><span class='ocrx_word' id='word_1_18' title='bbox 96 325 206 360; x_wconf 87' lang='lat' dir='ltr'>rustici</span> <span class='ocrx_word' id='word_1_19' title='bbox 236 335 330 357; x_wconf 89' lang='lat' dir='ltr'>orum</span> <span class='ocrx_word' id='word_1_20' title='bbox 358 323 532 363; x_wconf 82' lang='lat' dir='ltr'>dicebant,</span> <span class='ocrx_word' id='word_1_21' title='bbox 576 328 612 356; x_wconf 89' lang='lat' dir='ltr'>ut</span> <span class='ocrx_word' id='word_1_22' title='bbox 638 324 819 363; x_wconf 83' lang='lat' dir='ltr'>auriculas,</span> <span class='ocrx_word' id='word_1_23' title='bbox 859 322 1009 356; x_wconf 86' lang='lat' dir='ltr'><strong>oriculas.</strong></span> <span class='ocrx_word' id='word_1_24' title='bbox 1044 322 1155 365; x_wconf 90' lang='lat' dir='ltr'>itaque</span> <span class='ocrx_word' id='word_1_25' title='bbox 1182 323 1339 367; x_wconf 86' lang='lat' dir='ltr'>Sergium</span> <span class='ocrx_word' id='word_1_26' title='bbox 1363 334 1497 366; x_wconf 89' lang='lat' dir='ltr'>quoque</span> <span class='ocrx_word' id='word_1_27' title='bbox 1525 321 1692 366; x_wconf 86' lang='lat' dir='ltr'>quendam</span> <span class='ocrx_word' id='word_1_28' title='bbox 1727 321 1867 366; x_wconf 90' lang='lat' dir='ltr'>praedi-</span> 
     </span>
     <span class='ocr_line' id='line_1_4' title="bbox 96 373 1866 420; baseline -0.003 -10"><span class='ocrx_word' id='word_1_29' title='bbox 96 378 213 418; x_wconf 82' lang='lat' dir='ltr'>vitem,</span> <span class='ocrx_word' id='word_1_30' title='bbox 240 375 332 420; x_wconf 93' lang='lat' dir='ltr'>quod</span> <span class='ocrx_word' id='word_1_31' title='bbox 357 380 389 408; x_wconf 91' lang='lat' dir='ltr'>et</span> <span class='ocrx_word' id='word_1_32' title='bbox 412 374 542 408; x_wconf 88' lang='lat' dir='ltr'>duobus</span> <span class='ocrx_word' id='word_1_33' title='bbox 571 376 673 408; x_wconf 90' lang='lat' dir='ltr'>anulis</span> <span class='ocrx_word' id='word_1_34' title='bbox 701 376 824 416; x_wconf 86' lang='lat' dir='ltr'>aureis,</span> <span class='ocrx_word' id='word_1_35' title='bbox 852 379 883 407; x_wconf 88' lang='lat' dir='ltr'>et</span> <span class='ocrx_word' id='word_1_36' title='bbox 909 373 1090 419; x_wconf 83' lang='lat' dir='ltr'>grandibus</span> <span class='ocrx_word' id='word_1_37' title='bbox 1117 378 1280 415; x_wconf 90' lang='lat' dir='ltr'>uteretur,</span> <span class='ocrx_word' id='word_1_38' title='bbox 1309 373 1481 408; x_wconf 84' lang='lat' dir='ltr'><strong>Oratam</strong></span> <span class='ocrx_word' id='word_1_39' title='bbox 1509 374 1623 408; x_wconf 89' lang='lat' dir='ltr'>dicunt</span> <span class='ocrx_word' id='word_1_40' title='bbox 1650 384 1717 406; x_wconf 85' lang='lat' dir='ltr'>esse</span> <span class='ocrx_word' id='word_1_41' title='bbox 1744 373 1866 418; x_wconf 92' lang='lat' dir='ltr'>appel-</span> 
     </span>
     <span class='ocr_line' id='line_1_5' title="bbox 94 424 1865 471; baseline -0.003 -9"><span class='ocrx_word' id='word_1_42' title='bbox 94 429 208 462; x_wconf 90' lang='lat' dir='ltr'>latum.</span> <span class='ocrx_word' id='word_1_43' title='bbox 263 424 408 461; x_wconf 83' lang='lat' dir='ltr'>Orae⁵</span> <span class='ocrx_word' id='word_1_44' title='bbox 431 431 596 459; x_wconf 81' lang='lat' dir='ltr'>extremae</span> <span class='ocrx_word' id='word_1_45' title='bbox 623 432 734 471; x_wconf 88' lang='lat' dir='ltr'>partes</span> <span class='ocrx_word' id='word_1_46' title='bbox 760 432 936 466; x_wconf 91' lang='lat' dir='ltr'>terrarum,</span> <span class='ocrx_word' id='word_1_47' title='bbox 962 425 996 457; x_wconf 91' lang='lat' dir='ltr'>id</span> <span class='ocrx_word' id='word_1_48' title='bbox 1020 430 1084 467; x_wconf 89' lang='lat' dir='ltr'>est,</span> <span class='ocrx_word' id='word_1_49' title='bbox 1111 426 1297 458; x_wconf 82' lang='lat' dir='ltr'>maritimae</span> <span class='ocrx_word' id='word_1_50' title='bbox 1324 426 1496 469; x_wconf 87' lang='lat' dir='ltr'>dicuutur,</span> <span class='ocrx_word' id='word_1_51' title='bbox 1523 426 1612 459; x_wconf 89' lang='lat' dir='ltr'>uude</span> <span class='ocrx_word' id='word_1_52' title='bbox 1636 430 1667 457; x_wconf 89' lang='lat' dir='ltr'>et</span> <span class='ocrx_word' id='word_1_53' title='bbox 1689 425 1865 458; x_wconf 85' lang='lat' dir='ltr'>vestimen-</span> 
     </span>
     <span class='ocr_line' id='line_1_6' title="bbox 94 476 1865 522; baseline -0.003 -8"><span class='ocrx_word' id='word_1_54' title='bbox 94 488 203 514; x_wconf 90' lang='lat' dir='ltr'>torum</span> <span class='ocrx_word' id='word_1_55' title='bbox 227 484 392 512; x_wconf 79' lang='lat' dir='ltr'>extremae</span> <span class='ocrx_word' id='word_1_56' title='bbox 411 482 537 522; x_wconf 88' lang='lat' dir='ltr'>partes,</span> <span class='ocrx_word' id='word_1_57' title='bbox 566 489 652 521; x_wconf 86' lang='lat' dir='ltr'>quae</span> <span class='ocrx_word' id='word_1_58' title='bbox 679 478 815 522; x_wconf 89' lang='lat' dir='ltr'>quidem</span> <span class='ocrx_word' id='word_1_59' title='bbox 842 482 874 511; x_wconf 91' lang='lat' dir='ltr'>et</span> <span class='ocrx_word' id='word_1_60' title='bbox 897 477 1024 521; x_wconf 88' lang='lat' dir='ltr'>primae</span> <span class='ocrx_word' id='word_1_61' title='bbox 1051 476 1118 510; x_wconf 90' lang='lat' dir='ltr'>dici</span> <span class='ocrx_word' id='word_1_62' title='bbox 1143 482 1288 522; x_wconf 84' lang='lat' dir='ltr'><strong>possunt.</strong></span> <span class='ocrx_word' id='word_1_63' title='bbox 1341 476 1504 512; x_wconf 85' lang='lat' dir='ltr'>Caecilius</span> <span class='ocrx_word' id='word_1_64' title='bbox 1531 478 1562 510; x_wconf 89' lang='lat' dir='ltr'>iu</span> <span class='ocrx_word' id='word_1_65' title='bbox 1582 476 1766 510; x_wconf 81' lang='lat' dir='ltr'>Aethrione</span> <span class='ocrx_word' id='word_1_66' title='bbox 1789 487 1865 509; x_wconf 80' lang='lat' dir='ltr'>usus</span> 
     </span>
     <span class='ocr_line' id='line_1_7' title="bbox 96 530 645 576; baseline -0.007 -10"><span class='ocrx_word' id='word_1_67' title='bbox 96 537 144 566; x_wconf 87' lang='lat' dir='ltr'>est</span> <span class='ocrx_word' id='word_1_68' title='bbox 169 542 232 576; x_wconf 88' lang='lat' dir='ltr'>pro</span> <span class='ocrx_word' id='word_1_69' title='bbox 259 530 352 563; x_wconf 92' lang='lat' dir='ltr'>initio</span> <span class='ocrx_word' id='word_1_70' title='bbox 378 530 442 572; x_wconf 89' lang='lat' dir='ltr'>rei,</span> <span class='ocrx_word' id='word_1_71' title='bbox 480 540 556 562; x_wconf 87' lang='lat' dir='ltr'>cum</span> <span class='ocrx_word' id='word_1_72' title='bbox 584 531 645 562; x_wconf 88' lang='lat' dir='ltr'>ait:</span> 
     </span>
    </p>
   </div>
   <div class='ocr_carea' id='block_1_3' title="bbox 96 579 2040 815">
    <p class='ocr_par' dir='ltr' id='par_1_3' title="bbox 96 579 2040 815">
     <span class='ocr_line' id='line_1_8' title="bbox 197 579 2040 625; baseline -0.003 -11"><span class='ocrx_word' id='word_1_73' title='bbox 197 593 307 614; x_wconf 87' lang='lat' dir='ltr'>oram</span> <span class='ocrx_word' id='word_1_74' title='bbox 335 582 536 625; x_wconf 88' lang='lat' dir='ltr'>reperire</span> <span class='ocrx_word' id='word_1_75' title='bbox 562 581 723 613; x_wconf 90' lang='lat' dir='ltr'>nullam</span> <span class='ocrx_word' id='word_1_76' title='bbox 750 592 867 624; x_wconf 90' lang='lat' dir='ltr'>quam</span> <span class='ocrx_word' id='word_1_77' title='bbox 887 584 898 597; x_wconf 78' lang='grc'><strong><em>*</em></strong></span> <span class='ocrx_word' id='word_1_78' title='bbox 924 579 1170 624; x_wconf 86' lang='lat' dir='ltr'>expediam,</span> <span class='ocrx_word' id='word_1_79' title='bbox 1209 590 1329 622; x_wconf 90' lang='lat' dir='ltr'>queo.</span> <span class='ocrx_word' id='word_1_80' title='bbox 1875 585 1913 609; x_wconf 67' lang='grc' dir='ltr'>ἐ.</span> <span class='ocrx_word' id='word_1_81' title='bbox 1934 592 1985 618; x_wconf 84' lang='lat' dir='ltr'>qua</span> <span class='ocrx_word' id='word_1_82' title='bbox 2002 592 2040 609; x_wconf 75' lang='lat' dir='ltr'>me</span> 
     </span>
     <span class='ocr_line' id='line_1_9' title="bbox 96 631 1225 675; baseline -0.004 -8"><span class='ocrx_word' id='word_1_83' title='bbox 96 633 250 671; x_wconf 80' lang='lat' dir='ltr'>Oreae,</span> <span class='ocrx_word' id='word_1_84' title='bbox 288 632 391 674; x_wconf 88' lang='lat' dir='ltr'>freni,</span> <span class='ocrx_word' id='word_1_85' title='bbox 430 632 521 675; x_wconf 91' lang='lat' dir='ltr'>quod</span> <span class='ocrx_word' id='word_1_86' title='bbox 549 634 599 665; x_wconf 89' lang='lat' dir='ltr'>ori</span> <span class='ocrx_word' id='word_1_87' title='bbox 626 632 818 665; x_wconf 84' lang='lat' dir='ltr'>inferuntur.</span> <span class='ocrx_word' id='word_1_88' title='bbox 870 631 1010 663; x_wconf 84' lang='lat' dir='ltr'>Titinius</span> <span class='ocrx_word' id='word_1_89' title='bbox 1036 631 1069 662; x_wconf 93' lang='lat' dir='ltr'>in</span> <span class='ocrx_word' id='word_1_90' title='bbox 1096 631 1225 663; x_wconf 86' lang='lat' dir='ltr'>Setina:</span> 
     </span>
     <span class='ocr_line' id='line_1_10' title="bbox 198 682 2040 729; baseline -0.003 -13"><span class='ocrx_word' id='word_1_91' title='bbox 198 690 237 717; x_wconf 87' lang='lat' dir='ltr'>et</span> <span class='ocrx_word' id='word_1_92' title='bbox 263 685 297 716; x_wconf 87' lang='lat' dir='ltr'>si</span> <span class='ocrx_word' id='word_1_93' title='bbox 322 683 502 723; x_wconf 85' lang='lat' dir='ltr'>tacebit,</span> <span class='ocrx_word' id='word_1_94' title='bbox 541 690 675 717; x_wconf 87' lang='lat' dir='ltr'>tamen</span> <span class='ocrx_word' id='word_1_95' title='bbox 703 683 912 729; x_wconf 84' lang='lat' dir='ltr'>gaudebit</span> <span class='ocrx_word' id='word_1_96' title='bbox 936 683 1015 715; x_wconf 89' lang='lat' dir='ltr'>sibi</span> <span class='ocrx_word' id='word_1_97' title='bbox 1039 682 1212 727; x_wconf 87' lang='lat' dir='ltr'>promiti</span> <span class='ocrx_word' id='word_1_98' title='bbox 1240 685 1393 715; x_wconf 84' lang='lat' dir='ltr'>oreae*</span> <span class='ocrx_word' id='word_1_99' title='bbox 1876 688 1910 712; x_wconf 65' lang='lat' dir='ltr'>*fi</span> <span class='ocrx_word' id='word_1_100' title='bbox 1927 686 2040 720; x_wconf 77' lang='lat' dir='ltr'>permitti</span> 
     </span>
     <span class='ocr_line' id='line_1_11' title="bbox 96 729 1994 769; baseline -0.004 -1"><span class='ocrx_word' id='word_1_101' title='bbox 96 742 129 769; x_wconf 87' lang='lat' dir='ltr'>et</span> <span class='ocrx_word' id='word_1_102' title='bbox 154 736 296 769; x_wconf 86' lang='lat' dir='ltr'>Naevius</span> <span class='ocrx_word' id='word_1_103' title='bbox 322 736 354 767; x_wconf 94' lang='lat' dir='ltr'>in</span> <span class='ocrx_word' id='word_1_104' title='bbox 380 735 540 768; x_wconf 85' lang='lat' dir='ltr'>Hariolo:</span> <span class='ocrx_word' id='word_1_105' title='bbox 1920 729 1994 747; x_wconf 81' lang='lat' dir='ltr'>oreas</span> 
     </span>
     <span class='ocr_line' id='line_1_12' title="bbox 1875 788 2040 815; baseline -0.018 0"><span class='ocrx_word' id='word_1_106' title='bbox 1875 788 2040 815; x_wconf 75' lang='lat' dir='ltr'>*f.Leonisi</span> 
     </span>
    </p>
   </div>
   <div class='ocr_carea' id='block_1_4' title="bbox 93 785 2041 1502">
    <p class='ocr_par' dir='ltr' id='par_1_4' title="bbox 93 785 2041 1502">
     <span class='ocr_line' id='line_1_13' title="bbox 195 785 1103 832; baseline -0.002 -13"><span class='ocrx_word' id='word_1_107' title='bbox 195 787 417 832; x_wconf 85' lang='lat' dir='ltr'>Deprandi</span> <span class='ocrx_word' id='word_1_108' title='bbox 443 791 578 820; x_wconf 90' lang='lat' dir='ltr'>autem</span> <span class='ocrx_word' id='word_1_109' title='bbox 606 788 761 820; x_wconf 82' lang='lat' dir='ltr'>Leonis</span> <span class='ocrx_word' id='word_1_110' title='bbox 776 790 789 804; x_wconf 82' lang='lat'>*</span> <span class='ocrx_word' id='word_1_111' title='bbox 811 785 946 819; x_wconf 90' lang='lat' dir='ltr'>obdas</span> <span class='ocrx_word' id='word_1_112' title='bbox 972 796 1103 818; x_wconf 91' lang='lat' dir='ltr'>oreas.</span> 
     </span>
     <span class='ocr_line' id='line_1_14' title="bbox 95 832 1865 884; baseline -0.005 -12"><span class='ocrx_word' id='word_1_113' title='bbox 95 839 180 873; x_wconf 92' lang='lat' dir='ltr'>Cato</span> <span class='ocrx_word' id='word_1_114' title='bbox 209 839 374 884; x_wconf 82' lang='lat' dir='ltr'>originum</span> <span class='ocrx_word' id='word_1_115' title='bbox 394 838 432 871; x_wconf 89' lang='lat' dir='ltr'>L.</span> <span class='ocrx_word' id='word_1_116' title='bbox 452 838 529 871; x_wconf 70' lang='grc' dir='ltr'>ΙΙΙ-ι</span> <span class='ocrx_word' id='word_1_117' title='bbox 556 850 684 882; x_wconf 87' lang='lat' dir='ltr'>equos</span> <span class='ocrx_word' id='word_1_118' title='bbox 710 837 949 883; x_wconf 87' lang='lat' dir='ltr'>respondit:</span> <span class='ocrx_word' id='word_1_119' title='bbox 977 848 1094 870; x_wconf 85' lang='lat' dir='ltr'>oreas</span> <span class='ocrx_word' id='word_1_120' title='bbox 1122 835 1224 869; x_wconf 86' lang='lat' dir='ltr'>mihi</span> <span class='ocrx_word' id='word_1_121' title='bbox 1249 835 1366 876; x_wconf 85' lang='lat' dir='ltr'>inde,</span> <span class='ocrx_word' id='word_1_122' title='bbox 1393 834 1472 866; x_wconf 89' lang='lat' dir='ltr'>tibi</span> <span class='ocrx_word' id='word_1_123' title='bbox 1501 844 1604 878; x_wconf 90' lang='lat' dir='ltr'>cape</span> <span class='ocrx_word' id='word_1_124' title='bbox 1630 832 1865 877; x_wconf 84' lang='lat' dir='ltr'>flagellum.</span> 
     </span>
     <span class='ocr_line' id='line_1_15' title="bbox 95 883 2041 935; baseline -0.005 -11"><span class='ocrx_word' id='word_1_125' title='bbox 95 891 231 924; x_wconf 86' lang='lat' dir='ltr'>Coelius</span> <span class='ocrx_word' id='word_1_126' title='bbox 263 901 327 935; x_wconf 86' lang='lat' dir='ltr'>pro</span> <span class='ocrx_word' id='word_1_127' title='bbox 361 901 394 923; x_wconf 88' lang='lat' dir='ltr'>se</span> <span class='ocrx_word' id='word_1_128' title='bbox 428 889 519 934; x_wconf 87' lang='lat' dir='ltr'>apud</span> <span class='ocrx_word' id='word_1_129' title='bbox 551 891 735 935; x_wconf 87' lang='lat' dir='ltr'>populum:</span> <span class='ocrx_word' id='word_1_130' title='bbox 785 900 995 932; x_wconf 87' lang='lat' dir='ltr'>equusque</span> <span class='ocrx_word' id='word_1_131' title='bbox 1010 892 1023 906; x_wconf 77' lang='lat'>*</span> <span class='ocrx_word' id='word_1_132' title='bbox 1056 888 1160 921; x_wconf 90' lang='lat' dir='ltr'>mihi</span> <span class='ocrx_word' id='word_1_133' title='bbox 1193 888 1265 920; x_wconf 90' lang='lat' dir='ltr'>sub</span> <span class='ocrx_word' id='word_1_134' title='bbox 1299 885 1527 919; x_wconf 87' lang='lat' dir='ltr'>feminibus</span> <span class='ocrx_word' id='word_1_135' title='bbox 1561 885 1726 917; x_wconf 85' lang='lat' dir='ltr'>occisus</span> <span class='ocrx_word' id='word_1_136' title='bbox 1761 883 2041 923; x_wconf 76' lang='lat' dir='ltr'>erat,⁸f·equ⁰qui</span> 
     </span>
     <span class='ocr_line' id='line_1_16' title="bbox 95 934 1868 987; baseline -0.005 -13"><span class='ocrx_word' id='word_1_137' title='bbox 95 953 220 975; x_wconf 88' lang='lat' dir='ltr'>oreas</span> <span class='ocrx_word' id='word_1_138' title='bbox 255 941 443 975; x_wconf 88' lang='lat' dir='ltr'>detraho</span> <span class='ocrx_word' id='word_1_139' title='bbox 481 942 757 987; x_wconf 79' lang='lat' dir='ltr'>inspectante</span> <span class='ocrx_word' id='word_1_140' title='bbox 782 941 915 975; x_wconf 91' lang='lat' dir='ltr'>Lucio</span> <span class='ocrx_word' id='word_1_141' title='bbox 948 940 1171 973; x_wconf 79' lang='lat' dir='ltr'>Stertinio.</span> <span class='ocrx_word' id='word_1_142' title='bbox 1216 938 1349 972; x_wconf 88' lang='lat' dir='ltr'>Oreos</span> <span class='ocrx_word' id='word_1_143' title='bbox 1389 937 1476 970; x_wconf 87' lang='lat' dir='ltr'>liber</span> <span class='ocrx_word' id='word_1_144' title='bbox 1505 940 1619 981; x_wconf 89' lang='lat' dir='ltr'>pater,</span> <span class='ocrx_word' id='word_1_145' title='bbox 1669 940 1701 968; x_wconf 89' lang='lat' dir='ltr'>et</span> <span class='ocrx_word' id='word_1_146' title='bbox 1728 934 1868 967; x_wconf 90' lang='lat' dir='ltr'>oreades</span> 
     </span>
     <span class='ocr_line' id='line_1_17' title="bbox 94 985 1869 1038; baseline -0.005 -12"><span class='ocrx_word' id='word_1_147' title='bbox 94 993 276 1038; x_wconf 80' lang='lat' dir='ltr'>Nymphae</span> <span class='ocrx_word' id='word_1_148' title='bbox 303 993 529 1037; x_wconf 87' lang='lat' dir='ltr'>appellantur,</span> <span class='ocrx_word' id='word_1_149' title='bbox 558 994 650 1037; x_wconf 89' lang='lat' dir='ltr'>quod</span> <span class='ocrx_word' id='word_1_150' title='bbox 676 994 709 1025; x_wconf 92' lang='lat' dir='ltr'>in</span> <span class='ocrx_word' id='word_1_151' title='bbox 737 993 901 1025; x_wconf 88' lang='lat' dir='ltr'>montibus</span> <span class='ocrx_word' id='word_1_152' title='bbox 926 991 1116 1035; x_wconf 88' lang='lat' dir='ltr'>frequenter</span> <span class='ocrx_word' id='word_1_153' title='bbox 1138 994 1310 1036; x_wconf 86' lang='lat' dir='ltr'>apparent.</span> <span class='ocrx_word' id='word_1_154' title='bbox 1365 988 1397 1022; x_wconf 88' lang='lat' dir='ltr'>O</span> <span class='ocrx_word' id='word_1_155' title='bbox 1406 1000 1422 1021; x_wconf 90' lang='lat' dir='ltr'>r</span> <span class='ocrx_word' id='word_1_156' title='bbox 1432 988 1453 1020; x_wconf 92' lang='lat' dir='ltr'>d</span> <span class='ocrx_word' id='word_1_157' title='bbox 1463 988 1472 1020; x_wconf 91' lang='lat' dir='ltr'>i</span> <span class='ocrx_word' id='word_1_158' title='bbox 1483 999 1502 1020; x_wconf 94' lang='lat' dir='ltr'>n</span> <span class='ocrx_word' id='word_1_159' title='bbox 1512 998 1554 1019; x_wconf 90' lang='lat' dir='ltr'>ar</span> <span class='ocrx_word' id='word_1_160' title='bbox 1563 987 1573 1019; x_wconf 92' lang='lat' dir='ltr'>i</span> <span class='ocrx_word' id='word_1_161' title='bbox 1582 999 1602 1020; x_wconf 94' lang='lat' dir='ltr'>u</span> <span class='ocrx_word' id='word_1_162' title='bbox 1611 998 1642 1019; x_wconf 87' lang='lat' dir='ltr'>rn</span> <span class='ocrx_word' id='word_1_163' title='bbox 1660 985 1676 1006; x_wconf 77' lang='lat'><strong>⁶</strong></span> <span class='ocrx_word' id='word_1_164' title='bbox 1698 986 1869 1019; x_wconf 88' lang='lat' dir='ltr'>hominem</span> 
     </span>
     <span class='ocr_line' id='line_1_18' title="bbox 95 1036 1867 1093; baseline -0.006 -15"><span class='ocrx_word' id='word_1_165' title='bbox 95 1044 230 1090; x_wconf 90' lang='lat' dir='ltr'>Oppius</span> <span class='ocrx_word' id='word_1_166' title='bbox 251 1046 295 1078; x_wconf 91' lang='lat' dir='ltr'>ait</span> <span class='ocrx_word' id='word_1_167' title='bbox 313 1045 380 1078; x_wconf 90' lang='lat' dir='ltr'>dici</span> <span class='ocrx_word' id='word_1_168' title='bbox 406 1045 539 1078; x_wconf 86' lang='lat' dir='ltr'>solitum</span> <span class='ocrx_word' id='word_1_169' title='bbox 557 1057 700 1079; x_wconf 88' lang='lat' dir='ltr'>scurram</span> <span class='ocrx_word' id='word_1_170' title='bbox 723 1041 743 1093; x_wconf 80' lang='grc' dir='ltr'>Η</span> <span class='ocrx_word' id='word_1_171' title='bbox 767 1049 797 1076; x_wconf 90' lang='lat' dir='ltr'>et</span> <span class='ocrx_word' id='word_1_172' title='bbox 818 1044 1009 1088; x_wconf 87' lang='lat' dir='ltr'>improbum</span> <span class='ocrx_word' id='word_1_173' title='bbox 1021 1071 1029 1087; x_wconf 85' lang='lat'><strong>‚</strong></span> <span class='ocrx_word' id='word_1_174' title='bbox 1057 1043 1113 1087; x_wconf 91' lang='lat' dir='ltr'>qui</span> <span class='ocrx_word' id='word_1_175' title='bbox 1128 1042 1256 1076; x_wconf 84' lang='lat' dir='ltr'>assidue</span> <span class='ocrx_word' id='word_1_176' title='bbox 1279 1042 1312 1074; x_wconf 92' lang='lat' dir='ltr'>in</span> <span class='ocrx_word' id='word_1_177' title='bbox 1331 1040 1443 1073; x_wconf 89' lang='lat' dir='ltr'>litibus</span> <span class='ocrx_word' id='word_1_178' title='bbox 1464 1043 1665 1072; x_wconf 87' lang='lat' dir='ltr'>moraretur:</span> <span class='ocrx_word' id='word_1_179' title='bbox 1692 1038 1737 1070; x_wconf 90' lang='lat' dir='ltr'>ob</span> <span class='ocrx_word' id='word_1_180' title='bbox 1762 1036 1867 1083; x_wconf 72' lang='lat'>[172]</span> 
     </span>
     <span class='ocr_line' id='line_1_19' title="bbox 96 1089 1868 1140; baseline -0.006 -10"><span class='ocrx_word' id='word_1_181' title='bbox 96 1108 237 1140; x_wconf 87' lang='lat' dir='ltr'>eamque</span> <span class='ocrx_word' id='word_1_182' title='bbox 263 1107 396 1131; x_wconf 87' lang='lat' dir='ltr'>causam</span> <span class='ocrx_word' id='word_1_183' title='bbox 422 1097 454 1129; x_wconf 90' lang='lat' dir='ltr'>in</span> <span class='ocrx_word' id='word_1_184' title='bbox 481 1097 596 1130; x_wconf 86' lang='lat' dir='ltr'>ordine</span> <span class='ocrx_word' id='word_1_185' title='bbox 622 1102 721 1129; x_wconf 89' lang='lat' dir='ltr'>staret</span> <span class='ocrx_word' id='word_1_186' title='bbox 747 1096 938 1128; x_wconf 87' lang='lat' dir='ltr'>adeuntium</span> <span class='ocrx_word' id='word_1_187' title='bbox 965 1096 1168 1130; x_wconf 88' lang='lat' dir='ltr'>Praetorem.</span> <span class='ocrx_word' id='word_1_188' title='bbox 1222 1095 1267 1126; x_wconf 86' lang='lat' dir='ltr'>At</span> <span class='ocrx_word' id='word_1_189' title='bbox 1289 1092 1403 1125; x_wconf 89' lang='lat' dir='ltr'>Aelius</span> <span class='ocrx_word' id='word_1_190' title='bbox 1430 1091 1515 1125; x_wconf 88' lang='lat' dir='ltr'>Stilo</span> <span class='ocrx_word' id='word_1_191' title='bbox 1524 1115 1533 1131; x_wconf 93' lang='lat'>,</span> <span class='ocrx_word' id='word_1_192' title='bbox 1572 1090 1629 1133; x_wconf 87' lang='lat' dir='ltr'>qui</span> <span class='ocrx_word' id='word_1_193' title='bbox 1655 1089 1787 1122; x_wconf 88' lang='lat' dir='ltr'>minime</span> <span class='ocrx_word' id='word_1_194' title='bbox 1811 1099 1868 1120; x_wconf 90' lang='lat' dir='ltr'>or-</span> 
     </span>
     <span class='ocr_line' id='line_1_20' title="bbox 94 1139 2020 1190; baseline -0.005 -10"><span class='ocrx_word' id='word_1_195' title='bbox 94 1148 172 1181; x_wconf 88' lang='lat' dir='ltr'>dine</span> <span class='ocrx_word' id='word_1_196' title='bbox 196 1148 321 1181; x_wconf 82' lang='lat' dir='ltr'>viveret</span> <span class='ocrx_word' id='word_1_197' title='bbox 332 1152 354 1183; x_wconf 81' lang='lat'>*.</span> <span class='ocrx_word' id='word_1_198' title='bbox 391 1173 397 1180; x_wconf 88' lang='lat'>.</span> <span class='ocrx_word' id='word_1_199' title='bbox 502 1176 508 1183; x_wconf 93' lang='lat'>.</span> <span class='ocrx_word' id='word_1_200' title='bbox 624 1174 630 1181; x_wconf 93' lang='lat'>.</span> <span class='ocrx_word' id='word_1_201' title='bbox 674 1148 707 1180; x_wconf 89' lang='lat' dir='ltr'>in</span> <span class='ocrx_word' id='word_1_202' title='bbox 735 1160 773 1180; x_wconf 92' lang='lat' dir='ltr'>ea</span> <span class='ocrx_word' id='word_1_203' title='bbox 801 1148 950 1180; x_wconf 87' lang='lat' dir='ltr'>oratione</span> <span class='ocrx_word' id='word_1_204' title='bbox 958 1171 967 1188; x_wconf 92' lang='lat'>,</span> <span class='ocrx_word' id='word_1_205' title='bbox 994 1159 1095 1190; x_wconf 89' lang='lat' dir='ltr'>quam</span> <span class='ocrx_word' id='word_1_206' title='bbox 1121 1146 1234 1180; x_wconf 87' lang='lat' dir='ltr'>scribit</span> <span class='ocrx_word' id='word_1_207' title='bbox 1260 1144 1303 1177; x_wconf 88' lang='lat' dir='ltr'>de</span> <span class='ocrx_word' id='word_1_208' title='bbox 1328 1144 1391 1176; x_wconf 85' lang='lat' dir='ltr'>suis</span> <span class='ocrx_word' id='word_1_209' title='bbox 1418 1142 1591 1175; x_wconf 83' lang='lat' dir='ltr'>virtutibus</span> <span class='ocrx_word' id='word_1_210' title='bbox 1619 1145 1733 1174; x_wconf 89' lang='lat' dir='ltr'>contra</span> <span class='ocrx_word' id='word_1_211' title='bbox 1753 1139 1867 1173; x_wconf 89' lang='lat' dir='ltr'>Ther—</span> <span class='ocrx_word' id='word_1_212' title='bbox 1893 1142 1904 1153; x_wconf 72' lang='lat'>¹</span> <span class='ocrx_word' id='word_1_213' title='bbox 1912 1142 1931 1167; x_wconf 77' lang='lat' dir='ltr'>f.</span> <span class='ocrx_word' id='word_1_214' title='bbox 1940 1142 1970 1166; x_wconf 83' lang='lat' dir='ltr'>A.</span> <span class='ocrx_word' id='word_1_215' title='bbox 1982 1139 2020 1165; x_wconf 92' lang='grc' dir='ltr'>Μ-</span> 
     </span>
     <span class='ocr_line' id='line_1_21' title="bbox 95 1176 1990 1243; baseline -0.005 -11"><span class='ocrx_word' id='word_1_216' title='bbox 95 1211 205 1232; x_wconf 84' lang='lat' dir='ltr'>mum:</span> <span class='ocrx_word' id='word_1_217' title='bbox 248 1199 361 1240; x_wconf 80' lang='lat' dir='ltr'>Quid</span> <span class='ocrx_word' id='word_1_218' title='bbox 388 1199 491 1232; x_wconf 87' lang='lat' dir='ltr'>mihi</span> <span class='ocrx_word' id='word_1_219' title='bbox 518 1199 666 1239; x_wconf 85' lang='lat' dir='ltr'>fieret,</span> <span class='ocrx_word' id='word_1_220' title='bbox 701 1200 838 1232; x_wconf 90' lang='lat' dir='ltr'>sinon</span> <span class='ocrx_word' id='word_1_221' title='bbox 866 1210 944 1243; x_wconf 82' lang='lat' dir='ltr'>ego</span> <span class='ocrx_word' id='word_1_222' title='bbox 971 1198 1191 1243; x_wconf 87' lang='lat' dir='ltr'>stipendia</span> <span class='ocrx_word' id='word_1_223' title='bbox 1219 1197 1267 1241; x_wconf 83' lang='lat' dir='ltr'>(in</span> <span class='ocrx_word' id='word_1_224' title='bbox 1292 1195 1425 1240; x_wconf 89' lang='lat' dir='ltr'>ordine)</span> <span class='ocrx_word' id='word_1_225' title='bbox 1454 1194 1592 1227; x_wconf 90' lang='lat' dir='ltr'>omnia</span> <span class='ocrx_word' id='word_1_226' title='bbox 1619 1191 1867 1225; x_wconf 86' lang='lat' dir='ltr'>ordinarius</span> <span class='ocrx_word' id='word_1_227' title='bbox 1924 1176 1990 1201; x_wconf 75' lang='lat' dir='ltr'>Cato</span> 
     </span>
     <span class='ocr_line' id='line_1_22' title="bbox 95 1243 1871 1295; baseline -0.005 -11"><span class='ocrx_word' id='word_1_228' title='bbox 95 1263 127 1284; x_wconf 92' lang='lat' dir='ltr'>m</span> <span class='ocrx_word' id='word_1_229' title='bbox 137 1263 154 1284; x_wconf 90' lang='lat' dir='ltr'>e</span> <span class='ocrx_word' id='word_1_230' title='bbox 162 1263 178 1283; x_wconf 88' lang='lat' dir='ltr'>r</span> <span class='ocrx_word' id='word_1_231' title='bbox 186 1262 208 1284; x_wconf 91' lang='lat' dir='ltr'>u</span> <span class='ocrx_word' id='word_1_232' title='bbox 216 1251 226 1283; x_wconf 90' lang='lat' dir='ltr'>i</span> <span class='ocrx_word' id='word_1_233' title='bbox 235 1262 249 1283; x_wconf 90' lang='lat' dir='ltr'>s</span> <span class='ocrx_word' id='word_1_234' title='bbox 258 1262 272 1283; x_wconf 91' lang='lat' dir='ltr'>s</span> <span class='ocrx_word' id='word_1_235' title='bbox 283 1262 301 1284; x_wconf 88' lang='lat' dir='ltr'>e</span> <span class='ocrx_word' id='word_1_236' title='bbox 309 1262 342 1284; x_wconf 90' lang='lat' dir='ltr'>m</span> <span class='ocrx_word' id='word_1_237' title='bbox 370 1262 384 1283; x_wconf 88' lang='lat' dir='ltr'>s</span> <span class='ocrx_word' id='word_1_238' title='bbox 394 1263 412 1283; x_wconf 89' lang='lat' dir='ltr'>e</span> <span class='ocrx_word' id='word_1_239' title='bbox 421 1262 454 1283; x_wconf 92' lang='lat' dir='ltr'>m</span> <span class='ocrx_word' id='word_1_240' title='bbox 462 1262 486 1295; x_wconf 90' lang='lat' dir='ltr'>p</span> <span class='ocrx_word' id='word_1_241' title='bbox 497 1262 514 1284; x_wconf 91' lang='lat' dir='ltr'>e</span> <span class='ocrx_word' id='word_1_242' title='bbox 524 1263 539 1283; x_wconf 97' lang='lat' dir='ltr'>r</span> <span class='ocrx_word' id='word_1_243' title='bbox 547 1250 564 1283; x_wconf 74' lang='grc' dir='ltr'><strong><em>ἓ</em></strong></span> <span class='ocrx_word' id='word_1_244' title='bbox 611 1251 696 1284; x_wconf 86' lang='lat' dir='ltr'>Sunt</span> <span class='ocrx_word' id='word_1_245' title='bbox 722 1250 859 1294; x_wconf 87' lang='lat' dir='ltr'>quidam</span> <span class='ocrx_word' id='word_1_246' title='bbox 888 1250 985 1282; x_wconf 88' lang='lat' dir='ltr'>etiam</span> <span class='ocrx_word' id='word_1_247' title='bbox 995 1274 1004 1291; x_wconf 95' lang='lat'>,</span> <span class='ocrx_word' id='word_1_248' title='bbox 1051 1251 1106 1293; x_wconf 93' lang='lat' dir='ltr'>qui</span> <span class='ocrx_word' id='word_1_249' title='bbox 1134 1248 1376 1293; x_wconf 87' lang='lat' dir='ltr'>manipularem</span> <span class='ocrx_word' id='word_1_250' title='bbox 1385 1271 1395 1289; x_wconf 86' lang='lat'>,</span> <span class='ocrx_word' id='word_1_251' title='bbox 1435 1246 1514 1290; x_wconf 90' lang='lat' dir='ltr'>quia</span> <span class='ocrx_word' id='word_1_252' title='bbox 1540 1245 1644 1278; x_wconf 89' lang='lat' dir='ltr'>infimi</span> <span class='ocrx_word' id='word_1_253' title='bbox 1671 1244 1711 1277; x_wconf 84' lang='lat' dir='ltr'>sit</span> <span class='ocrx_word' id='word_1_254' title='bbox 1738 1243 1871 1285; x_wconf 86' lang='lat' dir='ltr'>ordinis,</span> 
     </span>
     <span class='ocr_line' id='line_1_23' title="bbox 96 1294 1871 1347; baseline -0.005 -12"><span class='ocrx_word' id='word_1_255' title='bbox 96 1303 303 1347; x_wconf 87' lang='lat' dir='ltr'>appellatum</span> <span class='ocrx_word' id='word_1_256' title='bbox 330 1302 468 1336; x_wconf 90' lang='lat' dir='ltr'>credant</span> <span class='ocrx_word' id='word_1_257' title='bbox 479 1300 496 1322; x_wconf 79' lang='lat'><strong><em>⁷</em></strong></span> <span class='ocrx_word' id='word_1_258' title='bbox 519 1302 733 1335; x_wconf 86' lang='lat' dir='ltr'>ordinarium.</span> <span class='ocrx_word' id='word_1_259' title='bbox 787 1302 817 1335; x_wconf 96' lang='lat' dir='ltr'>O</span> <span class='ocrx_word' id='word_1_260' title='bbox 826 1313 843 1334; x_wconf 90' lang='lat' dir='ltr'>r</span> <span class='ocrx_word' id='word_1_261' title='bbox 851 1314 870 1334; x_wconf 93' lang='lat' dir='ltr'>n</span> <span class='ocrx_word' id='word_1_262' title='bbox 880 1308 947 1334; x_wconf 93' lang='lat' dir='ltr'>atu</span> <span class='ocrx_word' id='word_1_263' title='bbox 956 1314 969 1334; x_wconf 90' lang='lat' dir='ltr'>s</span> <span class='ocrx_word' id='word_1_264' title='bbox 996 1301 1115 1336; x_wconf 87' lang='lat' dir='ltr'>dicitur</span> <span class='ocrx_word' id='word_1_265' title='bbox 1124 1326 1133 1342; x_wconf 90' lang='lat'>,</span> <span class='ocrx_word' id='word_1_266' title='bbox 1179 1305 1211 1334; x_wconf 90' lang='lat' dir='ltr'>et</span> <span class='ocrx_word' id='word_1_267' title='bbox 1236 1300 1333 1333; x_wconf 88' lang='lat' dir='ltr'>bonis</span> <span class='ocrx_word' id='word_1_268' title='bbox 1360 1298 1484 1332; x_wconf 85' lang='lat' dir='ltr'>artibus</span> <span class='ocrx_word' id='word_1_269' title='bbox 1510 1298 1684 1330; x_wconf 90' lang='lat' dir='ltr'>instructus</span> <span class='ocrx_word' id='word_1_270' title='bbox 1692 1319 1702 1336; x_wconf 95' lang='lat'>,</span> <span class='ocrx_word' id='word_1_271' title='bbox 1746 1300 1779 1328; x_wconf 92' lang='lat' dir='ltr'>et</span> <span class='ocrx_word' id='word_1_272' title='bbox 1804 1294 1871 1327; x_wconf 92' lang='lat' dir='ltr'>ho—</span> 
     </span>
     <span class='ocr_line' id='line_1_24' title="bbox 94 1343 1869 1402; baseline -0.005 -16"><span class='ocrx_word' id='word_1_273' title='bbox 94 1365 191 1387; x_wconf 85' lang='lat' dir='ltr'>nores</span> <span class='ocrx_word' id='word_1_274' title='bbox 206 1353 346 1398; x_wconf 86' lang='lat' dir='ltr'>adeptus</span> <span class='ocrx_word' id='word_1_275' title='bbox 362 1364 381 1385; x_wconf 92' lang='lat' dir='ltr'>a</span> <span class='ocrx_word' id='word_1_276' title='bbox 395 1353 526 1398; x_wconf 90' lang='lat' dir='ltr'>populo</span> <span class='ocrx_word' id='word_1_277' title='bbox 536 1365 545 1393; x_wconf 77' lang='grc' dir='ltr'><strong>ς</strong></span> <span class='ocrx_word' id='word_1_278' title='bbox 568 1355 667 1387; x_wconf 87' lang='lat' dir='ltr'>etiam</span> <span class='ocrx_word' id='word_1_279' title='bbox 680 1350 700 1402; x_wconf 75' lang='grc' dir='ltr'>Η</span> <span class='ocrx_word' id='word_1_280' title='bbox 719 1354 805 1387; x_wconf 87' lang='lat' dir='ltr'>bene</span> <span class='ocrx_word' id='word_1_281' title='bbox 820 1358 926 1398; x_wconf 87' lang='lat' dir='ltr'>aptus,</span> <span class='ocrx_word' id='word_1_282' title='bbox 943 1358 979 1386; x_wconf 88' lang='lat' dir='ltr'>ut</span> <span class='ocrx_word' id='word_1_283' title='bbox 994 1354 1100 1394; x_wconf 86' lang='lat' dir='ltr'>miles,</span> <span class='ocrx_word' id='word_1_284' title='bbox 1118 1357 1173 1386; x_wconf 93' lang='lat' dir='ltr'>aut</span> <span class='ocrx_word' id='word_1_285' title='bbox 1189 1351 1358 1398; x_wconf 86' lang='lat' dir='ltr'>gladiator</span> <span class='ocrx_word' id='word_1_286' title='bbox 1369 1363 1377 1391; x_wconf 91' lang='lat'>;</span> <span class='ocrx_word' id='word_1_287' title='bbox 1402 1355 1434 1384; x_wconf 89' lang='lat' dir='ltr'>et</span> <span class='ocrx_word' id='word_1_288' title='bbox 1448 1353 1579 1383; x_wconf 87' lang='lat' dir='ltr'>acturus</span> <span class='ocrx_word' id='word_1_289' title='bbox 1593 1347 1733 1381; x_wconf 90' lang='lat' dir='ltr'>fabulas.</span> <span class='ocrx_word' id='word_1_290' title='bbox 1762 1343 1869 1392; x_wconf 74' lang='lat'><strong>[173]</strong></span> 
     </span>
     <span class='ocr_line' id='line_1_25' title="bbox 93 1398 1871 1450; baseline -0.005 -12"><span class='ocrx_word' id='word_1_291' title='bbox 93 1406 206 1448; x_wconf 90' lang='lat' dir='ltr'>Atque</span> <span class='ocrx_word' id='word_1_292' title='bbox 233 1410 265 1438; x_wconf 89' lang='lat' dir='ltr'>et</span> <span class='ocrx_word' id='word_1_293' title='bbox 291 1409 423 1438; x_wconf 88' lang='lat' dir='ltr'>ornatus</span> <span class='ocrx_word' id='word_1_294' title='bbox 450 1405 570 1439; x_wconf 90' lang='lat' dir='ltr'>dicitur</span> <span class='ocrx_word' id='word_1_295' title='bbox 596 1406 702 1440; x_wconf 91' lang='lat' dir='ltr'>cultus</span> <span class='ocrx_word' id='word_1_296' title='bbox 727 1406 798 1450; x_wconf 85' lang='lat' dir='ltr'>ipse</span> <span class='ocrx_word' id='word_1_297' title='bbox 808 1429 817 1446; x_wconf 88' lang='lat'>‚</span> <span class='ocrx_word' id='word_1_298' title='bbox 864 1416 931 1449; x_wconf 91' lang='lat' dir='ltr'>quo</span> <span class='ocrx_word' id='word_1_299' title='bbox 962 1406 1036 1448; x_wconf 88' lang='lat' dir='ltr'>quis</span> <span class='ocrx_word' id='word_1_300' title='bbox 1069 1410 1203 1438; x_wconf 89' lang='lat' dir='ltr'>ornatur</span> <span class='ocrx_word' id='word_1_301' title='bbox 1233 1409 1270 1437; x_wconf 91' lang='lat' dir='ltr'>ut</span> <span class='ocrx_word' id='word_1_302' title='bbox 1296 1414 1373 1437; x_wconf 89' lang='lat' dir='ltr'>cum</span> <span class='ocrx_word' id='word_1_303' title='bbox 1400 1402 1540 1436; x_wconf 88' lang='lat' dir='ltr'>dicimus</span> <span class='ocrx_word' id='word_1_304' title='bbox 1568 1400 1714 1443; x_wconf 87' lang='lat' dir='ltr'>aliquem</span> <span class='ocrx_word' id='word_1_305' title='bbox 1740 1398 1871 1442; x_wconf 86' lang='lat' dir='ltr'>tragico</span> 
     </span>
     <span class='ocr_line' id='line_1_26' title="bbox 94 1456 645 1502; baseline 0.002 -13"><span class='ocrx_word' id='word_1_306' title='bbox 94 1457 148 1491; x_wconf 89' lang='lat' dir='ltr'>vel</span> <span class='ocrx_word' id='word_1_307' title='bbox 166 1457 295 1491; x_wconf 90' lang='lat' dir='ltr'>comico</span> <span class='ocrx_word' id='word_1_308' title='bbox 322 1461 440 1490; x_wconf 88' lang='lat' dir='ltr'>ornatu</span> <span class='ocrx_word' id='word_1_309' title='bbox 465 1456 602 1502; x_wconf 88' lang='lat' dir='ltr'>prodire</span> <span class='ocrx_word' id='word_1_310' title='bbox 638 1483 645 1490; x_wconf 94' lang='lat'>.</span> 
     </span>
    </p>
   </div>
   <div class='ocr_carea' id='block_1_5' title="bbox 95 1559 2043 1811">
    <p class='ocr_par' dir='ltr' id='par_1_5' title="bbox 95 1559 942 1604">
     <span class='ocr_line' id='line_1_27' title="bbox 95 1559 942 1604; baseline -0.002 -11"><span class='ocrx_word' id='word_1_311' title='bbox 95 1559 345 1594; x_wconf 87' lang='lat' dir='ltr'>Orestiades</span> <span class='ocrx_word' id='word_1_312' title='bbox 371 1559 558 1604; x_wconf 58' lang='lat' dir='ltr'>nympham</span> <span class='ocrx_word' id='word_1_313' title='bbox 589 1560 751 1593; x_wconf 89' lang='lat' dir='ltr'>montium</span> <span class='ocrx_word' id='word_1_314' title='bbox 779 1559 942 1593; x_wconf 77' lang='lat' dir='ltr'>cultrices.</span> 
     </span>
    </p>

    <p class='ocr_par' dir='ltr' id='par_1_6' title="bbox 95 1606 2043 1811">
     <span class='ocr_line' id='line_1_28' title="bbox 256 1606 1637 1649; baseline -0.004 -6"><span class='ocrx_word' id='word_1_315' title='bbox 256 1609 376 1643; x_wconf 86' lang='lat' dir='ltr'>Ordo</span> <span class='ocrx_word' id='word_1_316' title='bbox 411 1610 622 1645; x_wconf 87' lang='lat' dir='ltr'>sacerdotum</span> <span class='ocrx_word' id='word_1_317' title='bbox 657 1612 844 1644; x_wconf 85' lang='lat' dir='ltr'>aestimatur</span> <span class='ocrx_word' id='word_1_318' title='bbox 877 1611 1045 1644; x_wconf 81' lang='lat' dir='ltr'>deorum⁸</span> <span class='ocrx_word' id='word_1_319' title='bbox 1289 1608 1449 1641; x_wconf 84' lang='lat' dir='ltr'>maximus</span> <span class='ocrx_word' id='word_1_320' title='bbox 1489 1606 1637 1649; x_wconf 89' lang='lat' dir='ltr'>quisque.</span> 
     </span>
     <span class='ocr_line' id='line_1_29' title="bbox 95 1654 1945 1707; baseline -0.005 -13"><span class='ocrx_word' id='word_1_321' title='bbox 95 1662 225 1695; x_wconf 76' lang='lat' dir='ltr'>videtur</span> <span class='ocrx_word' id='word_1_322' title='bbox 252 1661 324 1694; x_wconf 84' lang='lat' dir='ltr'>Rex</span> <span class='ocrx_word' id='word_1_323' title='bbox 357 1661 434 1694; x_wconf 89' lang='lat' dir='ltr'>dein</span> <span class='ocrx_word' id='word_1_324' title='bbox 460 1662 583 1703; x_wconf 83' lang='lat' dir='ltr'>Dialis,</span> <span class='ocrx_word' id='word_1_325' title='bbox 629 1668 707 1707; x_wconf 88' lang='lat' dir='ltr'>post</span> <span class='ocrx_word' id='word_1_326' title='bbox 738 1663 830 1697; x_wconf 90' lang='lat' dir='ltr'>hunc</span> <span class='ocrx_word' id='word_1_327' title='bbox 856 1662 1033 1701; x_wconf 86' lang='lat' dir='ltr'>Martialis,</span> <span class='ocrx_word' id='word_1_328' title='bbox 1080 1667 1200 1704; x_wconf 90' lang='lat' dir='ltr'>quarto</span> <span class='ocrx_word' id='word_1_329' title='bbox 1230 1661 1307 1693; x_wconf 91' lang='lat' dir='ltr'>loco</span> <span class='ocrx_word' id='word_1_330' title='bbox 1336 1658 1532 1701; x_wconf 82' lang='lat' dir='ltr'>Quirinalis,</span> <span class='ocrx_word' id='word_1_331' title='bbox 1577 1655 1692 1699; x_wconf 89' lang='lat' dir='ltr'>quinto</span> <span class='ocrx_word' id='word_1_332' title='bbox 1716 1654 1870 1686; x_wconf 83' lang='lat' dir='ltr'>Pontifex</span> <span class='ocrx_word' id='word_1_333' title='bbox 1938 1699 1945 1705; x_wconf 32' lang='lat'><em>⁶</em></span> 
     </span>
     <span class='ocr_line' id='line_1_30' title="bbox 96 1700 2043 1759; baseline 0 -13"><span class='ocrx_word' id='word_1_334' title='bbox 96 1713 263 1746; x_wconf 85' lang='lat' dir='ltr'>maximus.</span> <span class='ocrx_word' id='word_1_335' title='bbox 321 1713 439 1756; x_wconf 89' lang='lat' dir='ltr'>Itaque</span> <span class='ocrx_word' id='word_1_336' title='bbox 471 1714 505 1746; x_wconf 92' lang='lat' dir='ltr'>in</span> <span class='ocrx_word' id='word_1_337' title='bbox 540 1714 652 1747; x_wconf 86' lang='lat' dir='ltr'>soliis*</span> <span class='ocrx_word' id='word_1_338' title='bbox 676 1715 750 1747; x_wconf 84' lang='lat' dir='ltr'>Rex</span> <span class='ocrx_word' id='word_1_339' title='bbox 784 1726 884 1759; x_wconf 87' lang='lat' dir='ltr'>supra</span> <span class='ocrx_word' id='word_1_340' title='bbox 917 1713 1021 1747; x_wconf 84' lang='lat' dir='ltr'>omnis</span> <span class='ocrx_word' id='word_1_341' title='bbox 1048 1714 1200 1746; x_wconf 85' lang='lat' dir='ltr'>accubat.</span> <span class='ocrx_word' id='word_1_342' title='bbox 1253 1712 1349 1744; x_wconf 88' lang='lat' dir='ltr'>Licet</span> <span class='ocrx_word' id='word_1_343' title='bbox 1360 1714 1387 1728; x_wconf 84' lang='lat'>**</span> <span class='ocrx_word' id='word_1_344' title='bbox 1410 1709 1514 1742; x_wconf 90' lang='lat' dir='ltr'>Dialis</span> <span class='ocrx_word' id='word_1_345' title='bbox 1539 1718 1641 1752; x_wconf 88' lang='lat' dir='ltr'>supra</span> <span class='ocrx_word' id='word_1_346' title='bbox 1667 1700 2043 1759; x_wconf 45' lang='lat' dir='ltr'>M³¹152¹⁸m⁹2iliisssssss2‘</span> 
     </span>
     <span class='ocr_line' id='line_1_31' title="bbox 96 1752 2043 1811; baseline -0.005 -13"><span class='ocrx_word' id='word_1_347' title='bbox 96 1770 129 1798; x_wconf 90' lang='lat' dir='ltr'>et</span> <span class='ocrx_word' id='word_1_348' title='bbox 155 1763 360 1805; x_wconf 81' lang='lat' dir='ltr'>Quirinalem</span> <span class='ocrx_word' id='word_1_349' title='bbox 387 1764 551 1798; x_wconf 84' lang='lat' dir='ltr'>Martialis</span> <span class='ocrx_word' id='word_1_350' title='bbox 577 1777 678 1811; x_wconf 87' lang='lat' dir='ltr'>supra</span> <span class='ocrx_word' id='word_1_351' title='bbox 703 1766 902 1810; x_wconf 85' lang='lat' dir='ltr'>proximum.</span> <span class='ocrx_word' id='word_1_352' title='bbox 962 1764 1089 1799; x_wconf 85' lang='lat' dir='ltr'>Omnes</span> <span class='ocrx_word' id='word_1_353' title='bbox 1115 1764 1240 1806; x_wconf 77' lang='lat' dir='ltr'>idem†</span> <span class='ocrx_word' id='word_1_354' title='bbox 1262 1774 1361 1808; x_wconf 90' lang='lat' dir='ltr'>supra</span> <span class='ocrx_word' id='word_1_355' title='bbox 1387 1760 1596 1794; x_wconf 82' lang='lat' dir='ltr'>Pontificem.</span> <span class='ocrx_word' id='word_1_356' title='bbox 2036 1752 2043 1759; x_wconf 77' lang='grc'><strong>”</strong></span> 
     </span>
    </p>
   </div>
   <div class='ocr_carea' id='block_1_6' title="bbox 1703 1602 2044 1668">
    <p class='ocr_par' dir='ltr' id='par_1_7' title="bbox 1703 1602 2044 1668">
     <span class='ocr_line' id='line_1_32' title="bbox 1703 1602 2044 1635; baseline -0.009 -6"><span class='ocrx_word' id='word_1_357' title='bbox 1703 1602 1869 1635; x_wconf 77' lang='lat' dir='ltr'>Maximus</span> <span class='ocrx_word' id='word_1_358' title='bbox 1876 1604 1887 1615; x_wconf 79' lang='lat'>²</span> <span class='ocrx_word' id='word_1_359' title='bbox 1895 1604 1914 1628; x_wconf 75' lang='lat' dir='ltr'>f.</span> <span class='ocrx_word' id='word_1_360' title='bbox 1924 1603 1953 1628; x_wconf 85' lang='grc' dir='ltr'>Α.</span> <span class='ocrx_word' id='word_1_361' title='bbox 1966 1602 2044 1628; x_wconf 80' lang='lat' dir='ltr'>maie-</span> 
     </span>
     <span class='ocr_line' id='line_1_33' title="bbox 1895 1641 2023 1668; baseline -0.023 -5"><span class='ocrx_word' id='word_1_362' title='bbox 1895 1641 1962 1663; x_wconf 84' lang='lat' dir='ltr'>state</span> <span class='ocrx_word' id='word_1_363' title='bbox 1969 1656 1976 1668; x_wconf 93' lang='lat'>,</span> <span class='ocrx_word' id='word_1_364' title='bbox 1994 1643 2023 1662; x_wconf 83' lang='lat' dir='ltr'>ut</span> 
     </span>
    </p>
   </div>
   <div class='ocr_carea' id='block_1_7' title="bbox 1655 1756 2044 1834">
    <p class='ocr_par' dir='ltr' id='par_1_8' title="bbox 1655 1756 2044 1834">
     <span class='ocr_line' id='line_1_34' title="bbox 1655 1756 2044 1800; baseline -0.003 -7"><span class='ocrx_word' id='word_1_365' title='bbox 1655 1758 1747 1796; x_wconf 84' lang='lat' dir='ltr'>Rex3</span> <span class='ocrx_word' id='word_1_366' title='bbox 1792 1756 1925 1800; x_wconf 59' lang='lat' dir='ltr'>quia-ss,</span> <span class='ocrx_word' id='word_1_367' title='bbox 1946 1767 2044 1793; x_wconf 61' lang='lat' dir='ltr'>scincet</span> 
     </span>
     <span class='ocr_line' id='line_1_35' title="bbox 1895 1802 2018 1834; baseline -0.008 -6"><span class='ocrx_word' id='word_1_368' title='bbox 1895 1803 1914 1834; x_wconf 92' lang='lat'>†</span> <span class='ocrx_word' id='word_1_369' title='bbox 1922 1803 1942 1828; x_wconf 82' lang='lat' dir='ltr'>f.</span> <span class='ocrx_word' id='word_1_370' title='bbox 1959 1802 2018 1828; x_wconf 85' lang='lat' dir='ltr'>item</span> 
     </span>
    </p>
   </div>
   <div class='ocr_carea' id='block_1_8' title="bbox 999 1891 1867 1980">
    <p class='ocr_par' dir='ltr' id='par_1_9' title="bbox 999 1891 1867 1980">
     <span class='ocr_line' id='line_1_36' title="bbox 1000 1891 1867 1939; baseline -0.012 -10"><span class='ocrx_word' id='word_1_371' title='bbox 1000 1900 1167 1939; x_wconf 77' lang='lat' dir='ltr'>diligentius</span> <span class='ocrx_word' id='word_1_372' title='bbox 1198 1899 1355 1937; x_wconf 83' lang='lat' dir='ltr'>inspect0‚</span> <span class='ocrx_word' id='word_1_373' title='bbox 1401 1905 1476 1934; x_wconf 86' lang='lat' dir='ltr'>quae</span> <span class='ocrx_word' id='word_1_374' title='bbox 1510 1893 1714 1922; x_wconf 84' lang='lat' dir='ltr'>desiderantur</span> <span class='ocrx_word' id='word_1_375' title='bbox 1742 1892 1772 1920; x_wconf 88' lang='lat' dir='ltr'>in</span> <span class='ocrx_word' id='word_1_376' title='bbox 1800 1891 1867 1920; x_wconf 86' lang='lat' dir='ltr'>edi—</span> 
     </span>
     <span class='ocr_line' id='line_1_37' title="bbox 999 1940 1863 1980; baseline -0.014 -7"><span class='ocrx_word' id='word_1_377' title='bbox 999 1945 1078 1973; x_wconf 82' lang='lat' dir='ltr'>tione</span> <span class='ocrx_word' id='word_1_378' title='bbox 1107 1941 1331 1980; x_wconf 72' lang='lat' dir='ltr'>Augustiniana,</span> <span class='ocrx_word' id='word_1_379' title='bbox 1361 1943 1530 1978; x_wconf 83' lang='lat' dir='ltr'>praeterea,</span> <span class='ocrx_word' id='word_1_380' title='bbox 1566 1940 1737 1974; x_wconf 82' lang='lat' dir='ltr'>corruptam</span> <span class='ocrx_word' id='word_1_381' title='bbox 1759 1943 1863 1962; x_wconf 76' lang='lat' dir='ltr'>vocem</span> 
     </span>
    </p>
   </div>
   <div class='ocr_carea' id='block_1_9' title="bbox 992 1976 1861 2025">
    <p class='ocr_par' dir='ltr' id='par_1_10' title="bbox 992 1976 1861 2025">
     <span class='ocr_line' id='line_1_38' title="bbox 992 1976 1861 2025; baseline -0.013 -11"><span class='ocrx_word' id='word_1_382' title='bbox 992 1991 1118 2025; x_wconf 76' lang='lat' dir='ltr'>propte,</span> <span class='ocrx_word' id='word_1_383' title='bbox 1151 1983 1331 2012; x_wconf 79' lang='lat' dir='ltr'>mutavimus</span> <span class='ocrx_word' id='word_1_384' title='bbox 1353 1982 1382 2010; x_wconf 82' lang='lat' dir='ltr'>in</span> <span class='ocrx_word' id='word_1_385' title='bbox 1405 1985 1576 2020; x_wconf 74' lang='lat' dir='ltr'>propterea,</span> <span class='ocrx_word' id='word_1_386' title='bbox 1608 1984 1636 2007; x_wconf 79' lang='lat' dir='ltr'>et</span> <span class='ocrx_word' id='word_1_387' title='bbox 1660 1976 1861 2005; x_wconf 72' lang='lat' dir='ltr'>decretoribus</span> 
     </span>
    </p>
   </div>
   <div class='ocr_carea' id='block_1_10' title="bbox 92 1898 955 2026">
    <p class='ocr_par' dir='ltr' id='par_1_11' title="bbox 92 1898 955 2026">
     <span class='ocr_line' id='line_1_39' title="bbox 94 1898 955 1939; baseline 0.002 -12"><span class='ocrx_word' id='word_1_388' title='bbox 94 1903 194 1928; x_wconf 83' lang='lat' dir='ltr'>mento</span> <span class='ocrx_word' id='word_1_389' title='bbox 209 1898 295 1927; x_wconf 78' lang='lat' dir='ltr'>nobis</span> <span class='ocrx_word' id='word_1_390' title='bbox 314 1899 452 1937; x_wconf 83' lang='lat' dir='ltr'>suerunt,</span> <span class='ocrx_word' id='word_1_391' title='bbox 476 1911 550 1939; x_wconf 88' lang='lat' dir='ltr'>quae</span> <span class='ocrx_word' id='word_1_392' title='bbox 564 1901 593 1930; x_wconf 90' lang='lat' dir='ltr'>in</span> <span class='ocrx_word' id='word_1_393' title='bbox 606 1902 774 1930; x_wconf 73' lang='lat' dir='ltr'>Sceleratus</span> <span class='ocrx_word' id='word_1_394' title='bbox 787 1904 887 1939; x_wconf 69' lang='lat' dir='ltr'>vicus,</span> <span class='ocrx_word' id='word_1_395' title='bbox 909 1901 955 1929; x_wconf 88' lang='lat' dir='ltr'>in-</span> 
     </span>
     <span class='ocr_line' id='line_1_40' title="bbox 94 1940 954 1984; baseline 0.005 -15"><span class='ocrx_word' id='word_1_396' title='bbox 94 1942 139 1970; x_wconf 73' lang='lat' dir='ltr'>fra</span> <span class='ocrx_word' id='word_1_397' title='bbox 156 1940 312 1970; x_wconf 80' lang='lat' dir='ltr'>habentur.</span> <span class='ocrx_word' id='word_1_398' title='bbox 356 1943 522 1972; x_wconf 83' lang='lat' dir='ltr'>Sceleratus</span> <span class='ocrx_word' id='word_1_399' title='bbox 538 1944 630 1980; x_wconf 84' lang='lat' dir='ltr'>vicus,</span> <span class='ocrx_word' id='word_1_400' title='bbox 643 1945 746 1973; x_wconf 85' lang='lat' dir='ltr'>Festus</span> <span class='ocrx_word' id='word_1_401' title='bbox 761 1944 868 1984; x_wconf 87' lang='lat' dir='ltr'>inquit,</span> <span class='ocrx_word' id='word_1_402' title='bbox 893 1944 954 1972; x_wconf 81' lang='lat' dir='ltr'>Ro-</span> 
     </span>
     <span class='ocr_line' id='line_1_41' title="bbox 92 1984 952 2026; baseline 0.002 -14"><span class='ocrx_word' id='word_1_403' title='bbox 92 1995 157 2012; x_wconf 86' lang='lat' dir='ltr'>mae</span> <span class='ocrx_word' id='word_1_404' title='bbox 174 1984 378 2022; x_wconf 78' lang='lat' dir='ltr'>appellabatur</span> <span class='ocrx_word' id='word_1_405' title='bbox 389 2007 396 2021; x_wconf 87' lang='lat'>‚</span> <span class='ocrx_word' id='word_1_406' title='bbox 421 1986 500 2023; x_wconf 86' lang='lat' dir='ltr'>quod</span> <span class='ocrx_word' id='word_1_407' title='bbox 515 1996 582 2015; x_wconf 89' lang='lat' dir='ltr'>cum</span> <span class='ocrx_word' id='word_1_408' title='bbox 607 1987 785 2026; x_wconf 80' lang='lat' dir='ltr'>Tarquinius</span> <span class='ocrx_word' id='word_1_409' title='bbox 799 1986 952 2026; x_wconf 88' lang='lat' dir='ltr'>Superbus</span> 
     </span>
    </p>
   </div>
   <div class='ocr_carea' id='block_1_11' title="bbox 89 2026 956 2451">
    <p class='ocr_par' dir='ltr' id='par_1_12' title="bbox 89 2026 956 2451">
     <span class='ocr_line' id='line_1_42' title="bbox 92 2026 951 2068; baseline 0.001 -12"><span class='ocrx_word' id='word_1_410' title='bbox 92 2026 328 2056; x_wconf 78' lang='lat' dir='ltr'>interficiendum</span> <span class='ocrx_word' id='word_1_411' title='bbox 348 2033 481 2057; x_wconf 76' lang='lat' dir='ltr'>curasset</span> <span class='ocrx_word' id='word_1_412' title='bbox 494 2030 629 2058; x_wconf 86' lang='lat' dir='ltr'>Servium</span> <span class='ocrx_word' id='word_1_413' title='bbox 644 2030 774 2059; x_wconf 90' lang='lat' dir='ltr'>Tullium</span> <span class='ocrx_word' id='word_1_414' title='bbox 791 2039 889 2068; x_wconf 85' lang='lat' dir='ltr'>regem</span> <span class='ocrx_word' id='word_1_415' title='bbox 905 2039 951 2057; x_wconf 84' lang='lat' dir='ltr'>so-</span> 
     </span>
     <span class='ocr_line' id='line_1_43' title="bbox 93 2070 954 2111; baseline 0.001 -13"><span class='ocrx_word' id='word_1_416' title='bbox 93 2079 193 2099; x_wconf 87' lang='lat' dir='ltr'>cerum</span> <span class='ocrx_word' id='word_1_417' title='bbox 214 2079 315 2104; x_wconf 88' lang='lat' dir='ltr'>suum,</span> <span class='ocrx_word' id='word_1_418' title='bbox 339 2079 446 2108; x_wconf 86' lang='lat' dir='ltr'>corpus</span> <span class='ocrx_word' id='word_1_419' title='bbox 467 2070 528 2099; x_wconf 82' lang='lat' dir='ltr'>eius</span> <span class='ocrx_word' id='word_1_420' title='bbox 542 2071 640 2101; x_wconf 82' lang='lat' dir='ltr'>iacens</span> <span class='ocrx_word' id='word_1_421' title='bbox 662 2072 719 2101; x_wconf 83' lang='lat' dir='ltr'>filia</span> <span class='ocrx_word' id='word_1_422' title='bbox 743 2077 884 2111; x_wconf 84' lang='lat' dir='ltr'>carpento</span> <span class='ocrx_word' id='word_1_423' title='bbox 906 2081 954 2099; x_wconf 84' lang='lat' dir='ltr'>su·</span> 
     </span>
     <span class='ocr_line' id='line_1_44' title="bbox 91 2113 953 2153; baseline 0 -11"><span class='ocrx_word' id='word_1_424' title='bbox 91 2116 234 2152; x_wconf 77' lang='lat' dir='ltr'>pervecta</span> <span class='ocrx_word' id='word_1_425' title='bbox 250 2113 303 2146; x_wconf 84' lang='lat' dir='ltr'>sit,</span> <span class='ocrx_word' id='word_1_426' title='bbox 327 2122 490 2151; x_wconf 84' lang='lat' dir='ltr'>properans</span> <span class='ocrx_word' id='word_1_427' title='bbox 507 2113 536 2141; x_wconf 92' lang='lat' dir='ltr'>in</span> <span class='ocrx_word' id='word_1_428' title='bbox 551 2115 762 2153; x_wconf 85' lang='lat' dir='ltr'>possessionem</span> <span class='ocrx_word' id='word_1_429' title='bbox 775 2115 881 2144; x_wconf 84' lang='lat' dir='ltr'>domus</span> <span class='ocrx_word' id='word_1_430' title='bbox 897 2124 953 2153; x_wconf 80' lang='lat' dir='ltr'>pa-</span> 
     </span>
     <span class='ocr_line' id='line_1_45' title="bbox 91 2154 954 2186; baseline 0.001 -3"><span class='ocrx_word' id='word_1_431' title='bbox 91 2160 203 2183; x_wconf 80' lang='lat' dir='ltr'>ternae.</span> <span class='ocrx_word' id='word_1_432' title='bbox 247 2154 321 2182; x_wconf 83' lang='lat' dir='ltr'>Livii</span> <span class='ocrx_word' id='word_1_433' title='bbox 349 2154 438 2183; x_wconf 86' lang='lat' dir='ltr'>verba</span> <span class='ocrx_word' id='word_1_434' title='bbox 467 2160 538 2184; x_wconf 83' lang='lat' dir='ltr'>sunt</span> <span class='ocrx_word' id='word_1_435' title='bbox 568 2156 649 2186; x_wconf 87' lang='lat' dir='ltr'>haec.</span> <span class='ocrx_word' id='word_1_436' title='bbox 706 2157 803 2186; x_wconf 84' lang='lat' dir='ltr'>Tullia</span> <span class='ocrx_word' id='word_1_437' title='bbox 835 2167 901 2185; x_wconf 89' lang='lat' dir='ltr'>cum</span> <span class='ocrx_word' id='word_1_438' title='bbox 923 2166 954 2185; x_wconf 84' lang='lat' dir='ltr'>se</span> 
     </span>
     <span class='ocr_line' id='line_1_46' title="bbox 92 2197 953 2238; baseline 0.001 -13"><span class='ocrx_word' id='word_1_439' title='bbox 92 2197 212 2226; x_wconf 87' lang='lat' dir='ltr'>domum</span> <span class='ocrx_word' id='word_1_440' title='bbox 229 2198 393 2236; x_wconf 82' lang='lat' dir='ltr'>reciperet,</span> <span class='ocrx_word' id='word_1_441' title='bbox 417 2198 660 2238; x_wconf 81' lang='lat' dir='ltr'>pervenissetque</span> <span class='ocrx_word' id='word_1_442' title='bbox 676 2200 713 2229; x_wconf 83' lang='lat' dir='ltr'>ad</span> <span class='ocrx_word' id='word_1_443' title='bbox 732 2210 878 2228; x_wconf 80' lang='lat' dir='ltr'>summum</span> <span class='ocrx_word' id='word_1_444' title='bbox 898 2199 953 2237; x_wconf 85' lang='lat' dir='ltr'>Cy-</span> 
     </span>
     <span class='ocr_line' id='line_1_47' title="bbox 90 2239 956 2280; baseline 0.001 -11"><span class='ocrx_word' id='word_1_445' title='bbox 90 2240 189 2279; x_wconf 89' lang='lat' dir='ltr'>prium</span> <span class='ocrx_word' id='word_1_446' title='bbox 216 2239 333 2275; x_wconf 89' lang='lat' dir='ltr'>vicum,</span> <span class='ocrx_word' id='word_1_447' title='bbox 364 2239 415 2268; x_wconf 90' lang='lat' dir='ltr'>ubi</span> <span class='ocrx_word' id='word_1_448' title='bbox 436 2240 571 2270; x_wconf 85' lang='lat' dir='ltr'>Dianium</span> <span class='ocrx_word' id='word_1_449' title='bbox 598 2252 693 2280; x_wconf 85' lang='lat' dir='ltr'>nuper</span> <span class='ocrx_word' id='word_1_450' title='bbox 716 2242 787 2278; x_wconf 85' lang='lat' dir='ltr'>suit,</span> <span class='ocrx_word' id='word_1_451' title='bbox 822 2242 956 2270; x_wconf 87' lang='lat' dir='ltr'>ssectente</span> 
     </span>
     <span class='ocr_line' id='line_1_48' title="bbox 90 2282 955 2322; baseline 0.001 -11"><span class='ocrx_word' id='word_1_452' title='bbox 90 2287 264 2322; x_wconf 84' lang='lat' dir='ltr'>carpentum</span> <span class='ocrx_word' id='word_1_453' title='bbox 280 2282 384 2311; x_wconf 80' lang='lat' dir='ltr'>dextra</span> <span class='ocrx_word' id='word_1_454' title='bbox 410 2282 439 2310; x_wconf 87' lang='lat' dir='ltr'>in</span> <span class='ocrx_word' id='word_1_455' title='bbox 459 2283 568 2312; x_wconf 88' lang='lat' dir='ltr'>clivum</span> <span class='ocrx_word' id='word_1_456' title='bbox 587 2284 727 2321; x_wconf 86' lang='lat' dir='ltr'>Urbium,</span> <span class='ocrx_word' id='word_1_457' title='bbox 749 2289 782 2313; x_wconf 90' lang='lat' dir='ltr'>ut</span> <span class='ocrx_word' id='word_1_458' title='bbox 801 2284 831 2312; x_wconf 88' lang='lat' dir='ltr'>in</span> <span class='ocrx_word' id='word_1_459' title='bbox 849 2284 955 2313; x_wconf 88' lang='lat' dir='ltr'>collem</span> 
     </span>
     <span class='ocr_line' id='line_1_49' title="bbox 89 2323 954 2364; baseline 0.002 -11"><span class='ocrx_word' id='word_1_460' title='bbox 89 2325 297 2364; x_wconf 85' lang='lat' dir='ltr'>Exquiliarum</span> <span class='ocrx_word' id='word_1_461' title='bbox 319 2323 487 2354; x_wconf 82' lang='lat' dir='ltr'>veheretur.</span> <span class='ocrx_word' id='word_1_462' title='bbox 537 2326 630 2355; x_wconf 88' lang='lat' dir='ltr'>Solini</span> <span class='ocrx_word' id='word_1_463' title='bbox 661 2331 759 2355; x_wconf 79' lang='lat' dir='ltr'>autem</span> <span class='ocrx_word' id='word_1_464' title='bbox 779 2326 860 2358; x_wconf 87' lang='lat' dir='ltr'>haec.</span> <span class='ocrx_word' id='word_1_465' title='bbox 888 2327 954 2356; x_wconf 85' lang='lat' dir='ltr'>Ser-</span> 
     </span>
     <span class='ocr_line' id='line_1_50' title="bbox 90 2367 954 2407; baseline 0.002 -11"><span class='ocrx_word' id='word_1_466' title='bbox 90 2367 156 2396; x_wconf 85' lang='lat' dir='ltr'>vius</span> <span class='ocrx_word' id='word_1_467' title='bbox 170 2368 295 2403; x_wconf 86' lang='lat' dir='ltr'>Tullius,</span> <span class='ocrx_word' id='word_1_468' title='bbox 319 2367 466 2406; x_wconf 79' lang='lat' dir='ltr'>Exquiliis</span> <span class='ocrx_word' id='word_1_469' title='bbox 483 2378 573 2407; x_wconf 79' lang='lat' dir='ltr'>supra</span> <span class='ocrx_word' id='word_1_470' title='bbox 588 2369 698 2398; x_wconf 87' lang='lat' dir='ltr'>clivum</span> <span class='ocrx_word' id='word_1_471' title='bbox 714 2369 845 2398; x_wconf 89' lang='lat' dir='ltr'>Urbium.</span> <span class='ocrx_word' id='word_1_472' title='bbox 876 2370 954 2398; x_wconf 73' lang='lat' dir='ltr'>Urs.</span> 
     </span>
     <span class='ocr_line' id='line_1_51' title="bbox 91 2409 955 2451; baseline 0.005 -13"><span class='ocrx_word' id='word_1_473' title='bbox 91 2426 132 2430; x_wconf 97' lang='lat'><strong>—</strong></span> <span class='ocrx_word' id='word_1_474' title='bbox 160 2409 189 2449; x_wconf 81' lang='lat'>3)</span> <span class='ocrx_word' id='word_1_475' title='bbox 208 2409 376 2448; x_wconf 52' lang='lat' dir='ltr'>Oratores]</span> <span class='ocrx_word' id='word_1_476' title='bbox 399 2411 490 2440; x_wconf 82' lang='lat' dir='ltr'>Multa</span> <span class='ocrx_word' id='word_1_477' title='bbox 513 2411 563 2440; x_wconf 91' lang='lat' dir='ltr'>hic</span> <span class='ocrx_word' id='word_1_478' title='bbox 586 2412 769 2441; x_wconf 83' lang='lat' dir='ltr'>restituimus</span> <span class='ocrx_word' id='word_1_479' title='bbox 793 2411 955 2451; x_wconf 82' lang='lat' dir='ltr'>exemplari</span> 
     </span>
    </p>
   </div>
   <div class='ocr_carea' id='block_1_12' title="bbox 995 2018 1867 2408">
    <p class='ocr_par' dir='ltr' id='par_1_13' title="bbox 995 2018 1867 2408">
     <span class='ocr_line' id='line_1_52' title="bbox 995 2018 1858 2066; baseline -0.012 -9"><span class='ocrx_word' id='word_1_480' title='bbox 995 2030 1026 2058; x_wconf 86' lang='lat' dir='ltr'>in</span> <span class='ocrx_word' id='word_1_481' title='bbox 1054 2026 1306 2066; x_wconf 70' lang='lat' dir='ltr'>deprecatoribus.</span> <span class='ocrx_word' id='word_1_482' title='bbox 1351 2025 1426 2054; x_wconf 74' lang='lat' dir='ltr'>Urs.</span> <span class='ocrx_word' id='word_1_483' title='bbox 1468 2038 1508 2045; x_wconf 89' lang='lat'>-—</span> <span class='ocrx_word' id='word_1_484' title='bbox 1554 2021 1585 2059; x_wconf 81' lang='lat'>4)</span> <span class='ocrx_word' id='word_1_485' title='bbox 1616 2018 1858 2060; x_wconf 73' lang='grc' dir='ltr'><strong><em>ἅρητῆρ-ες</em></strong></span> 
     </span>
     <span class='ocr_line' id='line_1_53' title="bbox 995 2060 1865 2112; baseline -0.013 -13"><span class='ocrx_word' id='word_1_486' title='bbox 995 2070 1068 2112; x_wconf 90' lang='lat' dir='ltr'>(sic)</span> <span class='ocrx_word' id='word_1_487' title='bbox 1091 2070 1139 2098; x_wconf 88' lang='lat' dir='ltr'>Pr.</span> <span class='ocrx_word' id='word_1_488' title='bbox 1162 2066 1356 2108; x_wconf 71' lang='grc' dir='ltr'>ἅρατῆρες</span> <span class='ocrx_word' id='word_1_489' title='bbox 1378 2066 1450 2096; x_wconf 85' lang='lat' dir='ltr'>Ven.</span> <span class='ocrx_word' id='word_1_490' title='bbox 1473 2066 1519 2094; x_wconf 79' lang='lat' dir='ltr'>Sc.</span> <span class='ocrx_word' id='word_1_491' title='bbox 1541 2080 1583 2086; x_wconf 91' lang='lat'>·--</span> <span class='ocrx_word' id='word_1_492' title='bbox 1611 2064 1638 2101; x_wconf 86' lang='grc'>5)</span> <span class='ocrx_word' id='word_1_493' title='bbox 1665 2060 1764 2100; x_wconf 59' lang='lat' dir='ltr'>Omen]</span> <span class='ocrx_word' id='word_1_494' title='bbox 1786 2061 1865 2089; x_wconf 76' lang='lat' dir='ltr'>Pro,</span> 
     </span>
     <span class='ocr_line' id='line_1_54' title="bbox 998 2104 1867 2152; baseline -0.012 -11"><span class='ocrx_word' id='word_1_495' title='bbox 998 2123 1092 2152; x_wconf 79' lang='lat' dir='ltr'>quam</span> <span class='ocrx_word' id='word_1_496' title='bbox 1108 2110 1272 2151; x_wconf 75' lang='lat' dir='ltr'>expediam,</span> <span class='ocrx_word' id='word_1_497' title='bbox 1289 2111 1320 2139; x_wconf 90' lang='lat' dir='ltr'>in</span> <span class='ocrx_word' id='word_1_498' title='bbox 1335 2120 1386 2139; x_wconf 82' lang='lat' dir='ltr'>ora</span> <span class='ocrx_word' id='word_1_499' title='bbox 1406 2108 1539 2149; x_wconf 84' lang='lat' dir='ltr'>paginae,</span> <span class='ocrx_word' id='word_1_500' title='bbox 1555 2104 1783 2140; x_wconf 87' lang='lat' dir='ltr'>emendavimus,</span> <span class='ocrx_word' id='word_1_501' title='bbox 1803 2107 1867 2151; x_wconf 61' lang='lat' dir='ltr'>qufl</span> 
     </span>
     <span class='ocr_line' id='line_1_55' title="bbox 998 2148 1862 2194; baseline -0.014 -9"><span class='ocrx_word' id='word_1_502' title='bbox 998 2167 1042 2184; x_wconf 82' lang='lat' dir='ltr'>me</span> <span class='ocrx_word' id='word_1_503' title='bbox 1059 2154 1230 2194; x_wconf 70' lang='lat' dir='ltr'>expediam,</span> <span class='ocrx_word' id='word_1_504' title='bbox 1254 2158 1283 2183; x_wconf 84' lang='lat' dir='ltr'>et</span> <span class='ocrx_word' id='word_1_505' title='bbox 1301 2163 1402 2183; x_wconf 83' lang='lat' dir='ltr'>veram</span> <span class='ocrx_word' id='word_1_506' title='bbox 1427 2162 1490 2181; x_wconf 87' lang='lat' dir='ltr'>eam</span> <span class='ocrx_word' id='word_1_507' title='bbox 1508 2148 1742 2180; x_wconf 85' lang='lat' dir='ltr'>emendationem</span> <span class='ocrx_word' id='word_1_508' title='bbox 1765 2151 1862 2175; x_wconf 72' lang='lat' dir='ltr'>exrsh-</span> 
     </span>
     <span class='ocr_line' id='line_1_56' title="bbox 998 2188 1861 2234; baseline -0.013 -7"><span class='ocrx_word' id='word_1_509' title='bbox 998 2208 1121 2227; x_wconf 86' lang='lat' dir='ltr'>mamus.</span> <span class='ocrx_word' id='word_1_510' title='bbox 1156 2197 1231 2226; x_wconf 75' lang='lat' dir='ltr'>Urs.</span> <span class='ocrx_word' id='word_1_511' title='bbox 1251 2212 1293 2219; x_wconf 92' lang='lat'>—</span> <span class='ocrx_word' id='word_1_512' title='bbox 1329 2195 1359 2234; x_wconf 84' lang='lat'>6)</span> <span class='ocrx_word' id='word_1_513' title='bbox 1385 2191 1610 2230; x_wconf 65' lang='lat' dir='ltr'>Ordinarium]</span> <span class='ocrx_word' id='word_1_514' title='bbox 1646 2191 1717 2220; x_wconf 88' lang='lat' dir='ltr'>Post</span> <span class='ocrx_word' id='word_1_515' title='bbox 1736 2188 1861 2218; x_wconf 72' lang='lat' dir='ltr'>verbum</span> 
     </span>
     <span class='ocr_line' id='line_1_57' title="bbox 998 2232 1861 2279; baseline -0.012 -12"><span class='ocrx_word' id='word_1_516' title='bbox 998 2251 1136 2270; x_wconf 66' lang='lat' dir='ltr'>scurram</span> <span class='ocrx_word' id='word_1_517' title='bbox 1161 2249 1237 2279; x_wconf 85' lang='lat' dir='ltr'>quae</span> <span class='ocrx_word' id='word_1_518' title='bbox 1260 2243 1423 2277; x_wconf 80' lang='lat' dir='ltr'>sequuntur</span> <span class='ocrx_word' id='word_1_519' title='bbox 1438 2259 1445 2273; x_wconf 88' lang='lat'><strong>‚</strong></span> <span class='ocrx_word' id='word_1_520' title='bbox 1494 2237 1525 2265; x_wconf 88' lang='lat' dir='ltr'>in</span> <span class='ocrx_word' id='word_1_521' title='bbox 1557 2233 1674 2263; x_wconf 78' lang='lat' dir='ltr'>schedis</span> <span class='ocrx_word' id='word_1_522' title='bbox 1701 2232 1861 2266; x_wconf 83' lang='lat' dir='ltr'>habentur,</span> 
     </span>
     <span class='ocr_line' id='line_1_58' title="bbox 998 2277 1861 2323; baseline -0.016 -10"><span class='ocrx_word' id='word_1_523' title='bbox 998 2285 1068 2313; x_wconf 80' lang='lat' dir='ltr'>item</span> <span class='ocrx_word' id='word_1_524' title='bbox 1098 2282 1279 2323; x_wconf 89' lang='lat' dir='ltr'>principium</span> <span class='ocrx_word' id='word_1_525' title='bbox 1313 2281 1460 2319; x_wconf 83' lang='lat' dir='ltr'>sequentis</span> <span class='ocrx_word' id='word_1_526' title='bbox 1485 2277 1656 2316; x_wconf 76' lang='lat' dir='ltr'>fragmenti,</span> <span class='ocrx_word' id='word_1_527' title='bbox 1692 2279 1751 2310; x_wconf 70' lang='lat' dir='ltr'>est,</span> <span class='ocrx_word' id='word_1_528' title='bbox 1791 2281 1861 2320; x_wconf 60' lang='lat' dir='ltr'>cram</span> 
     </span>
     <span class='ocr_line' id='line_1_59' title="bbox 999 2314 1861 2365; baseline -0.015 -10"><span class='ocrx_word' id='word_1_529' title='bbox 999 2328 1060 2364; x_wconf 75' lang='lat' dir='ltr'>ait,</span> <span class='ocrx_word' id='word_1_530' title='bbox 1097 2325 1177 2365; x_wconf 89' lang='lat' dir='ltr'>quod</span> <span class='ocrx_word' id='word_1_531' title='bbox 1208 2329 1250 2354; x_wconf 87' lang='lat' dir='ltr'>est</span> <span class='ocrx_word' id='word_1_532' title='bbox 1282 2324 1365 2353; x_wconf 83' lang='lat' dir='ltr'>verbi</span> <span class='ocrx_word' id='word_1_533' title='bbox 1393 2322 1550 2353; x_wconf 74' lang='lat' dir='ltr'>Peremere.</span> <span class='ocrx_word' id='word_1_534' title='bbox 1600 2320 1677 2347; x_wconf 80' lang='lat' dir='ltr'>Urs.</span> <span class='ocrx_word' id='word_1_535' title='bbox 1722 2316 1783 2345; x_wconf 81' lang='lat' dir='ltr'>Nos</span> <span class='ocrx_word' id='word_1_536' title='bbox 1809 2314 1861 2343; x_wconf 67' lang='lat' dir='ltr'>:lla</span> 
     </span>
     <span class='ocr_line' id='line_1_60' title="bbox 998 2357 1859 2408; baseline -0.014 -10"><span class='ocrx_word' id='word_1_537' title='bbox 998 2369 1047 2398; x_wconf 84' lang='lat' dir='ltr'>hic</span> <span class='ocrx_word' id='word_1_538' title='bbox 1069 2367 1311 2408; x_wconf 85' lang='lat' dir='ltr'>interposuimus.</span> <span class='ocrx_word' id='word_1_539' title='bbox 1349 2382 1390 2388; x_wconf 94' lang='lat'><strong>—</strong></span> <span class='ocrx_word' id='word_1_540' title='bbox 1443 2365 1474 2403; x_wconf 90' lang='lat'>7)</span> <span class='ocrx_word' id='word_1_541' title='bbox 1503 2361 1629 2392; x_wconf 74' lang='lat' dir='ltr'>tradant</span> <span class='ocrx_word' id='word_1_542' title='bbox 1666 2369 1759 2398; x_wconf 88' lang='lat' dir='ltr'>marg.</span> <span class='ocrx_word' id='word_1_543' title='bbox 1785 2357 1859 2387; x_wconf 72' lang='lat' dir='ltr'>Van.</span> 
     </span>
    </p>
   </div>
   <div class='ocr_carea' id='block_1_13' title="bbox 998 2413 1044 2442">
    <p class='ocr_par' dir='ltr' id='par_1_14' title="bbox 998 2413 1044 2442">
     <span class='ocr_line' id='line_1_61' title="bbox 998 2413 1044 2442; baseline 0.043 -2"><span class='ocrx_word' id='word_1_544' title='bbox 998 2413 1044 2442; x_wconf 91' lang='lat' dir='ltr'>Sc.</span> 
     </span>
    </p>
   </div>
  </div>
 </body>
</html>
