2263 2668
544 149 609 184 DE
635 148 1021 186 SIGNIFICATIONE
1048 147 1333 186 VERBORUM.
1384 150 1530 186 LIBER
1555 152 1615 187 111.
1979 154 2054 190 379

275 242 456 274 Cerritus.
499 243 641 282 Cereriti,
672 244 773 273 cerriti
796 249 826 273 et
847 243 972 281 larvati,
997 242 1158 279 malesani,
1185 243 1300 273 Cereris
1323 244 1367 273 ira
1391 249 1418 273 et
1439 245 1604 275 Larvarum
1626 246 1800 276 incursione
1821 247 1920 277 animo
1943 250 2053 281 vexati.

109 288 205 318 Plaut.
229 284 380 317 Menaech.
398 286 441 322 V,
464 287 501 325 4,
524 285 596 326 (2.):

646 328 723 357 Num
748 327 879 357 larvatus
903 335 943 357 est
965 326 1016 356 ille
1038 334 1088 355 aut
1113 327 1263 356 Cer-ritus?
1291 327 1353 358 Fac
1375 330 1476 361 sciam.

110 373 146 400 Et
168 372 224 407 ita,
249 376 341 411 puto,
365 371 486 410 proprie
509 371 698 407 dicebantur,
721 371 774 410 qui
797 371 851 399 sibi
874 371 1008 399 Cererem
1032 374 1059 398 et
1082 369 1192 398 Larvas
1216 370 1323 399 vidisse
1346 372 1538 409 videbantur,
1563 377 1595 402 ut
1617 373 1795 413 Nymphati,
1819 374 1870 412 qui
1892 375 2053 415 Nymphas.

108 414 186 443 Vide
208 414 343 446 Larvati.
389 414 588 443 Glossarium:
622 413 750 442 Cerritus
772 410 986 454 παρεμμανής,
1014 409 1286 452 παρεμφάρακτος,
1314 412 1472 452 malesani,
1503 417 1649 446 commoti.
1696 417 1749 444 Ubi
1772 415 1847 445 nihil
1870 419 2054 449 mutandum.

110 457 184 485 Vide
207 456 334 495 Hesych.
358 457 387 485 in
409 453 672 496 παρεμφάρακτος.
701 456 787 485 Duc.
833 457 953 485 Glossae
982 455 1217 494 manuscriptae:
1258 456 1416 493 cerritum,
1450 459 1601 496 insanum,
1635 466 1783 490 amentem.
1828 460 1925 489 Nonio
1949 461 2056 490 Cerriti

110 500 234 535 larvati,
266 499 406 527 malesani
429 504 479 527 aut
503 499 616 527 Cereris
638 501 681 527 ira
705 503 755 527 aut
780 499 929 528 larvarum
952 497 1152 526 incursatione
1174 498 1284 527 vexati.
1330 496 1434 529 Goth.

281 541 425 570 Cervus.
468 541 551 570 Idem
574 541 668 570 Varro
691 541 743 570 lib.
756 542 805 570 IV.
828 542 882 578 (De
904 542 937 570 L.
957 541 987 569 L.
1008 540 1048 576 V,
1074 551 1102 579 p.
1117 542 1187 572 103.
1206 539 1287 580 Sp.):
1318 540 1414 578 Cervi,
1438 540 1517 581 quotl
1539 553 1647 582 magna
1669 553 1779 573 cornua
1800 551 1919 583 gerunt,
1943 552 2055 574 mutato

115 582 141 612 G
163 584 193 612 in
219 581 256 620 G,
285 591 316 612 ut
339 584 369 612 in
391 583 506 620 multis,
537 585 623 624 quasi
643 584 733 623 ger-ui,
777 585 834 613 Sed
857 583 958 623 potius
981 594 995 611 a
1020 583 1136 612 Graeco
1157 582 1265 621 κεραός
1287 583 1383 611 dictos
1404 589 1506 622 putem
1530 581 1590 615 α’πό
1613 587 1674 616 ταῖν
1697 583 1838 623 κεράτων.
1882 586 1969 618 Dac.

277 626 416 658 Cereos,
461 627 610 655 Lucernas
634 637 701 655 cera
724 627 830 662 illitas,
861 637 934 665 quas
957 626 1059 655 Festus
1083 626 1208 664 opponit
1231 625 1377 663 candelis,
1408 637 1481 664 quae
1503 627 1568 665 pice
1590 627 1790 657 illinebantur.
1833 629 2056 659 Potentioribus

113 667 223 696 dabant
251 667 427 698 humiliores
450 669 673 705 Saturnalibus,
716 669 752 697 de
783 679 865 698 more
895 668 1018 697 scilicet.
1061 668 1124 696 Illis
1153 668 1227 696 enim
1256 668 1360 697 diebus
1383 679 1504 697 munera
1528 680 1580 708 per
1603 675 1693 700 totam
1716 671 1820 700 urbem
1844 671 2056 702 commeabant.

112 710 188 739 Vide
213 710 339 738 martial.
363 711 412 740 lib.
424 712 473 740 IV.
497 712 572 751 epig.
589 714 640 743 46.
665 715 695 740 et
717 713 766 742 89.
788 711 842 740 Da
852 723 876 741 c.
909 709 1123 740 Saturnalibus.
1154 710 1229 738 Vide
1252 711 1328 739 infru
1353 710 1480 740 Saturno
1504 710 1564 741 dies
1576 711 1686 754 fistus.

279 751 415 783 Celsus.
458 754 522 783 Non
545 764 560 782 a
583 753 685 793 κέλης,
722 759 754 782 ut
776 755 842 782 vult
865 754 983 788 Festus,
1018 753 1067 782 sed
1092 764 1107 781 a
1130 753 1223 781 verbo
1247 754 1368 792 antiquo
1395 752 1484 789 cello,
1522 755 1603 792 quod
1626 767 1642 784 a
1664 755 1772 793 κέλλω,
1801 754 1910 795 ταχέως
1932 756 2056 796 βαδίζω,

112 795 188 824 citus
209 794 344 833 ambulo,
371 802 405 826 ut
427 807 443 825 a
465 797 629 836 composito
651 794 767 826 excello
789 795 929 826 eoecelsus.
967 794 1066 825 Celsus
1088 800 1131 824 est
1154 796 1240 824 citus.
1275 796 1376 825 Horat.
1400 795 1444 832 (A.
1469 797 1499 825 Ρ.
1523 799 1626 837 342.);

692 845 768 876 Celsi
787 854 969 887 praetereunt
991 854 1104 876 austera
1126 854 1262 886 poemata
1286 846 1443 876 Rhamnes.

114 895 151 926 Et
173 897 204 925 in
225 897 277 926 illo
301 896 457 938 (Varronis
479 898 559 938 apud
582 899 657 928 Non.
674 898 703 935 Ι,
727 897 806 938 12.):

691 947 805 978 Incedit
828 950 896 979 citu’
920 946 1005 979 celsu’
1029 946 1153 978 tolutim.

114 989 151 1018 Et
173 991 262 1020 Ovid.
285 993 368 1027 (Stat.
392 993 503 1030 Snlv.I‚
527 992 562 1028 4,
587 991 665 1029 41·)³

695 1031 793 1063 Celsus
814 1046 906 1074 eques.

116 1084 315 1114 Glossarium:
346 1084 444 1115 Celsus
464 1082 600 1124 ὑψηλὸς,
624 1085 785 1125 μετέωρος,
806 1082 910 1124 κήλιν;
937 1085 1000 1122 lege
1022 1084 1115 1122 κέλης.
1140 1084 1194 1113 Da
1204 1095 1229 1114 c.
1275 1084 1318 1113 Cf.
1343 1084 1507 1114 Doederlin.
1530 1085 1640 1123 Synon.
1656 1084 1696 1121 Il,
1720 1086 1810 1123 p.93.
1835 1085 1884 1114 ubi
1908 1087 2061 1126 praeclare

116 1127 152 1155 de
175 1127 257 1156 vocis
281 1128 393 1165 origine
416 1128 597 1167 disputatur.
642 1127 716 1156 Vide
739 1127 826 1156 etiam
849 1137 924 1166 quae
946 1137 1036 1165 supra
1059 1127 1188 1156 diximus
1211 1126 1248 1155 ad
1270 1137 1298 1156 v.
1322 1126 1500 1167 Ascripticii
1522 1137 1548 1166 p.
1563 1129 1635 1158 320.

282 1168 435 1200 Celeres.
479 1172 503 1199 A
527 1171 626 1199 Celere
648 1171 839 1199 interfectore
860 1170 944 1199 Remi
966 1169 1063 1198 dictos
1087 1170 1171 1199 multi
1195 1170 1391 1199 consentiunt.
1438 1170 1494 1198 Sed
1517 1180 1576 1198 non
1599 1168 1721 1197 dubium
1746 1174 1804 1206 est,
1835 1170 1905 1208 quin
1929 1169 2003 1200 celer
2025 1169 2062 1200 sit

117 1224 133 1241 a
153 1213 269 1241 Graeco
291 1213 394 1251 κέλης,
420 1223 526 1252 eques,
549 1214 601 1252 qui
623 1214 710 1251 privo
736 1223 813 1251 equo
836 1213 940 1242 currit.
982 1213 1078 1252 Κέλης
1099 1212 1216 1241 Aeolice
1239 1212 1356 1251 Κέληρ,
1381 1212 1465 1241 celer.
1489 1212 1576 1241 Dac.
1618 1210 1697 1241 Celer
1719 1212 1817 1250 potius
1840 1224 1854 1240 a
1878 1211 1979 1241 cellere
2001 1213 2063 1244 κέλ-

116 1258 195 1292 λειν,
232 1256 334 1293 κέλης,
371 1256 447 1284 unde
472 1256 557 1284 etiam
581 1255 684 1292 celox,
721 1260 757 1283 ut
781 1253 871 1284 velox
900 1255 1095 1285 efformatum.
1138 1255 1206 1284 Non
1229 1254 1471 1284 confundendum
1495 1265 1562 1283 cum
1585 1253 1708 1290 celeber,
1745 1254 1824 1292 quod
1848 1266 1863 1283 a
1886 1255 1986 1284 radice
2009 1254 2063 1294 cel,

117 1296 180 1334 cal,
203 1299 233 1327 in
256 1299 368 1333 calare,
391 1295 472 1338 (καλ)
496 1303 523 1326 et
548 1297 595 1326 ber
614 1299 633 1329 i.
657 1308 681 1328 e.
694 1296 752 1339 fer
772 1296 815 1337 (in
838 1296 988 1340 salutifer)
1013 1297 1182 1327 descendit:
1216 1296 1336 1334 Gallen,
1356 1296 1469 1337 gellen,
1492 1296 1600 1326 hallen.
1645 1296 1687 1324 Cf.
1712 1296 1793 1325 Voss.
1816 1298 1846 1325 in
1870 1298 1966 1336 Etym.
1989 1308 2011 1327 s.
2034 1307 2062 1328 v.

119 1338 234 1369 Celeher
255 1345 283 1369 et
306 1340 472 1371 Doederlin,
494 1341 565 1379 Syn.
580 1341 608 1376 I,
631 1350 697 1380 pag.
711 1343 761 1372 22.

282 1381 481 1412 Cet-malus.
526 1383 558 1411 In
583 1383 666 1412 Varr.
695 1382 745 1410 lib.
757 1382 809 1412 IV.
838 1380 902 1422 (De
925 1382 955 1411 L.
978 1383 1009 1410 L.
1033 1382 1075 1416 V,
1098 1393 1127 1421 p.
1140 1384 1188 1413 60.
1213 1383 1300 1421 Sp.):
1341 1380 1507 1411 Ger-malum
1536 1392 1553 1409 a
1581 1382 1728 1420 germanis
1752 1380 1883 1411 Romulo
1911 1389 1937 1410 et
1959 1380 2064 1420 Remo,

116 1424 196 1466 quod
218 1423 260 1453 acl
272 1425 368 1464 ficum
391 1424 580 1455 Ruminalem
604 1425 635 1454 hi
656 1426 772 1454 inventi.
811 1424 964 1453 Plutarch.
986 1425 1017 1453 in
1041 1425 1169 1453 Romulo
1193 1424 1273 1464 (cap.
1288 1423 1332 1463 3.)
1358 1425 1528 1453 Germalum
1553 1424 1623 1452 olim
1647 1435 1662 1452 a
1685 1426 1845 1461 germanis,
1869 1429 1972 1463 postea
1995 1425 2066 1453 Cer·

116 1467 226 1496 malum
249 1467 363 1496 dictum
386 1478 448 1497 esse
470 1469 582 1498 scribit.
620 1467 694 1496 Vide
717 1466 941 1507 Septimontium
965 1472 994 1496 et
1017 1467 1148 1496 Matrem
1172 1467 1335 1499 Matutam.
1357 1467 1415 1496 An
1425 1475 1444 1496 t.
1467 1467 1559 1506 Aug.
1598 1467 1723 1495 Palatini
1746 1467 1854 1495 montis
1876 1477 1959 1506 pars,
1990 1476 2065 1506 quae

117 1510 215 1539 sorum
237 1520 356 1549 versus3
385 1508 547 1550 Κερμαλός.
590 1510 680 1539 Dac.

283 1550 495 1582 Columnae.
540 1553 684 1581 Columna
712 1550 797 1589 quasi
819 1549 968 1579 columina
991 1562 1006 1579 a
1029 1550 1171 1580 columen.
1216 1552 1332 1582 Vitruv.
1355 1552 1406 1582 lib.
1419 1551 1470 1582 IV.
1496 1562 1561 1590 cap.
1576 1554 1621 1583 2:
1662 1549 1798 1580 Columen
1821 1552 1850 1580 in
1873 1561 1985 1580 summo
1999 1550 2066 1592 sa·-

119 1595 206 1633 stigio
229 1593 379 1630 culminis,
414 1594 491 1623 unde
511 1602 536 1623 et
559 1593 712 1624 columnae
735 1592 881 1622 dicuntur.
927 1593 1029 1621 Donat.
1053 1593 1112 1631 (ad
1135 1595 1251 1623 Terent.
1277 1594 1396 1625 Pborm.
1411 1595 1456 1630 11,
1483 1598 1517 1630 t,
1540 1596 1627 1628 57.):
1668 1592 1804 1622 Columen
1827 1603 1892 1622 vero
1905 1593 2068 1635 familiae,-

120 1638 290 1665 sustentatio
313 1635 359 1664 vel
380 1635 482 1674 decus,
506 1635 582 1665 unde
604 1634 766 1666 columnae.
788 1634 876 1663 Duc.
908 1634 933 1663 A
956 1634 1057 1664 cellere
1078 1635 1173 1665 verbo
1195 1642 1275 1666 recte
1298 1637 1419 1665 deducit
1444 1636 1613 1666 Doederlin.
1637 1637 1748 1674 Synon.
1764 1637 1791 1672 Ι,
1816 1635 1906 1674 p.34.
1931 1636 1973 1665 Cf.
1993 1645 2068 1674 quae

121 1687 175 1716 ego
198 1678 261 1707 dixi
285 1677 322 1706 ad
347 1679 440 1709 plaut.
464 1679 619 1715 Trin.111‚
641 1680 678 1715 3,
703 1678 752 1708 15.

290 1719 462 1750 Cernuus.
506 1721 652 1749 Lucilius:
690 1717 817 1749 Cernuus
845 1718 993 1760 extemplo
1020 1718 1140 1760 plantas
1170 1721 1308 1749 convestit
1337 1719 1480 1749 honestas.
1508 1719 1612 1748 Fulv.
1640 1719 1718 1748 Urs.
1765 1719 1955 1748 calciamenti
1977 1729 2068 1758 genus

123 1771 187 1790 esse
213 1763 288 1790 male
316 1763 431 1801 putavit
452 1764 557 1794 Festus
584 1763 678 1792 hocce
701 1761 808 1790 Lucilii
835 1771 923 1791 versu
953 1762 1111 1801 deceptus,
1151 1763 1202 1791 ubi
1232 1772 1358 1792 cernuus
1389 1762 1463 1791 nihil
1489 1762 1568 1791 aliud
1594 1766 1637 1790 est
1661 1772 1749 1800 quam
1774 1761 1948 1799 inclinatus,
1987 1762 2069 1801 quasi

124 1803 206 1843 quod
229 1810 337 1833 terram
361 1811 469 1835 cernat.
509 1806 583 1835 Vide
605 1805 732 1834 Nonium
755 1805 833 1842 (pag.
846 1806 897 1835 20.
921 1804 1034 1844 Mera).
1077 1805 1221 1844 Deceptus
1244 1806 1330 1834 etiam
1353 1805 1502 1841 Isidorus,
1527 1805 1577 1843 qui
1601 1804 1659 1833 ait:
1691 1802 1795 1833 Cet-nui
1818 1805 1899 1833 socci
1918 1811 1985 1833 sunt
2008 1804 2070 1833 sine

123 1845 196 1875 solo.
240 1846 265 1875 A
289 1858 408 1876 cernuus
430 1850 526 1878 dictus
549 1846 690 1878 cernulus.
737 1847 832 1875 Gloss.
854 1846 976 1876 Isidori:
1017 1846 1156 1877 Cernulus
1179 1848 1209 1877 in
1231 1848 1327 1887 capite
1348 1858 1441 1878 ruens.
1487 1847 1683 1875 Glossarium:
1726 1845 1842 1875 Cer-nuli
1869 1846 2068 1884 πεταυρισταί.

127 1888 267 1918 cernulus
287 1889 490 1929 πεταυριστής.
533 1891 589 1920 Da
599 1902 623 1920 c.

290 1931 519 1972 crepidines.
569 1935 644 1961 Saxa
676 1931 879 1972 prominentia.
932 1932 1055 1971 Proprie
1087 1932 1165 1960 basis
1194 1942 1349 1967 saxorum,
1388 1931 1571 1960 summitates
1601 1931 1753 1970 riparum,
1791 1929 1951 1969 aliquando
1981 1929 2069 1958 etiam

125 1982 225 2011 margo
248 1972 354 2011 sontis,
382 1975 481 2012 lacus,
507 1980 539 2004 ut
563 1976 674 2004 Graece
697 1975 815 2012 κρηπίς.
860 1974 949 2004 Dac-

293 2015 463 2047 Cloacae.
510 2019 531 2046 Α
555 2017 622 2047 cluo
644 2027 700 2056 pro
724 2016 840 2053 colluo,
876 2017 906 2044 id
930 2022 975 2045 est
997 2026 1108 2055 purge,
1149 2014 1274 2051 cluam,
1304 2028 1323 2044 u
1345 2016 1374 2044 in
1399 2026 1415 2044 o
1438 2014 1553 2045 cloaca.
1598 2015 1682 2043 Unde
1705 2013 1839 2044 cloacare
1859 2014 2016 2052 inquinare
2041 2019 2070 2044 et

125 2055 259 2086 cloacale
272 2059 404 2100 flumen,
427 2061 456 2089 in
481 2061 560 2099 quod
585 2062 703 2088 cloacae
725 2059 888 2087 confluunt.
910 2059 999 2088 Dae.
1045 2059 1119 2086 Vide
1145 2056 1288 2087 Gloacare
1310 2063 1336 2086 et
1359 2059 1420 2089 l.1.
1445 2057 1553 2093 §.lbff-
1577 2058 1614 2086 de
1637 2057 1754 2086 cloacis·
1802 2055 1908 2085 Goth.

292 2100 438 2131 Clunns.
484 2103 684 2132 Glossarium:
710 2101 800 2130 Clura
822 2102 966 2139 πίθηκος.
1001 2102 1170 2139 Perpcrum,
1193 2105 1228 2128 ut
1245 2100 1344 2136 vides,
1368 2099 1455 2130 Clura
1479 2110 1533 2138 pro
1558 2098 1654 2128 cluna.
1687 2101 1812 2134 Graece,
1837 2104 1870 2127 ut
1893 2109 1983 2137 supra
2007 2109 2069 2127 ino-

125 2142 244 2170 nuimus
266 2141 419 2182 κερκόλιψ.
446 2144 545 2174 Scal.
591 2146 695 2178 Simia,
719 2153 794 2182 quae
817 2143 910 2172 cauda
936 2149 1017 2173 caret
1041 2148 1069 2171 et
1091 2148 1174 2171 nates
1197 2142 1285 2172 habet
1308 2148 1434 2182 apertas,
1479 2143 1536 2171 Pro
1559 2141 1646 2171 cluna
1669 2146 1781 2170 veteres
1804 2141 1907 2171 dixere
1930 2140 2028 2178 clura,
2052 2152 2070 2169 n

126 2184 156 2212 in
179 2197 194 2212 r
218 2191 347 2222 mutam,
372 2193 404 2216 ut
427 2187 466 2216 sit.
502 2189 658 2226 Pei-peram
682 2187 772 2224 igitur
795 2186 871 2214 Scal.
894 2184 980 2215 cluna
1003 2186 1071 2223 legit
1094 2196 1148 2224 pro
1172 2184 1264 2214 clura.
1299 2186 1322 2214 A
1345 2185 1428 2215 clura
1452 2185 1564 2214 factum
1586 2182 1748 2221 clurinum,
1771 2195 1832 2223 quo
1854 2193 1925 2213 usus
1948 2184 2069 2212 Plautus

125 2227 302 2265 Truculll,
324 2232 361 2267 2,
384 2231 478 2267 (14.):

660 2288 698 2292 —
724 2288 760 2292 —
785 2287 826 2292 —
849 2277 879 2298 tu
903 2281 968 2299 vero
992 2269 1134 2300 clurinum
1158 2281 1246 2309 pecus

659 2311 817 2342 Advenisri
837 2312 894 2342 huc
916 2321 1089 2342 ostentatum
1112 2323 1176 2342 cum
1199 2313 1353 2341 exornatis
1376 2311 1495 2341 ossibus.

126 2362 181 2390 Ubi
205 2361 349 2392 clurinum
369 2375 456 2403 pecus
479 2364 619 2392 dicuntur
640 2363 773 2392 homines
796 2363 959 2398 deformes,
984 2364 1034 2402 qui
1059 2369 1087 2392 et
1110 2363 1176 2392 ideo
1198 2364 1307 2393 simiae.
1349 2363 1469 2391 Glossae
1491 2361 1614 2400 Papiae:
1640 2359 1729 2391 Clara
1750 2358 1796 2389 vel
1815 2358 1957 2404 clurinum
1979 2355 2066 2384 simia

128 2403 246 2434 dicitur.
280 2406 367 2444 Lege:
389 2406 472 2436 clura
494 2405 540 2436 vel
561 2405 704 2436 clurinum
725 2417 813 2445 pecus
835 2407 921 2435 simia
944 2404 1062 2436 dicitur.
1092 2406 1165 2435 Nam
1187 2406 1370 2444 superiorem
1389 2405 1483 2434 Plauti
1506 2404 1604 2432 locum
1627 2403 1766 2442 respexit.
1797 2401 1853 2429 Sed
1876 2408 1993 2428 ommno
2015 2406 2065 2425 ve-

1504 2456 1614 2490 Bbb
1641 2456 1661 2478 *
