2263 2668
528 135 594 170 DE
619 131 1005 170 SIGNIFICATIONE
1034 131 1316 166 VERBORUM.
1375 134 1521 169 LIBER
1545 136 1605 171 111.
1964 137 2040 173 395

94 235 199 260 xerant
223 238 270 257 eas
293 228 509 265 confectiones,
539 239 613 266 quae
639 227 790 257 vocabant
812 227 992 259 suffimenta,
1015 234 1053 253 ex
1075 224 1143 252 faba
1163 224 1304 264 milioque
1327 226 1448 263 molito,
1471 227 1567 257 mulso
1590 238 1709 267 sparso,
1733 236 1808 265 quae
1829 227 1886 257 diis
1909 239 1943 257 eo
1967 233 2039 259 tem-

93 283 166 313 pore
189 272 349 306 dabantur,
387 281 445 309 quo
469 281 543 300 uvae
566 272 695 299 calcatae
720 271 803 309 prelo
823 269 1047 309 premebantur,
1084 267 1236 305 quomodo
1259 273 1287 297 et
1308 268 1339 298 in
1361 269 1521 299 frumentis
1546 280 1663 309 quoque
1687 270 1767 308 quod
1789 270 1925 300 sacrificii
1948 283 2037 302 causa

94 320 163 344 ante
181 314 432 354 praemetebatur,
460 325 652 353 praemessum
678 314 725 341 vel
744 313 932 353 praemelium
956 309 1154 349 appellabant.
1201 310 1355 340 Caeterum
1378 312 1441 352 ipsa
1464 313 1538 341 festa
1561 313 1674 342 Vinalia
1698 312 1928 352 Atheniensibus
1950 316 2039 345 etiam

95 357 257 393 celebrata,
289 356 338 394 qui
363 361 391 384 et
412 355 476 395 ipsa
500 356 646 384 vocabant
669 355 850 395 πυθοιγίαν,
881 352 961 393 quod
985 363 1000 381 e
1023 351 1103 380 dolio
1127 352 1195 381 vina
1218 353 1363 390 libarent,
1388 354 1561 394 priusquam
1583 355 1653 384 inde
1677 354 1839 394 quidquam
1862 361 2038 394 gustassent.

94 400 273 429 Plutarchus
289 399 337 429 ΙΙΙ.
361 400 496 437 Sympos.
519 399 643 437 (quaest.
665 398 736 435 VII,
761 395 850 437 c.1.).
887 396 1010 425 fiebant
1032 400 1128 423 autem
1151 395 1197 423 die
1218 396 1376 425 undecima
1402 399 1509 426 mensis
1533 398 1674 437 Augusti,
1704 403 1733 427 et
1755 403 1816 427 tum
1840 399 1910 428 deos
1930 411 2038 439 preca-

94 442 221 480 bantur,
246 446 280 470 ut
303 451 334 469 ea
358 441 497 469 libatione
521 441 653 469 contenti
676 440 785 479 reliqui
806 439 867 468 vini
890 436 1056 468 usum‘illis
1079 437 1267 466 innocentem
1289 439 1495 471 concederent.
1539 440 1626 470 Dae.

264 483 515 514 Cicatricare.
562 483 735 512 Cicatricem
758 482 919 519 inducere,
949 480 986 510 de
1007 480 1130 509 vulnere
1154 480 1277 518 dicitur,
1310 492 1376 510 cum
1401 482 1561 511 obducitur
1583 488 1612 512 et
1635 482 1821 511 obcaecatur.
1865 483 1954 514 Dac.

263 524 502 564 Compescere
532 525 666 555 lucum.
712 526 824 554 Lucum
852 525 929 553 intra
961 523 1128 561 descriptos
1151 523 1222 552 fines
1244 524 1387 553 cohibere.
1433 526 1568 554 Putarem
1591 526 1691 564 potius
1714 535 1775 554 esse
1799 526 1899 554 lucum
1924 527 2037 555 conlu-

97 579 164 598 care
187 568 321 598 adhibito
344 569 470 606 piaculo.
513 569 586 597 Nam
609 578 795 607 compescere
819 568 920 596 lucum
942 565 1021 594 idem
1043 565 1179 603 videtur,
1217 568 1297 605 quod
1321 567 1399 606 apud
1423 567 1526 605 virgil.
1550 579 1647 598 ramos
1670 568 1738 606 (Ge.
1754 568 1798 604 ll,
1821 567 1924 608 370.),
1958 569 2038 608 apud

97 611 290 640 Columellam
313 611 398 639 vitem
422 611 490 651 (IV,
514 609 581 651 21.)
606 622 789 651 compescere.
836 610 892 638 Sed
913 609 993 638 Festi
1015 608 1177 636 auctoritas
1200 615 1382 647 praegravat.
1430 609 1516 639 Dac-

266 653 536 693 Commugento.
582 654 702 692 Proprie
727 651 952 691 conclaman105
978 661 1045 680 nam
1069 652 1166 691 mugio
1190 656 1219 679 et
1240 663 1359 692 mugeo,
1384 651 1460 680 unde
1481 661 1656 691 commugeo.
1702 651 1790 680 Dac.

264 696 506 735 Capitarium.
549 696 611 724 lam
636 701 664 724 et
686 695 744 724 hoc
765 705 841 733 nego
864 695 950 723 Festo
974 704 1104 732 unquam
1125 704 1161 722 ne
1183 693 1213 722 in
1235 700 1362 724 mentem
1386 694 1505 733 quidem
1527 695 1659 731 venisse,
1699 693 1751 723 sed
1775 692 1956 734 Capitarium
1983 703 2040 732 aes,

97 737 177 778 quod
199 745 286 777 eaput
308 745 358 768 est.
391 739 456 776 Ait,
479 739 657 777 capitarium
680 748 745 770 aes,
768 738 798 767 id
822 743 863 765 est
888 741 997 766 sortem
1020 736 1196 776 capitarium
1220 739 1338 774 vocari,
1362 737 1430 776 quia
1455 742 1544 776 caput
1567 737 1604 765 sit
1628 746 1744 766 usurae.
1781 737 1886 775 Graeci
1907 734 2040 776 ἀρχαῖον.

96 780 158 818 Ego
180 785 279 809 tamen
302 782 394 817 malo,
419 781 593 820 capitarium
618 791 666 810 aes
690 791 768 817 esse,
792 780 871 819 quod
893 780 988 819 capite
1010 778 1159 818 penditur.
1192 778 1283 808 Aliud
1306 780 1382 809 enim
1405 790 1442 808 ex
1465 790 1555 809 censu
1577 779 1770 818 pendebatur.
1802 779 1877 809 Vide
1902 779 2040 810 Tribu-

97 829 226 854 ἰονιιηι,
273 823 375 852 Cicero
400 832 487 863 caput
509 830 599 852 vocat
623 824 670 860 (ad
693 824 781 852 Attic.
798 823 869 860 XV,
892 825 949 860 26,
972 821 1048 862 29.).
1092 821 1181 851 Dae.

266 864 496 906 conquirere.
545 866 712 905 Legendum
738 864 892 906 Coinquire
913 866 962 894 vel
987 863 1162 904 Coinquere;
1203 869 1365 903 utrumque
1388 864 1466 893 enim
1488 864 1606 893 videtur
1628 868 1822 904 usurpatum,
1854 864 1990 904 coinquio
2013 867 2043 894 et:

98 907 255 947 coituqueo,
279 909 404 937 verbum
427 909 535 937 nemini
558 909 719 946 hactenus,
743 910 821 947 quod
845 912 934 947 puto.
958 907 1206 936 animadversum.
1249 907 1367 936 Dictum
1391 911 1487 936 autem
1512 908 1604 936 veteri
1628 906 1801 936 distortione
1828 907 1964 947 coinquio
1986 917 2042 946 pro

98 952 262 990 coanquiof
285 952 406 991 anquire
428 962 445 980 a
467 953 580 981 Graeco
605 950 717 993 ἄγχειν,
741 962 757 979 a
780 961 838 989 quo
862 950 1000 989 anquina·
1045 950 1151 978 Cinna:

629 994 730 1035 Atque
751 994 880 1033 anquina
902 1001 975 1021 tenet
997 991 1129 1022 stabilem
1144 992 1320 1032 firmissima
1345 1002 1470 1021 cursum.

98 1033 217 1062 Veteres
240 1045 308 1073 ergo
331 1046 387 1075 per
412 1034 439 1074 Q
462 1036 611 1073 dicebant,
641 1036 722 1075 quod
744 1041 846 1075 postea
868 1046 924 1075 per
949 1034 984 1064 G.
1030 1035 1102 1064 Nam
1124 1035 1264 1075 Anquere
1286 1034 1369 1073 prius
1393 1035 1463 1068 suit,
1492 1043 1581 1072 quam
1603 1032 1748 1072 Anguere.
1795 1031 1950 1073 Coinquire
1972 1043 2041 1074 ergo

97 1086 148 1104 seu
175 1075 332 1118 Coinquere
362 1078 481 1107 albores
512 1084 555 1107 est
583 1089 737 1115 coercere,
776 1078 900 1106 verbum
932 1084 1031 1117 aptum
1062 1078 1087 1106 ei
1114 1078 1166 1106 rei.
1210 1077 1242 1105 ln
1266 1077 1365 1105 tabula
1386 1087 1549 1104 marmorea
1572 1086 1631 1103 non
1656 1075 1767 1104 dudum
1792 1076 1901 1103 Rornae
1926 1074 2040 1112 effossa,

97 1119 182 1147 cuius
206 1121 372 1158 exemplum
398 1122 628 1150 communicavit
647 1122 717 1149 mibi
735 1121 776 1149 Cl.
794 1122 956 1156 Puteanus,
979 1121 1018 1149 ita
1033 1121 1153 1158 legitur:
1178 1117 1440 1157 EARUMQUE.
1464 1116 1702 1148 ARBORUM.
1724 1115 2042 1147 ADOLEFACTA-

98 1159 209 1191 RUM.
241 1161 302 1192 ET.
337 1162 736 1202 GOINQUENDARUM.
766 1162 829 1191 ET.
859 1162 914 1193 IN.
943 1161 1007 1192 EO.
1039 1161 1164 1192 LUCO.
1186 1160 1336 1192 ALIAE.
1361 1160 1471 1191 SINT.
1496 1159 1752 1190 REPOSITAE.
1776 1165 1829 1190 etc.
1876 1159 2041 1189 Videndum

97 1204 202 1242 igitur,
234 1214 305 1233 num
328 1207 479 1244 superius,
514 1206 562 1234 ubi
584 1207 724 1244 legimus,
752 1206 908 1245 Coinquire
930 1204 1085 1245 deputare,
1115 1205 1282 1242 intelligere
1305 1205 1478 1241 debeamus,
1508 1209 1537 1232 et
1559 1202 1738 1232 mutilatoris
1760 1203 1936 1241 negligentia
1961 1213 2043 1232 com-

97 1246 219 1275 missum
242 1249 296 1284 sit,
320 1249 476 1286 quominus
498 1249 573 1277 illud
598 1250 779 1288 explicatum
805 1248 850 1276 sit.
885 1248 958 1276 Nam
984 1248 1140 1286 fulguritas
1163 1248 1285 1276 arbores
1308 1256 1444 1276 coercere
1467 1245 1541 1274 nihil
1563 1245 1660 1283 aliud,
1684 1255 1771 1284 quani
1796 1256 1827 1274 ea
1850 1250 1934 1284 parte
1956 1245 2044 1275 ramis

97 1290 263 1325 collucere,
303 1300 358 1327 qua
384 1292 420 1319 de
443 1292 526 1319 coelo
550 1296 643 1320 tactae
666 1297 749 1328 sunt,
788 1296 819 1319 ut
842 1301 898 1329 pro
923 1289 1060 1329 deputare
1088 1290 1244 1329 legendum
1274 1290 1411 1319 videatur
1436 1297 1548 1329 putare.
1592 1290 1667 1317 Sane
1697 1288 1842 1326 quidquid
1873 1292 1932 1324 est,
1970 1287 2046 1317 illud

98 1332 250 1372 coinquere
274 1332 348 1360 nihil
371 1333 451 1362 aliud
475 1339 533 1370 est,
557 1345 643 1372 quam
667 1334 697 1362 id
721 1333 860 1366 verbum,
886 1333 922 1360 de
946 1343 1005 1371 quo
1030 1344 1109 1362 nunc
1133 1335 1252 1371 agimus.
1279 1331 1380 1363 Scal.
1409 1333 1470 1371 Ego
1495 1331 1614 1370 quidem
1637 1330 1711 1359 nihil
1734 1330 1905 1360 mutandum
1931 1340 2043 1360 censeo.

98 1374 271 1414 Conquirere
292 1379 325 1403 ut
348 1376 489 1416 inquirere
511 1381 583 1415 puto
608 1387 669 1405 esse
692 1376 817 1404 verbum
839 1375 919 1403 iuris.
966 1376 1000 1403 Et
1024 1377 1199 1414 conquirere
1222 1375 1311 1411 vitia,
1336 1376 1416 1404 fures
1439 1379 1496 1403 etc.
1519 1374 1675 1410 dicuntur,
1704 1374 1754 1412 qui
1776 1373 1930 1411 inquirunt
1953 1378 1982 1401 et
2004 1373 2044 1401 ita

99 1421 246 1446 coercent.
279 1418 378 1453 Quare
401 1420 568 1458 conquirere
590 1430 727 1448 coercere.
749 1419 797 1446 Sic
819 1416 851 1448 τό
876 1429 1005 1447 coercere
1026 1429 1081 1458 pro
1105 1420 1258 1459 coinquere
1282 1420 1344 1447 sive
1369 1418 1512 1456 deputare
1535 1418 1566 1444 in
1590 1417 1762 1455 precatione
1786 1416 1937 1450 sacrificii,
1961 1416 2042 1454 quod

98 1458 162 1487 fieri
185 1460 299 1488 solebat
321 1461 357 1488 ad
381 1462 580 1490 conlucandas
604 1461 722 1490 arbores
746 1471 844 1490 sacras
868 1460 946 1498 apud
965 1461 1105 1490 Catonem
1130 1460 1282 1501 (c.159.):
1309 1459 1357 1489 ST.
1380 1459 1502 1489 DEUS.
1527 1457 1575 1488 Sl.
1600 1458 1698 1487 DEA.
1723 1457 1780 1487 ES.
1808 1457 1957 1487 CUJUM.
1984 1456 2045 1485 IL-

99 1500 199 1530 LUD.
224 1501 337 1532 SACR
346 1502 419 1532 UM.
438 1502 525 1533 EST.
549 1502 631 1532 UTI.
652 1502 750 1532 TIBI.
768 1502 848 1532 IUS.
867 1502 972 1533 SIET.
989 1502 1141 1533 PORGO.
1161 1502 1365 1533 PIACULO.
1385 1500 1562 1531 FACERE.
1579 1500 1738 1530 ILLIUS.
1758 1499 1896 1530 SACRI.
1916 1498 2044 1529 COER-

102 1541 238 1573 CENDI.
259 1543 386 1573 ERGO.
434 1545 487 1573 [bi
516 1557 643 1574 coercere
669 1546 745 1573 idem
776 1550 835 1580 est,
873 1545 954 1582 quod
983 1545 1138 1574 conlucare
1161 1556 1250 1583 snpra
1277 1545 1354 1574 dixit
1375 1545 1495 1578 Festus,
1536 1544 1614 1582 quod
1642 1544 1671 1572 in
1695 1554 1778 1571 sacra
1803 1544 1876 1571 silva
1899 1542 1962 1571 fieri
1985 1552 2046 1570 non

100 1592 233 1624 poterat,
256 1587 311 1614 nisi
335 1588 416 1625 prius
439 1588 519 1615 sacto
545 1588 671 1626 piaculo.
704 1589 751 1615 Sic
775 1597 866 1625 snpra
883 1587 984 1614 Festus
1001 1588 1150 1627 coinquire
1171 1588 1381 1626 interpretatus
1403 1592 1447 1616 est
1470 1585 1620 1625 deputare,
1643 1591 1676 1614 ut
1700 1586 1844 1614 sexcentis
1869 1585 1942 1613 locis
1964 1584 2047 1623 apud

104 1628 174 1658 Ptin.
191 1634 219 1657 et
236 1630 387 1658 columen.
405 1628 539 1668 deputari
561 1631 634 1657 vitas
658 1635 684 1657 et
708 1630 828 1657 arbores
853 1630 1008 1663 dicuntur,
1033 1640 1156 1666 quarum
1180 1631 1320 1667 superflui
1344 1630 1520 1658 reciduntur
1536 1629 1617 1657 rami.
1645 1629 1681 1657 Et
1698 1628 1784 1656 Ovid.
1802 1628 1837 1656 de
1856 1628 1937 1656 Nuce
1955 1626 2045 1666 (63.):

634 1672 702 1700 Non
726 1672 797 1700 mihi
809 1670 893 1712 falx
916 1672 1022 1699 nimias
1048 1672 1188 1700 Saturnia
1212 1671 1330 1711 deputat
1355 1671 1480 1700 umbras.

104 1712 192 1742 Dae.

269 1753 475 1794 Capitalis.
519 1756 583 1784 Non
608 1766 727 1794 possum
751 1756 836 1784 aliter
860 1755 931 1784 mihi
954 1756 1148 1794 persuadere,
1172 1757 1242 1795 quin
1267 1757 1369 1785 Festus
1393 1757 1431 1784 ita
1456 1755 1620 1794 scripserit:
1647 1753 1791 1792 Capitalis
1814 1753 1912 1790 locus,
1936 1753 1986 1782 ubi
2006 1754 2049 1782 si-

103 1795 176 1836 quid
197 1795 338 1826 violatum
360 1805 417 1830 est,
440 1799 534 1837 capite
556 1798 710 1827 violatoris
732 1799 879 1837 expiatur.
912 1799 985 1827 Nan}
1012 1800 1121 1837 capite,
1146 1809 1205 1827 non
1229 1806 1316 1838 caput
1338 1798 1449 1826 habent
1473 1803 1502 1827 et
1526 1798 1641 1836 priscae
1664 1797 1818 1827 editione&
1854 1797 1954 1832 Quare
1976 1796 2050 1825 Ovi-

103 1839 169 1868 dius
193 1838 320 1878 capiiale
342 1839 478 1880 templum
500 1841 649 1870 Minervae
673 1846 775 1880 captae
798 1841 951 1879 intelligit,
977 1851 1042 1869 cum
1067 1841 1168 1870 scribit
1192 1842 1267 1870 Fast.
1285 1841 1342 1876 111,
1366 1839 1483 1878 (845.):

635 1883 700 1913 Aut
723 1882 803 1923 quod
824 1882 909 1912 habet
932 1882 1021 1922 legem
1044 1885 1151 1923 capitis
1173 1895 1247 1924 quae
1264 1881 1388 1921 pendere
1407 1893 1515 1922 poenas

679 1924 731 1955 Ex
753 1924 806 1954 illo
829 1924 926 1954 iubeat
946 1926 1031 1966 furia
1054 1933 1166 1965 recepta
1190 1925 1266 1955 loco.

104 1966 181 2004 Ergo
205 1965 340 2004 capitalis
361 1967 446 1995 locus
469 1972 528 2005 est,
558 1968 608 2006 qui
630 1967 719 1997 habet
741 1968 852 2006 legem,
884 1973 917 1996 ut
940 1968 1046 2006 capital
1070 1968 1121 2004 sit,
1155 1969 1207 2006 qui
1230 1968 1302 2007 quid
1324 1967 1356 1996 in
1379 1977 1412 1996 eo
1435 1966 1567 1996 violarit.
1613 1964 1755 2006 Capitalis
1777 1964 1859 1994 lucus
1877 1963 1936 1992 hoc
1958 1962 2048 1992 modo

103 2008 228 2038 dicetur.
274 2010 373 2044 Quare
393 2008 491 2047 locus,
515 2020 574 2038 non
596 2009 679 2039 lucus
703 2011 874 2047 legendum,
896 2012 964 2048 quia
988 2009 1070 2039 locus
1096 2016 1125 2040 et
1147 2009 1244 2039 lucum
1268 2015 1297 2040 et.
1320 2011 1375 2039 alia
1398 2007 1640 2048 comprehendat.
1685 2006 1784 2038 Scal.

272 2049 462 2081 Cloacare.
511 2054 608 2091 Supra
638 2052 765 2082 cloacae.
811 2053 932 2081 Closs-..e
962 2058 1091 2082 veteres:
1128 2051 1253 2089 Cloaco,
1288 2050 1426 2091 μολύνω,
1463 2052 1594 2092 inquino.
1638 2051 1694 2080 Pro
1721 2048 1858 2079 cloacare
1885 2052 1942 2076 vet.
1972 2047 2049 2076 liber

105 2092 216 2122 elocare
239 2094 363 2132 optime3
393 2100 435 2122 est
458 2095 534 2123 enim
560 2106 613 2134 pro
637 2094 752 2129 cluat-e,
783 2095 864 2133 quod
887 2095 990 2125 Servio
1013 2101 1058 2124 est
1082 2105 1226 2134 purgare3
1262 2094 1356 2124 cluere
1379 2095 1451 2123 dicit
1473 2095 1546 2124 Plin.
1567 2093 1653 2133 (XV,
1674 2095 1730 2129 29,
1754 2091 1830 2130 36.)
1875 2091 1976 2126 Quare
1997 2099 2049 2119 ⁸¹2-

103 2146 159 2174 pra
182 2136 391 2173 corrigendum
415 2142 473 2166 est:
499 2137 626 2166 Cloacae
648 2148 668 2165 a
688 2136 830 2166 cloeando
854 2136 958 2167 dictae.
1005 2138 1041 2166 At
1064 2137 1200 2167 cloacare
1223 2143 1266 2166 est
1289 2149 1304 2166 a
1328 2138 1439 2168 cloaca.
1484 2136 1573 2166 Dac.

271 2177 458 2218 Conrcgio
469 2191 516 2210 ne.
563 2180 625 2208 Hac
655 2190 726 2207 voce
752 2180 910 2209 utebantur
934 2180 1091 2209 Pontifices
1113 2180 1142 2208 in
1166 2180 1287 2208 ell'andis
1312 2181 1428 2219 templis
1451 2178 1640 2218 auguralibus
1663 2177 1710 2206 vel
1733 2175 1840 2204 finibus
1862 2176 2001 2204 sanorum
2021 2178 2051 2203 et

104 2231 240 2257 ararum,
263 2231 330 2249 cum
353 2222 505 2259 regionum
527 2223 658 2261 ipsarum
681 2222 822 2250 terminos
846 2222 1063 2261 concipiebant.
1106 2222 1200 2251 Varro
1221 2223 1272 2252 lib.
1287 2223 1333 2251 VI.
1357 2223 1424 2261 (lib.
1437 2222 1500 2252 Vll.
1520 2231 1587 2260 pag.
1601 2222 1673 2251 292.
1698 2218 1776 2258 Sp.):
1807 2216 1922 2247 Interea
1947 2227 2048 2247 conre-

101 2263 203 2302 gione.
237 2264 438 2302 conspicione,
475 2266 654 2294 cor-tumione
676 2265 773 2304 utique
795 2275 829 2292 ea
852 2266 1008 2294 rectissime
1029 2265 1112 2297 sensi.
1158 2265 1359 2304 Conregione,
1388 2265 1446 2295 hoc
1468 2268 1527 2300 est,
1565 2268 1599 2292 ut
1620 2262 1716 2291 Varro
1737 2262 1802 2302 ipse
1824 2261 2048 2299 interpretatur,

103 2306 180 2334 intra
203 2316 251 2334 cas
273 2307 425 2344 regiones,
457 2318 514 2346 qua
537 2307 617 2336 oculi
640 2306 839 2345 conspiciunt.
882 2307 967 2337 Dac-

105 2388 136 2418 ἆ.
270 2347 481 2418 ἳοιιᾶἰοιίο.
527 2350 599 2379 Vide
622 2355 723 2378 notum
748 2349 785 2378 ad
811 2348 977 2380 Condicere.
1015 2350 1124 2380 Eadem
1151 2350 1284 2388 videtur,
1307 2361 1381 2390 quae
1406 2346 1679 2390 comperendinatio.
1715 2346 1789 2376 Vide
1811 2357 1855 2375 res
1878 2350 2047 2380 comperen-

126 2397 232 2419 mame.
314 2401 364 2421 ac.

1481 2443 1592 2477 Ddd
1622 2444 1641 2465 *
