2263 2668
500 132 564 165 BE
591 131 976 167 SIGNIFICATIONE
1002 130 1286 167 VERBORUM.
1338 134 1484 169 LIBER
1510 135 1551 171 11.

1947 139 1997 175 27

55 231 167 264 Buteo
195 237 301 272 genus
325 226 410 266 avis,
436 226 494 269 qui
510 223 535 243 ⁴²
562 238 602 259 ex
622 238 662 260 eo
689 239 724 260 se
745 227 821 268 alit,
848 225 940 269 quod
967 225 1117 269 accipitri
1142 227 1315 270 eripuerit,
1340 229 1563 274 vastitatisque
1583 233 1631 263 est
1661 240 1761 263 causa
1787 229 1840 263 his
1862 231 1945 266 locis
1957 229 1993 275 4³,

155 290 242 323 quae
263 278 448 319 intraverit,
475 282 511 310 ut
532 279 641 320 bubo,
669 290 688 311 a
716 290 784 322 quo
814 279 912 311 etiam
936 277 1126 321 appellatur
1147 278 1259 311 buteo.

54 332 214 366 Buccina
228 326 270 370 ⁴⁴,
297 341 398 372 quam
425 340 484 362 nos
511 331 741 374 appellamus,
770 330 893 363 Graeci
916 326 1112 374 βουκιανόν

1131 325 1155 346 ⁴5
1182 342 1201 362 a
1228 330 1441 363 similitudine
1468 332 1538 363 soni
1557 328 1582 348 ⁴⁰
1609 331 1731 366 dicunt.

55 384 235 417 Bulimam
256 381 378 414 Graeci
402 392 558 425 magnam
583 381 707 415 famem
732 382 866 422 dicunt,
894 381 1010 414 assueti
1033 379 1164 424 magnis
1187 385 1219 414 et
1243 382 1362 425 amplis
1384 383 1481 415 rebus
1496 395 1705 427 praeponere
1726 387 1795 429 βου
1809 379 1852 425 ⁴⁷,
1880 395 1899 416 a
1923 395 1996 416 ma-

158 433 333 479 gnitudine
356 432 484 466 scilicet
503 433 597 465 bovis
619 430 653 466 ⁴⁸.

159 497 233 519 cam
248 480 273 501 ⁵⁰
298 484 399 517 ficum
421 481 445 501 ⁵¹
471 483 649 528 βούσυκον
667 481 701 517 ⁵².

55 537 229 571 Bubleum
251 531 276 551 ⁵3
303 540 351 568 est
367 531 391 551 5⁴
415 546 519 579 genus
546 536 719 578 quoddam
744 537 820 568 vini.

707 434 798 468 Hinc
829 438 896 476 est,
934 431 1025 476 quod
1051 432 1196 477 grandes
1216 433 1312 477 pueri
1342 430 1573 478 ῥόύπαιὸοις49
1600 436 1789 479 appellant,
1824 439 1856 468 et
1878 436 1996 469 maris-

56 588 284 634 Bucephalus
310 590 446 619 vocatus
471 592 517 619 est
539 599 642 630 equus
663 587 844 620 Alexandri
866 586 953 630 regis
977 588 1117 629 propter
1138 585 1308 627 quandam
1334 585 1450 618 bubuli
1475 586 1589 630 capitis
1610 587 1868 622 similitudinem.

56 641 181 674 Benna
199 635 223 656 ⁵⁵
250 638 365 682 lingua
393 637 525 671 Gallica
553 651 658 683 genus
685 639 829 673 vehiculi
855 637 1059 682 appellatur,
1094 636 1184 669 unde
1218 640 1376 670 vocantur
1408 639 1652 672 combennones
1671 635 1696 657 ⁵⁰
1722 639 1841 672 eadem
1861 634 1887 655 5⁷
1912 639 1995 672 ben—

158 702 200 723 na
217 686 242 707 ⁵⁸
269 689 427 722 sedentes.

57 741 200 776 Bessem
226 741 434 785 appellatum
460 753 528 773 esse

160 794 295 832 unciae,
331 793 428 825 triens
455 789 562 827 tra-¹³²².

538 737 562 757 59

565 765 574 781 ‚
609 741 701 784 quod
728 741 775 774 bis
802 741 900 772 triens
927 740 983 779 sit.
1018 738 1166 782 quamvis
1193 736 1309 771 (111111ιὶο
1331 739 1530 783 compositio
1554 741 1611 773 fiat
1621 737 1661 780 61;
1700 740 1800 774 bessis
1824 745 1902 774 octo
1925 745 1998 773 sunt

57 845 197 878 Bellum
217 856 236 876 a
258 840 411 876 belluis⁶³
433 843 567 885 dicitur.
600 840 710 886 quiaffl
730 843 915 875 belluarum
944 841 982 874 sit
1008 840 1194 886 perniciosa
1222 840 1390 873 dissensio.

58 892 242 930 Bar·iun1.‘¹⁵
263 896 380 928 urbem
399 896 513 928 ltaliae
539 891 784 940 appellarunt⁰⁶
805 894 992 927 conditores
1020 893 1088 926 eius
1111 891 1238 937 expulsi
1266 903 1306 925 ex
1332 892 1434 925 insula
1461 889 1593 934 Baraffl,
1620 904 1705 937 quae
1731 904 1797 926 non
1823 893 1926 938 longe
1952 897 1999 926 est

159 960 178 980 a
197 947 384 980 Brundisio.

57 999 287 1032 Brundisium
296 997 320 1015 ‘¹⁵
343 997 478 1040 quidam
501 1004 621 1042 poetae
643 996 807 1029 brevitatis
830 1007 925 1029 causa
946 995 1114 1028 Brendam
1125 991 1150 1012 ⁶⁹
1171 994 1332 1027 dixerunt.

59 1046 317 1097 Beneficim·ii⁷⁰
344 1050 537 1082 dicebantur
565 1049 701 1087 milites.

753 1048 810 1091 qui
836 1048 998 1080 vacabant
1024 1047 1166 1079 muneris
1192 1046 1374 1084 beneficio3

1604 1041 1669 1062 '¹11

1427 1058 1445 1078 e
1472 1051 1636 1078 contrario
1697 1045 1869 1079 munifices
1896 1056 1998 1079 voca-

159 1102 294 1140 bantur,
336 1101 393 1144 qui
419 1112 484 1133 non
511 1102 690 1141 vacabant,
726 1099 783 1131 sed
808 1110 924 1131 munus
951 1099 1155 1143 reipublicae
1182 1098 1359 1131 faciebant.

59 1153 241 1199 Benignus
267 1153 403 1197 proprie
426 1152 545 1185 dicitur
567 1148 627 1185 13ῒΖ

161 1203 332 1249 gignendo
343 1201 377 1238 Ἠ,

629 1177 637 1192 .
678 1152 736 1193 qui
763 1151 857 1183 bonis
884 1156 916 1184 et
943 1148 1086 1195 dignis³³
1108 1150 1257 1195 largitur.

1310 1150 1370 1182 Est
1396 1153 1506 1181 autem
1535 1148 1757 1192 compositum
1785 1159 1824 1181 ex
1849 1148 1939 1180 bono
1968 1153 2000 1181 et

59 1256 208 1290 Bellona
235 1255 408 1287 dicebatur
437 1254 500 1286 dea
526 1250 734 1296 bellorum⁷⁵‚
778 1259 853 1285 ante
876 1253 965 1285 cuius
987 1253 1151 1298 templum
1176 1257 1245 1285 erat
1272 1247 1496 1294 columella⁷⁶‚
1542 1262 1628 1293 quae
1652 1250 1782 1283 Bellica
1807 1250 1999 1291 vocabatur,

161 1317 260 1351 super
286 1318 384 1348 quam
413 1305 541 1338 hastam
569 1306 748 1343 iaciebant.
790 1317 891 1348 quum
919 1305 1045 1338 bellum
1071 1305 1288 1339 indicebatur.

60 1354 259 1391 ΒίάεηίαίΠ
287 1358 442 1390 dicebant
468 1357 640 1399 quoddam
665 1357 846 1401 templum.
881 1357 974 1400 quod
1001 1358 1035 1389 in
1061 1368 1102 1390 eo
1129 1356 1316 1389 bidentibus
1345 1354 1460 1387 hostiis
1487 1353 1725 1386 sacrificaretur
1736 1349 1768 1386 ⁷⁸.

59 1487 99 1492 —
132 1471 181 1508 41)
204 1471 411 1509 appellamus]
449 1470 497 1498 Sic
521 1471 578 1500 Gu.
603 1474 631 1503 2.
688 1481 833 1499 vocamus
859 1471 938 1506 vulg.
967 1485 1009 1492 —-—

60 1514 107 1551 42)
133 1513 199 1552 qai]
227 1523 305 1551 quac
326 1514 358 1541 L.
381 1515 408 1541 S.
435 1529 475 1533 —
500 1516 544 1550 45)
567 1514 625 1548 stis]
649 1514 677 1540 i-s·
700 1514 733 1543 Β.
764 1530 806 1536 ·--
827 1512 876 1553 44)
897 1512 1009 1541 Bucci—

60 1554 119 1593 ηα]
139 1557 263 1583 Βιιείηα
284 1556 316 1584 Β.
332 1555 368 1583 M.
388 1556 443 1583 Gu.
457 1558 484 1586 2.
511 1572 554 1576 —
581 1556 629 1596 45)
658 1554 839 1594 βουκιανόν]
869 1556 917 1584 Sic
937 1556 1010 1584 scri-

60 1598 105 1636 psi
123 1608 138 1626 e
152 1598 283 1634 vestigiis
300 1597 387 1626 codd.
403 1598 442 1626 M.
470 1598 525 1626 Gu.
546 1601 573 1629 2.
587 1621 595 1634 ,
625 1598 655 1626 in
679 1599 787 1637 quibus
810 1603 853 1627 est
876 1598 1009 1626 buchia-

61 1650 137 1677 ηυη,
165 1645 199 1668 ut
227 1640 318 1668 habet
339 1641 367 1668 S.
412 1640 445 1667 B.
472 1640 502 1668 in
525 1650 616 1677 marg.
637 1640 726 1669 habet
750 1642 912 1680 βουχίανον
935 1641 1009 1668 Scal.

62 1682 189 1710 coniecit
211 1682 353 1710 [amanen.
402 1682 514 1711 Neutra
541 1693 603 1711 vox
625 1683 655 1711 in
687 1683 791 1712 lexicis
820 1683 941 1712 Graecis
963 1693 1009 1712 re-

62 1724 190 1764 peritur.
240 1725 337 1753 Unum
366 1723 494 1753 afferunt
520 1726 645 1754 verbum
666 1727 823 1765 βουκινίζω
846 1726 866 1754 i.
892 1736 915 1754 e.
941 1726 1010 1754 bac-

61 1768 173 1796 cinare.
215 1767 273 1796 Sed
296 1777 384 1806 saepe
400 1767 502 1796 videre
518 1768 596 1805 licet,
619 1769 738 1797 ultimae
754 1769 930 1797 Graecitatis
944 1778 1010 1797 ver-

62 1811 99 1838 ba
114 1810 152 1838 ad
168 1809 362 1847 etymologias
378 1819 443 1837 suas
461 1810 677 1840 confirmandas
701 1811 806 1840 afferre
830 1811 1009 1840 Grammati-

62 1861 123 1880 cos.
169 1851 252 1880 Unde
273 1862 334 1880 11011
357 1852 463 1881 mirum
486 1858 542 1889 est,
566 1854 589 1882 si
612 1855 669 1883 tale
697 1854 874 1883 vocabulum
897 1855 1010 1892 quaesi-

62 1894 151 1924 erint.
195 1893 304 1922 buchia
328 1900 371 1923 est
393 1896 510 1933 vulgata
533 1896 633 1927 lectio.
655 1913 697 1918 —
719 1897 765 1936 46)
788 1896 867 1935 soni]
882 1898 962 1925 vocis
978 1896 1010 1924 L.

63 1953 102 1959 ——
125 1938 170 1973 47)
194 1936 266 1974 βου]
291 1936 375 1975 apud
393 1939 523 1966 Graecos
538 1939 627 1967 valde
645 1941 803 1978 sigm'ficat
826 1939 894 1968 add.
913 1940 946 1967 B.
969 1953 1010 1959 —-

61 1978 108 2016 48)
138 1978 238 2016 bovis]
269 1979 333 2006 bois
364 1979 469 2011 Gu.1.
505 1997 541 2002 -
584 1981 630 2022 49)
661 1980 848 2021 βούπαιὸας]
878 1979 1011 2018 hupedas·

62 2021 101 2050 M.
124 2021 181 2050 Gu.
202 2024 228 2053 1.
244 2023 272 2051 2.
296 2031 340 2060 pr.
362 2038 401 2042 -—
439 2020 484 2062 50)
507 2024 682 2064 mariscum]
707 2035 790 2053 mare
807 2025 964 2052 Sicanium
978 2022 1010 2051 L.

63 2074 146 2091 mare
162 2064 332 2091 scau-sicum
347 2064 379 2092 B.
423 2075 505 2093 mare
519 2068 684 2105 scanficum
704 2077 751 2105 pr.
797 2077 879 2094 mare
900 2070 1009 2093 santa-

63 2108 162 2134 sicum
190 2106 247 2134 Gu.
275 2109 300 2137 1.
330 2122 366 2128 —
399 2106 445 2146 51)
465 2108 580 2147 ficum]
611 2120 668 2138 om.
694 2110 726 2139 L.
754 2125 797 2131 —-
827 2110 872 2143 52)
898 2106 1011 2147 βούσυ·

62 2148 133 2187 κον]
156 2148 282 2176 husicon
303 2149 360 2178 Gu.
384 2151 410 2180 1.
426 2153 454 2181 2.
497 2151 635 2180 basset-on
658 2153 691 2182 B.
735 2151 884 2188 buscycon
906 2150 943 2178 M.
969 2165 1010 2172 —-

63 2190 108 2229 53)
131 2189 298 2229 Bubleum]
328 2191 467 2219 Eulaeum
496 2193 536 2222 M.
565 2195 620 2223 Gu.
643 2197 671 2225 2.
722 2194 899 2221 Buheumm
921 2192 952 2221 L.
977 2192 1010 2221 Β.

64 2234 120 2262 Gu.
146 2235 174 2265 1.
202 2243 247 2272 pr.
280 2249 321 2254 —
353 2233 398 2272 54)
422 2234 476 2272 est]
501 2245 559 2265 om.
582 2236 612 2264 L.
637 2237 670 2264 B.
695 2237 750 2264 Gu.
772 2239 799 2267 1.
820 2246 864 2274 pr.
892 2251 935 2257 —
964 2235 1010 2271 55)

62 2275 185 2314 Benna]
203 2278 291 2304 Bena
305 2276 338 2304 B.
351 2292 391 2298 —
407 2275 455 2316 56)
470 2284 616 2306 vocantur
630 2277 853 2316 combennones]
869 2278 917 2306 Sic
934 2278 965 2307 L.
978 2278 1010 2306 B.

62 2318 101 2348 M.
117 2318 172 2347 Gu.
182 2321 210 2349 2.
227 2329 270 2357 pr.
288 2320 315 2347 S.
359 2324 484 2347 vocatur
501 2320 557 2349 Gu-
568 2323 594 2352 1.
639 2326 788 2349 vocantur
805 2331 861 2349 0111.
875 2321 954 2359 vulg.
970 2336 1011 2343 —

63 2362 109 2399 57)
131 2359 245 2399 eadem]
269 2360 392 2390 additur
408 2362 497 2400 vulgo
514 2373 649 2402 praepos.
667 2366 713 2400 in,
737 2374 825 2402 quam
842 2374 898 2392 om.
915 2364 1009 2394 Gu.2.

65 2419 106 2427 —
120 2406 167 2440 58)
184 2403 292 2442 benna]
307 2403 430 2433 eandem
445 2405 572 2434 hermam
586 2416 630 2445 pr.
671 2407 745 2435 hena
761 2406 793 2436 B.
818 2422 853 2428 —
879 2408 924 2442 59)
938 2405 1011 2434 Bes-

1051 1481 1111 1498 sem
1131 1470 1320 1508 appellatum
1338 1467 1414 1507 esse}
1437 1468 1485 1497 Sic
1502 1467 1542 1498 M.
1559 1468 1614 1497 Gu.
1631 1468 1657 1498 1.
1673 1468 1701 1497 2.
1746 1464 1854 1503 Recepi
1871 1463 1929 1493 hoc
1943 1474 2000 1503 pro

1052 1514 1133 1551 vulg.
1156 1512 1215 1542 Bes
1238 1512 1427 1551 appellatum
1450 1516 1507 1547 est,
1539 1511 1607 1549 quia
1623 1510 1654 1538 in
1669 1508 1780 1547 optimo
1796 1512 1841 1537 est
1856 1507 1958 1536 codice
1974 1511 2002 1536 et

1052 1556 1159 1584 Paulus
1174 1566 1260 1594 saepe
1273 1565 1327 1594 per
1340 1554 1477 1583 infinitivi
1490 1552 1739 1581 constructionem
1754 1551 1865 1589 glossas
1881 1559 2002 1588 compo·

1052 1599 1105 1627 nit.
1144 1604 1186 1625 est
1201 1609 1257 1626 om.
1274 1599 1307 1626 B.
1342 1597 1420 1624 beses
1433 1597 1464 1624 L.
1480 1596 1512 1626 B.
1535 1612 1573 1616 —
1597 1593 1642 1633 60)
1661 1593 1754 1632 dura]
1768 1592 1838 1621 dira
1855 1593 1910 1621 Gu.
1922 1594 1948 1622 1.
1961 1608 2002 1614 —-—

1053 1641 1098 1680 61)
1115 1642 1291 1679 compositio
1299 1640 1372 1677 fiat]
1392 1639 1513 1667 additur
1527 1638 1618 1675 vulgo
1635 1637 1728 1664 hessis
1740 1647 1772 1663 ex
1786 1637 1899 1672 triente,
1924 1634 2003 1672 quod

1053 1694 1109 1712 om.
1126 1694 1225 1711 omnes
1239 1682 1325 1712 codd.
1354 1697 1395 1702 —
1423 1679 1470 1720 62)
1493 1680 1585 1707 hessis
1600 1684 1663 1707 octo
1678 1684 1750 1706 sunt
1765 1679 1888 1714 unciae,
1909 1678 2003 1705 triens

1052 1728 1120 1761 tres]
1136 1726 1184 1754 Sic
1199 1726 1254 1753 Gu.
1265 1728 1294 1756 2.
1334 1723 1427 1751 bessis
1441 1733 1545 1751 norem
1558 1727 1630 1749 sunt
1646 1723 1767 1758 unciae,
1791 1721 1884 1748 triens
1899 1725 1958 1747 tre-⁵*
1970 1719 2002 1747 B.

1054 1769 1109 1797 Gu.
1120 1772 1146 1799 1.
1178 1767 1256 1795 unde
1269 1767 1316 1794 bes
1332 1776 1435 1793 novem
1451 1770 1522 1792 sant
1538 1766 1656 1801 unciae,
1678 1766 1772 1792 trien-5·
1784 1769 1842 1791 tres
1850 1763 1881 1791 L.
1911 1762 2003 1790 bessis

1052 1822 1155 1840 novem
1170 1815 1239 1838 sunt
1255 1809 1364 1836 unciae
1377 1809 1469 1835 triens
1484 1809 1570 1835 tresis
1581 1808 1619 1837 M.
1656 1817 1713 1836 om.
1728 1810 1823 1835 totum
1837 1805 1906 1834 edit.
1919 1804 2003 1843 prin-

1053 1864 1133 1892 ceps.
1177 1852 1269 1880 bessis
1287 1852 1395 1879 unciae
1416 1856 1497 1887 octo,
1527 1852 1619 1878 triens
1642 1855 1774 1889 quatuor
1788 1848 1867 1886 vulg.
1911 1846 2003 1874 bessi-s

1053 1898 1161 1925 unciae
1176 1900 1241 1922 octo
1256 1899 1342 1930 sunt,
1365 1895 1458 1921 triens
1474 1898 1617 1932 quatuor.
1632 1894 1660 1921 S.
1684 1908 1725 1913 —
1747 1889 1794 1929 63)
1817 1890 1934 1924 belluis]
1959 1888 2003 1916 be.

1052 1939 1115 1966 luis
1130 1939 1160 1967 B.
1177 1938 1215 1966 M.
1232 1938 1287 1965 Gu.
1303 1939 1331 1967 2.
1346 1946 1391 1975 pr.
1437 1947 1450 1963 e
1465 1936 1519 1964 bel.
1539 1935 1579 1964 Μ.
1606 1951 1649 1957 -—-
1677 1933 1725 1976 64)
1749 1934 1842 1972 quia]
1867 1930 1951 1970 quod
1969 1931 2002 1960 L.

1053 1997 1092 2004 -—-
1116 1980 1161 2017 65)
1184 1981 1326 2014 Barium]
1349 1980 1471 2006 Barum
1485 1979 1515 2007 L.
1532 1978 1564 2006 B.
1584 1989 1630 2017 pr.
1653 1993 1696 2000 --
1720 1977 1768 2014 66)
1792 1975 2001 2013 appellarunt]

1054 2023 1101 2051 Sic
1118 2023 1154 2050 M.
1174 2023 1229 2052 Gu.
1240 2025 1267 2054 2.
1303 2021 1530 2059 appellaverunt
1546 2021 1628 2059 vulg.
1651 2035 1692 2042 -—
1714 2019 1762 2056 67)
1779 2018 1881 2056 Bura]
1897 2019 2003 2045 Barra

1054 2066 1086 2095 B.
1103 2065 1140 2094 M.
1157 2066 1210 2093 Gu.
1221 2067 1248 2096 2.
1264 2079 1306 2085 --
1319 2065 1363 2100 58)
1381 2064 1597 2103 Brundisium]
1612 2063 1659 2092 Sic
1675 2062 1712 2091 Μ.
1729 2062 1785 2092 Gu.
1795 2064 1824 2092 2.
1839 2062 1867 2089 S.
1896 2062 2003 2088 Brun-

1054 2108 1120 2136 (lus.
1138 2108 1216 2145 vulg.
1251 2106 1456 2135 Brundi-sitam
1471 2118 1538 2135 vero
1553 2107 1586 2136 L.
1621 2104 1825 2134 Brundisiver
1843 2103 1897 2133 Gu.
1915 2105 1941 2132 1.
1958 2111 2002 2140 pr.

1053 2167 1095 2172 —-
1117 2149 1164 2187 69)
1180 2148 1345 2185 Bae-mdczm]
1364 2149 1536 2178 Breomlctm
1551 2149 1581 2177 B.
1600 2165 1643 2170 --
1660 2147 1706 2188 70)
1721 2146 1927 2185 Beneficiaril]
1943 2143 2002 2172 Be-

1054 2194 1216 2231 nefieliarc'i
1228 2193 1259 2220 B.
1289 2194 1486 2231 Betzqfictarla‘
1502 2193 1556 2221 Gn.
1572 2194 1600 2223 1.
1618 2202 1664 2231 pr.
1695 2189 1894 2227 Benefactart'
1906 2188 2000 2216 Gu.2.

1052 2252 1095 2258 ..-
1116 2233 1164 2275 71)
1186 2246 1200 2263 e
1214 2237 1381 2271 contrario]
1406 2241 1433 2263 et
1450 2247 1464 2263 e
1480 2245 1618 2263 converso
1640 2235 1669 2264 L.
1697 2251 1732 2255 -
1756 2231 1803 2271 72)
1826 2231 1939 2259 dicitur
1955 2227 1999 2273 is]

1055 2280 1082 2306 is
1097 2277 1208 2307 dicitur
1224 2278 1278 2306 Gu.
1297 2282 1324 2309 1.
1361 2277 1477 2306 dicitur
1492 2288 1550 2307 om.
1568 2278 1599 2305 L.
1623 2293 1664 2299 —
1686 2276 1731 2315 73)
1754 2281 1779 2303 et
1793 2273 1906 2312 dignis]
1921 2267 1999 2316 e-dt-

1052 2322 1124 2360 gnis
1137 2321 1173 2351 M.
1217 2326 1243 2348 et
1263 2320 1409 2359 benignus
1427 2322 1483 2350 Gu.
1498 2324 1527 2353 2.
1551 2335 1593 2342 —-
1615 2321 1660 2353 74)
1681 2316 1845 2357 gignendo]
1868 2324 1900 2341 ex
1913 2320 1997 2350 gtgn.

1056 2365 1089 2393 L.
1116 2380 1151 2385 —
1177 2365 1221 2397 75)
1245 2362 1301 2391 dea
1316 2363 1470 2399 bellorum]
1495 2374 1551 2392 om.
1565 2363 1599 2391 B.
1623 2379 1661 2383 —
1685 2362 1732 2398 76)
1757 2355 1925 2389 columella]
1948 2362 1996 2379 ⁶⁰*

1056 2406 1176 2435 lomella
1191 2406 1228 2435 M.
1244 2416 1288 2445 pr.
1302 2423 1341 2428 —-
1364 2409 1409 2442 77)
1428 2404 1588 2443 Bidental]
1604 2403 1761 2432 Bldemtal
1776 2400 1812 2428 M.
1829 2415 1865 2420 —-
1884 2398 1929 2429 78)
1943 2402 1993 2419 θα·

1516 2456 1588 2488 D*
