2263 2668
492 146 556 181 DE
582 144 967 182 SlGNIFICATIONE
993 146 1277 183 VERBORUM.
1336 149 1481 184 LIBER
1507 150 1596 184 xlx.

77 242 168 276 Truo
196 240 262 274 avis
288 240 510 274 onocrotalus.

1946 153 2019 189 157

564 240 727 276 Caecilius
752 241 890 274 irridens
917 241 1180 286 magnitudinem
1207 243 1292 276 nasi:

442 300 518 334 Pro
544 301 597 335 dii
622 302 854 342 immortales,
891 301 984 335 unde
1004 303 1185 348 prorepsit
1211 301 1318 337 trun?

76 361 195 407 Trepit
221 360 335 402 vertit,
375 361 465 394 unde
491 361 624 406 trepido
651 367 683 395 et
709 361 908 406 trepidatio,
942 362 1020 405 quia
1046 363 1235 397 turbatione
1262 376 1354 398 mens
1380 364 1526 397 vertitur.

73 413 320 458 Triumphales
345 424 491 447 coronae
517 418 607 454 sunt,
642 425 729 457 quae
755 413 948 458 imperatori
974 414 1094 448 victori
1120 426 1240 449 aureae
1266 416 1520 461 praeferuntur,
1554 412 1677 460 quae²¹³
1696 416 1906 461 temporibus
1933 418 2017 452 anti-

172 465 244 508 quis
270 469 411 509 propter
436 469 671 509 paupertatem
697 465 831 498 laureae
857 465 998 498 fuerunt.

76 524 258 570 Templum
291 524 456 569 significat
489 529 523 558 et
555 525 746 560 aedilicium
780 524 846 558 deo
879 530 1042 558 sacratum
1077 530 1110 558 et
1141 525 1289 571 tignum,
1340 526 1434 570 quod
1465 526 1498 559 in
1525 526 1680 561 aedificio
1705 531 1924 562 transversum
1950 539 2017 574 po-

172 577 268 609 nitur.

74 635 246 669 Transtra
273 641 306 668 et
330 635 466 668 tabulae
492 635 622 668 navium
650 636 803 670 dicuntur
829 641 862 669 et
886 636 997 681 tigna,
1041 647 1128 680 quae
1156 648 1195 670 ex
1205 633 1230 654 ²⁹
1253 637 1380 682 pariete
1405 638 1438 670 in
1465 638 1625 682 parietem
1653 639 1879 684 porriguntur.

76 687 300 721 Tromentina
311 683 335 703 ³⁰
357 687 460 720 tribus
487 699 506 720 a
533 698 655 732 campo
682 688 867 720 Tromento
894 687 994 721 dicta.

75 738 241 784 Tragula
267 749 373 783 genus
399 739 474 779 teli,
516 738 622 781 dicta,
664 739 755 782 quod
783 744 876 773 scuto
902 739 1002 772 infixa
1027 738 1188 772 trahatur.

74 787 250 824 ΤΙιεηπίη31
271 786 404 823 deam³²
425 791 587 835 putabant
613 802 697 832 esse,
730 802 817 834 quae
844 791 1053 836 praeciperet
1078 787 1304 824 hominibus³³
1326 791 1361 824 id
1388 797 1520 837 petere,
1551 792 1644 836 quod
1670 793 1719 826 fas
1747 798 1847 835 esset,
1875 804 2017 837 eamque

174 841 210 874 id
237 853 306 875 esse
333 841 578 883 existimabant,
610 842 703 886 quod
731 847 763 875 et
789 843 838 875 fas
866 847 923 877 est.

77 902 219 935 Termes
244 913 353 934 ramus
363 898 388 919 ³⁴
408 902 561 935 desectus
571 898 596 919 ³⁵
618 913 658 935 ex
684 903 804 936 arbore
815 899 849 945 ³⁶,
890 914 952 937 nec
978 902 1067 935 foliis
1093 902 1262 947 repletus,
1305 914 1368 938 nec
1391 903 1485 936 nimis
1511 903 1640 948 glaber.

77 952 190 986 Tenus
216 954 379 998 significat
405 954 524 992 finem3
555 958 590 986 ut
600 950 624 970 ³⁷
645 965 747 997 quum
775 954 914 988 dicimus
940 954 1110 988 hactenus

76 1005 231 1038 Trossuli
257 1006 382 1049 equites
410 1005 509 1045 dicti,
545 1005 638 1049 quod
665 1005 830 1050 oppidum
857 1007 1045 1040 Tuscorum
1072 1006 1272 1039 Trossulum
1299 1006 1367 1039 sine
1395 1016 1500 1050 opera
1526 1005 1677 1049 peditum
1705 1007 1863 1050 ceperint.

77 1056 301 1098 Tacitarnus,
329 1056 386 1100 qui
412 1056 511 1090 facile
537 1061 634 1091 tacet.

78 1108 219 1142 Tacitus
245 1109 343 1142 etiam
371 1104 552 1153 argutusae,
594 1109 674 1151 quia
700 1112 811 1153 potest
837 1108 1015 1152 aliquando
1027 1104 1052 1125 ³⁹

1072 1112 1192 1142 tacere.

77 1159 221 1194 Tenitae
246 1160 466 1194 credebantur
493 1170 561 1193 esse
587 1160 724 1192 sortium
751 1160 853 1202 deae,
894 1160 1022 1201 dictae,
1057 1159 1149 1204 quod
1176 1159 1311 1192 tenendi
1337 1158 1501 1192 haberent
1525 1162 1736 1203 potestatem.

77 1211 238 1245 Termino
265 1223 357 1245 sacra
385 1207 594 1253 faciebant⁴⁰‚
622 1211 715 1254 quod
738 1211 772 1244 in
794 1212 861 1244 eius
885 1212 986 1245 tutela
1010 1212 1091 1245 fines
1114 1222 1272 1256 agrorum
1297 1222 1367 1244 esse
1390 1211 1563 1255 putabant.

1614 1210 1768 1256 Denique
1788 1211 1896 1244 Numa
1915 1210 2018 1243 Pom-

172 1263 270 1308 pilius
296 1263 422 1305 statuit,
458 1274 551 1303 eum,
585 1263 642 1306 qui
668 1263 843 1296 terminum
871 1268 1050 1307 exarasset,
1085 1267 1118 1296 et
1143 1263 1253 1307 ipsum
1281 1267 1314 1296 et
1340 1263 1444 1296 boves
1470 1273 1580 1297 sacros
1608 1274 1691 1297 esse.

75 1322 255 1356 Terminus
287 1334 355 1366 quo
388 1323 467 1356 loco
502 1323 690 1364 colebatur,
737 1334 837 1368 super
865 1335 939 1357 eum
967 1325 1119 1357 foramen
1146 1324 1283 1368 patebat
1309 1323 1342 1356 in
1368 1327 1475 1364 tecto,

172 1374 368 1408 Terminum
394 1375 478 1408 intra
505 1379 628 1408 tectum
656 1371 875 1409 consistere⁴¹.

1524 1322 1616 1367 quod
1644 1322 1735 1356 nefas
1761 1334 1829 1356 esse
1854 1325 2020 1367 putarent,

785 1492 1091 1535 LIBER
1164 1492 1300 1535 XIX.

76 1579 109 1612 V
105 1580 210 1613 icinia
236 1578 418 1612 vicinorum
429 1575 454 1596 ⁴²
474 1579 680 1612 conversatio
689 1576 723 1612 ⁴³.

77 1627 288 1676 J'esperna‘ss
310 1630 401 1674 apud
428 1631 582 1664 Plautum
610 1641 715 1665 coena
741 1629 947 1674 intelligitur.

77 1682 252 1726 l'esticeps
277 1693 380 1726 puer,
422 1679 513 1725 qui⁴⁵
533 1682 597 1715 iam
625 1682 756 1715 vestitus
783 1687 830 1714 est
855 1681 1047 1725 pubertate,
1093 1675 1262 1714 econtra⁴¹ss
1288 1679 1416 1712 investis
1427 1675 1463 1720 ¹²⁷,
1502 1678 1558 1722 qui
1586 1678 1729 1713 necdum
1755 1678 1934 1723 pubertate
1962 1689 2018 1711 ve-

173 1733 265 1766 stitus
291 1737 338 1766 est
347 1729 380 1764 ⁴⁸.

73 1884 131 1913 quo
149 1877 191 1902 est
211 1871 353 1900 Tritonia
374 1873 427 1910 (ut
444 1871 584 1900 exhibent
601 1872 629 1900 L.
645 1873 711 1911 S.)‚
734 1872 784 1901 sed
801 1881 904 1900 rasura
921 1875 964 1900 est
979 1871 1025 1899 in-

72 1922 117 1945 ter
135 1916 205 1943 trito
227 1919 254 1943 et
272 1915 340 1950 nia,
368 1918 401 1942 ut
419 1915 577 1943 verisimile
600 1915 655 1952 sit,
685 1915 775 1944 fuisse
794 1925 809 1942 a
826 1915 919 1953 prima
937 1923 1026 1942 manu

79 1958 264 1997 Tritogenia,
293 1966 358 1984 nam
382 1957 437 1985 Gu.
453 1960 483 1989 2.
506 1957 682 1996 plerumque
707 1957 854 1986 consentit
875 1967 942 1985 cum
961 1956 1025 1984 Μο-

72 2013 135 2031 nac.
188 1999 333 2037 Dogenia
355 1999 410 2026 Gu.
430 2002 457 2029 1.
480 2010 524 2039 pr.
577 2001 744 2037 Ttilegenia
766 2001 799 2028 B.
850 1999 1026 2037 Tritogonia

73 2045 150 2083 vulg.
174 2059 210 2065 ——
236 2040 281 2079 28)
306 2040 400 2080 quae]
425 2051 480 2070 om.
496 2042 527 2071 B.
551 2058 592 2064 —
615 2038 662 2081 99)
684 2042 734 2081 ex]
755 2053 814 2081 pro
836 2043 867 2072 L.
884 2042 914 2070 B.
929 2051 974 2080 pr.
992 2041 1022 2070 S.

71 2105 112 2110 —
134 2089 181 2125 30)
210 2082 411 2122 Tromentina]
439 2086 630 2113 Tormentina
643 2086 674 2113 L.
691 2086 723 2115 B.
740 2090 769 2113 et
785 2095 840 2123 pro
861 2085 1023 2120 Tromento,

71 2129 150 2170 quod
167 2127 316 2166 sequitur,
340 2126 459 2155 exhibet
475 2128 630 2155 Tormenta
645 2129 675 2156 L.
708 2128 870 2156 Trommta
887 2128 943 2155 Gu.
957 2129 983 2156 1.
995 2128 1023 2157 2.

70 2184 116 2212 pr.
168 2173 319 2199 Tormento
335 2174 482 2197 tramenta
497 2168 580 2197 dicta
595 2170 626 2198 B.
652 2186 687 2191 —
713 2169 758 2208 31)
788 2168 924 2206 Themin]
954 2168 1024 2196 The-

70 2217 142 2244 mim
158 2215 188 2242 L.
206 2214 262 2242 Gu.
281 2215 307 2244 1.
333 2228 368 2233 —-
393 2210 439 2249 32)
463 2211 560 2251 deam]
584 2211 698 2240 dictam
715 2212 813 2243 Gu.1,
836 2228 878 2233 —
898 2208 946 2249 33)
969 2211 1023 2238 lto-

70 2257 213 2291 minibus]
236 2256 318 2282 homi
334 2252 402 2294 (sic)
417 2254 453 2282 M.
476 2271 517 2275 —
538 2258 583 2292 34)
606 2256 727 2289 ramus]
751 2259 793 2281 est.
808 2264 912 2281 ramus
926 2253 957 2282 Β.
983 2270 1017 2274 —

68 2300 116 2342 35)
141 2296 290 2336 desectus]
314 2298 362 2325 Sic
379 2297 434 2326 Gu.
453 2299 499 2333 2.,
530 2301 558 2325 et
578 2296 657 2325 haud
683 2297 772 2325 dubie
789 2296 883 2333 Mem,
914 2296 944 2323 in
961 2305 1021 2334 quo

70 2348 112 2373 est
127 2343 270 2371 derectus.
316 2339 472 2378 decer-plus
488 2340 516 2369 L.
533 2339 565 2369 Β.
583 2340 638 2368 Gu.
655 2342 680 2370 1.
724 2338 860 2377 direptus
875 2339 956 2376 vulg.
979 2354 1022 2360 --

69 2388 116 2422 36)
133 2383 250 2422 arbore]
267 2382 428 2411 arboribus
444 2382 473 2410 B.
498 2399 531 2403 —
553 2385 600 2418 37)
625 2383 668 2420 ut]
685 2392 740 2411 om.
757 2382 785 2410 L.
809 2398 841 2403 —
863 2383 911 2419 38)
928 2382 1019 2409 etiam

1070 1873 1213 1909 argutus]
1231 1870 1279 1898 Sic
1294 1869 1324 1897 L.
1334 1869 1365 1898 B.
1384 1868 1515 1900 Gu.1.2.
1545 1879 1610 1907 arg.
1625 1870 1716 1897 etiam
1730 1868 1809 1906 vulg.
1832 1884 1865 1890 -—
1888 1866 1934 1906 39)
1958 1869 2019 1895 ali-

1070 1912 1211 1952 quando]
1236 1922 1292 1942 om.
1309 1912 1340 1940 L.
1355 1911 1386 1940 B.
1404 1911 1460 1939 Gu.
1475 1914 1501 1942 1.
1521 1921 1567 1950 pr.
1599 1928 1634 1933 ·-
1667 1913 1711 1946 40)
1736 1921 1826 1938 sacra
1841 1910 2017 1948 faciebant]

1068 1955 1283 1993 sacrificabant
1302 1954 1331 1982 L.
1348 1954 1404 1982 Gu.
1420 1956 1445 1985 1.
1463 1954 1490 1982 S.
1514 1970 1556 1976 —
1578 1952 1625 1993 41)
1646 1952 1822 1991 consistere]
1845 1952 1974 1982 Additur
1989 1953 2018 1981 in

1070 1997 1135 2027 cod.
1151 1998 1230 2036 Lips.
1247 1996 1319 2025 haec
1334 1996 1441 2034 glossa:
1468 1995 1521 2024 Th
1531 1997 1564 2024 is
1583 1996 1711 2025 lacrima
1725 1996 1830 2024 kebam
1845 2001 1889 2023 est
1901 1995 2020 2024 arboris

1068 2039 1203 2068 candida
1225 2045 1252 2067 et
1272 2039 1403 2076 subrufa
1426 2038 1521 2067 libam
1541 2040 1674 2067 mascule
1694 2040 1822 2078 optima,
1853 2040 1928 2077 quia
1945 2039 2018 2066 alba

1062 2084 1190 2122 pinguis
1213 2088 1240 2110 et
1259 2088 1373 2111 natura
1393 2082 1468 2109 levis
1492 2087 1518 2109 et
1540 2083 1598 2110 cito
1621 2083 1688 2121 igni
1711 2080 1899 2117 incenditur,
1938 2080 2022 2120 qnod

1063 2127 1147 2164 greci
1166 2125 1302 2153 hehanon
1322 2130 1438 2153 vocant.
1469 2140 1511 2146 —-
1539 2123 1588 2164 42)
1617 2123 1803 2162 vicinorum]
1835 2130 1877 2152 est
1900 2123 1968 2153 add.
1988 2125 2020 2154 L.

1065 2185 1108 2189 —
1128 2167 1176 2206 43)
1200 2167 1402 2206 conversatio]
1426 2168 1575 2195 conversio
1593 2167 1648 2196 Gu.
1661 2170 1688 2198 1.
1711 2184 1754 2189 —
1775 2165 1821 2206 44)
1849 2167 1883 2195 V
1878 2167 2018 2205 esperna]

1067 2210 1115 2240 Sic
1145 2215 1188 2240 est
1215 2211 1244 2239 in
1267 2220 1357 2248 marg.
1381 2210 1429 2247 ss.‚
1466 2214 1565 2239 textus
1590 2209 1711 2239 exhibet
1737 2210 1870 2248 Vesptia.
1900 2226 1941 2231 —
1971 2209 2017 2247 45)

1065 2251 1139 2292 qni]
1163 2253 1246 2292 qaod
1265 2253 1298 2282 L.
1320 2269 1364 2274 —
1384 2253 1431 2288 46)
1456 2252 1594 2291 econtra]
1619 2264 1633 2281 e
1647 2252 1808 2292 praelixam
1826 2251 1967 2281 exhibent
1983 2252 2016 2280 B.

1064 2295 1101 2324 Μ.
1117 2296 1246 2328 Gu.1.2.
1259 2306 1306 2336 pr.
1324 2297 1352 2324 S.
1369 2305 1425 2324 om.
1441 2295 1471 2324 L.
1487 2300 1516 2324 et
1531 2295 1611 2334 vulg.
1634 2312 1675 2317 —
1696 2296 1743 2331 47)
1765 2295 1899 2333 investis]
1921 2294 1969 2322 Sic
1983 2293 2015 2321 L.

1065 2338 1120 2368 Gu.
1137 2341 1164 2370 1.
1178 2341 1207 2371 2.
1226 2339 1255 2368 S.
1300 2339 1477 2377 investiceps
1493 2338 1573 2377 vulg.
1604 2355 1646 2361 —
1676 2336 1721 2377 48)
1739 2338 1856 2376 puberi.
1873 2342 1939 2364 vest.
1956 2333 2014 2371 est]

1064 2383 1158 2411 vestit.
1177 2387 1219 2409 est
1230 2381 1303 2420 pub.
1321 2381 1353 2410 B.
