2263 2668
526 118 591 152 DE
616 116 1006 152 SIGNIFICATIONE
1038 116 1318 151 VERBORUM.
1371 117 1517 152 LIBER
1542 119 1600 154 lx.
1957 120 2033 156 463

92 217 210 246 dextra.
254 215 339 242 Nunc
361 212 462 241 sabula
484 221 559 249 quae
581 215 646 239 acta
666 211 778 239 dicitur
800 209 961 250 imparibus
982 208 1063 238 tibiis
1084 209 1214 248 intellige
1237 210 1344 239 dextra
1367 216 1396 240 et
1418 211 1554 249 sinistra;
1579 223 1655 251 quac
1669 212 1805 252 paribus,
1827 213 1959 250 intellige
1981 219 2032 242 aut

94 259 209 287 duabus
231 257 344 285 dextris
367 260 418 284 aut
441 254 554 283 duabus
583 254 719 282 sinistris.
762 254 799 281 Et
827 263 895 281 cum
917 252 1028 281 Andria
1051 252 1182 280 Terentii
1211 258 1276 282 acta
1308 253 1419 282 dicitur
1447 254 1526 284 tibiis
1550 254 1686 294 paribus,
1725 254 1839 285 dextris
1858 262 1885 283 et
1906 255 2032 284 sinistris

92 302 138 330 bis
159 311 223 329 eam
246 305 341 328 actam
364 298 454 326 fuisse
481 297 630 334 intellige,
667 296 772 332 semel,
809 294 888 324 tibiis
913 293 1034 334 paribus
1062 293 1175 323 dextris
1204 301 1232 324 et
1258 298 1365 325 iterum
1394 297 1475 325 tibiis
1501 297 1623 336 paribus
1651 298 1787 329 sinistris.
1830 298 1932 336 Neque
1956 298 2031 326 enim

94 343 231 372 mendum
255 347 297 371 est
320 341 351 369 in
374 342 429 369 ista
452 339 579 368 Andriae
602 339 814 378 inscriptione,
850 342 883 366 ut
912 337 1090 375 quibusdam
1115 337 1211 366 visum
1235 344 1290 368 est.
1335 340 1377 368 De
1403 339 1484 368 tibiis
1515 340 1644 376 dextris,
1680 341 1818 376 sinistris,
1856 340 2031 378 imparibus»,

93 386 216 424 paribus
238 385 348 421 multa,
372 392 465 421 eaque
486 382 565 410 inter
586 391 617 410 se
638 381 816 420 pugnantia,
842 380 927 408 multi
950 379 1118 418 prodidere.
1164 379 1251 410 Dac.

258 435 436 474 Imparem
460 443 654 461 numerum.
699 431 802 469 virgil.
825 431 924 469 Eclog.
942 431 1024 467 VIII,
1048 430 1138 468 (75.):

788 473 915 502 Numero
938 473 1015 501 Deus
1036 473 1147 511 impare
1165 472 1284 512 gaudet.

94 520 151 548 Ubi
169 520 307 548 Servius:
329 519 394 547 Aut
416 527 627 558 quemcunque,
651 515 765 555 inquit.
787 526 952 555 superorum
976 516 1063 544 iuxta
1080 514 1290 554 Pythagoreos,
1315 516 1366 554 qui
1389 518 1545 545 ternarium
1567 528 1714 546 numerum
1736 515 1896 558 perfectum
1920 527 2030 546 summo

93 563 156 592 Deo
178 563 344 601 assignant,
379 571 397 588 a
420 570 477 600 quo
498 559 612 586 initium
641 566 667 587 et
696 557 821 586 medium
847 565 872 587 et
895 559 967 596 finis
989 565 1045 594 est,
1082 564 1133 586 aut
1156 569 1184 585 re
1204 569 1272 586 vera
1294 556 1427 586 Hecaten
1455 557 1543 595 dicit,
1580 560 1661 588 cuius
1690 557 1802 598 triplex
1823 566 1951 598 potestas
1973 571 2031 588 esse

116 603 275 641 inhibetur,
297 601 374 632 unde
395 610 421 631 et
442 602 501 629 tria
523 600 644 639 virginis
667 611 721 629 ora
742 600 875 637 Dianae,
903 601 1036 639 quamvis·
1057 600 1186 629 omnium
1207 611 1298 639 prope
1318 600 1444 629 Deorum
1466 609 1593 639 potestas
1613 600 1725 641 triplici
1746 602 1829 640 signo
1852 601 2030 637 ostendatur,

93 654 125 675 ut
147 646 227 675 Iovis
249 644 379 686 trifidum
395 642 533 686 fulmen,
565 642 694 682 Neptuni
715 641 842 680 tridens,
872 642 1010 672 Plutonis
1033 642 1113 672 canis
1135 643 1259 681 triceps3
1287 641 1418 681 Apollo,
1447 641 1522 671 idem
1547 643 1616 681 Sol,
1647 643 1723 672 idem
1745 642 1855 684 Liber3
1887 643 1932 673 vel
1952 642 2031 683 quod

93 690 193 717 omnia
209 689 336 716 ternario
352 697 470 715 numero
487 685 684 722 continentur,
706 693 738 714 ut
753 684 879 722 Parcae,
901 684 1023 722 Furiae,
1046 683 1190 713 Hercules
1210 686 1296 713 etiam
1319 685 1456 714 trinoctio
1480 694 1648 725 conceptus,
1671 697 1769 714 musae
1783 694 1888 722 ternae,
1911 693 1961 714 aut
1977 686 2031 713 im-

90 732 160 770 pari
180 728 554 771 quemadmodumcunque,
577 738 644 755 nam
666 735 770 766 septem
795 727 936 764 chordae,
959 734 1063 767 septem
1082 725 1236 766 planetae,
1258 735 1362 767 septem
1386 725 1446 756 dies
1468 727 1631 756 nominibus
1646 728 1787 762 Deorum,
1810 736 1913 768 septem
1931 726 2031 756 stellae

93 775 123 802 in
145 773 334 812 septentrione
356 779 381 799 et
405 769 497 799 multa
519 769 564 798 his
586 768 704 798 similia.
748 769 786 798 Et
807 771 904 809 impar
926 782 1058 798 numerus
1079 768 1270 806 immortalis,
1295 770 1365 809 quia
1387 768 1481 798 diuidi
1502 771 1609 809 integer
1631 781 1687 799 non
1709 777 1819 809 potest,
1845 769 1912 799 licet
1933 769 2030 799 Varro

93 814 175 845 dicat
197 813 394 854 Pythagoreos
413 820 518 853 putare
539 813 678 851 imparem
701 823 849 840 numerum
871 812 975 841 habere
985 813 1096 853 finem,
1122 823 1220 850 parem
1244 823 1302 840 esse
1322 812 1483 851 irfinitum3
1506 811 1570 840 ideo
1592 811 1725 841 medendi
1746 823 1836 842 causa
1858 812 2030 841 multarum-

93 869 148 897 que
169 867 261 886 rerum
284 857 410 896 impares
428 865 563 884 numeros
584 855 701 884 servari.
742 854 821 883 Haec
844 856 974 885 servius.
1015 855 1087 883 Vide
1111 854 1238 882 Gellium
1263 854 1376 883 lib.III.
1399 865 1463 893 cap.
1480 857 1527 886 10.
1573 854 1660 884 Dae.

257 898 430 937 Impetiae.
474 898 574 925 Genus
598 897 703 925 scabiei
726 897 769 925 sic
792 897 890 926 dictae
915 898 996 936 quod
1018 907 1126 936 corpus
1148 897 1280 935 impetat.
1325 896 1413 925 Dac.

256 940 454 980 Impiatus.
499 940 521 967 A
544 939 638 968 verbo
660 940 800 978 impiare,
826 940 947 969 sceleste
968 950 1061 978 agere.
1095 940 1215 968 Plautus
1238 949 1335 978 saepe.
1381 939 1432 967 Da
1443 950 1468 968 c.

256 983 403 1021 Impite.
450 983 615 1019 Perperam.
647 982 829 1018 Legendum:
852 982 1000 1022 Impetite,
1025 983 1060 1011 ab
1076 993 1109 1011 eo
1126 981 1248 1022 Impete,
1273 979 1406 1021 ὁρμηδόν
1424 986 1451 1010 et
1466 981 1618 1021 Impeteius
1633 982 1739 1020 βίαιος.
1770 981 1899 1010 Glossae.
1929 978 2028 1009 Scnl.

91 1025 152 1054 Nisi
175 1025 259 1053 malis
280 1026 394 1064 impete,
418 1025 554 1063 impetum
568 1023 654 1065 face.
679 1024 766 1055 Dac.
813 1025 903 1062 Lege:
926 1024 1048 1064 Impete‚
1070 1023 1292 1096 impetudfacto.

256 1066 440 1096 Inhibere.
487 1066 629 1095 Videatur
652 1066 752 1094 Cicero
776 1067 826 1096 lib.
838 1068 917 1098 XIII.
941 1067 978 1095 ad
1001 1067 1139 1097 Atticum.
1203 1074 1250 1095 nt.
1274 1066 1367 1107 Aug.
1398 1067 1474 1094 Puto
1499 1066 1654 1103 legendum
1677 1065 1796 1104 wigere,
1819 1075 1878 1093 non
1902 1064 2029 1101 iungere.

92 1108 193 1139 Scal.
223 1110 377 1145 Retinere,
402 1108 553 1138 retrahere
578 1109 613 1137 ab
634 1109 735 1147 inepto
758 1120 848 1149 opere
870 1110 919 1139 vel
941 1120 1040 1139 cursu.
1070 1109 1208 1138 inhibere
1230 1120 1335 1138 navem
1359 1114 1403 1137 est
1424 1108 1573 1136 contraria
1596 1106 1742 1136 re'morum
1762 1108 1949 1143 percussione
1969 1105 2030 1135 eius

89 1154 235 1190 impetum
257 1163 317 1180 non
341 1152 437 1180 solum
460 1152 628 1188 retardare,
651 1152 702 1180 sed
725 1152 783 1180 alio
807 1158 949 1181 avertere.
978 1153 1081 1181 Cicero
1106 1153 1143 1181 ad
1166 1152 1294 1181 Atticum
1313 1152 1393 1183 XIII.
1417 1152 1563 1190 (ep.21.):
1586 1149 1716 1178 Inhibere
1736 1148 1813 1178 illud
1834 1157 1929 1186 tuum,
1952 1147 2031 1188 quod

90 1193 177 1223 valde
197 1196 350 1230 arriserat,
387 1193 563 1222 vehementer
589 1192 733 1234 displicet.
775 1193 829 1223 Est
856 1196 929 1224 enim
954 1195 1069 1224 verbum
1096 1202 1187 1224 totum
1209 1196 1375 1230 nauticum,
1413 1204 1590 1234 quamquam
1613 1192 1646 1221 id
1667 1191 1782 1232 quidem
1805 1191 1946 1227 sciebam,
1979 1189 2030 1219 secl

89 1235 258 1265 arbitrabar
279 1237 414 1265 sustineri
436 1247 542 1272 remos,
567 1247 631 1266 cum
653 1235 781 1265 inhibere
803 1244 894 1266 essent
916 1239 1036 1277 remiges
1057 1237 1137 1266 iussi.
1176 1236 1213 1265 Id
1237 1249 1295 1266 non
1317 1248 1375 1265 esse
1396 1235 1538 1265 eiusmodi
1560 1235 1654 1264 didici
1675 1234 1750 1271 lieri,
1775 1233 1841 1262 dum
1866 1233 1905 1262 acl
1928 1232 2028 1262 villam

89 1286 220 1308 nostram
243 1279 326 1307 navis
346 1277 553 1317 appellentur,
585 1289 643 1307 non
666 1279 740 1306 enim
764 1281 917 1316 sustinent,
949 1280 999 1308 sed
1021 1278 1082 1309 αῖίο
1106 1278 1194 1309 modo
1217 1280 1368 1319 remigant.
1411 1279 1445 1307 In
1468 1278 1565 1307 verbis
1588 1277 1665 1307 Festi
1689 1287 1743 1315 pro
1765 1278 1879 1315 iungere
1901 1276 2030 1311 Scaliger

89 1321 247 1358 legendum
270 1321 441 1359 suspicatur
463 1321 586 1359 inigere,
614 1320 662 1348 cui
686 1322 868 1350 contrarium
892 1323 1008 1361 exigere
1028 1323 1048 1351 i.
1070 1332 1093 1353 e.
1116 1322 1246 1362 pecudes
1270 1333 1285 1351 e
1307 1321 1431 1351 stabulis
1454 1321 1588 1350 educere.
1636 1320 1692 1348 Alii
1715 1320 1868 1358 iniungere.
1908 1320 1956 1347 Sic
1978 1319 2030 1346 in-

89 1362 184 1392 hibere
206 1363 355 1402 imperium
380 1362 460 1402 apud
483 1363 620 1392 Plautum
642 1363 672 1391 in
696 1363 835 1393 Bacchid.
857 1364 930 1403 (III,
952 1367 990 1402 3,
1014 1365 1081 1403 44.)
1105 1369 1133 1393 et
1155 1364 1246 1394 Stich.
1268 1365 1321 1402 (V,
1344 1364 1379 1401 4,
1405 1366 1475 1403 18.).
1516 1363 1603 1403 Apud
1627 1363 1740 1391 Livium
1762 1361 1812 1391 lib.
1825 1360 1874 1391 111.
1899 1362 1961 1398 (38.
1984 1359 2029 1387 bis

89 1410 116 1434 et
138 1406 200 1443 50.)
224 1410 254 1434 et
274 1405 491 1435 1ib.XXXVII.
515 1406 638 1444 (c.51.).
660 1405 749 1435 Dac.
785 1406 914 1447 Iungere.
950 1407 1071 1445 Fugere.
1118 1406 1225 1437 Goth.

249 1446 419 1479 Inebrae.
463 1447 594 1477 Isidorus
617 1448 668 1477 lib.
681 1448 746 1478 XII,
768 1452 892 1487 cap.7.:
921 1449 1052 1480 Inhibae.
1097 1450 1242 1479 Glossar.:
1277 1448 1404 1487 Enibra,
1433 1449 1560 1480 ἐναντία.
1582 1447 1682 1478 Fulv.
1710 1447 1787 1476 Urs.
1830 1445 1950 1481 Ιηεῖπα,
1979 1441 2030 1482 ὄρ·-

86 1501 156 1520 νεον
180 1487 382 1529 μαντευτικόν.
429 1490 502 1519 Vide
524 1501 615 1529 supra
638 1489 760 1520 Enebra.
791 1490 893 1521 Scal.
939 1493 1061 1520 Servius
1083 1492 1137 1529 (ad
1160 1494 1233 1523 Aen.
1251 1492 1309 1528 III,
1333 1494 1404 1523 238.
1428 1502 1492 1531 pag.
1506 1493 1578 1523 287.
1603 1491 1648 1521 ed.
1672 1491 1776 1526 Dan.):
1815 1487 1899 1518 Certa
1925 1496 2030 1526 genera

87 1533 184 1561 avium
207 1532 244 1561 ab
267 1531 427 1572 auguribus
449 1531 650 1571 appellantur,
681 1543 756 1572 quae
773 1534 876 1572 pennis
897 1533 944 1562 vel
963 1533 1065 1563 volatu
1087 1535 1186 1562 omina
1205 1541 1327 1574 possunt
1338 1533 1460 1575 facere,
1495 1545 1568 1573 quae
1588 1535 1615 1563 si
1625 1533 1746 1575 suerint
1765 1541 1918 1571 prosperae
1937 1540 2030 1569 prae-

84 1581 180 1613 petes,
205 1575 232 1603 si
253 1573 393 1603 aduersae
413 1574 530 1602 inebrae
551 1573 706 1612 (inhihrae)
730 1573 877 1605 dicuntur.
902 1575 987 1605 Dae.
1032 1576 1107 1605 Vide
1129 1586 1219 1615 supra
1240 1575 1370 1605 Enubro.
1419 1574 1528 1608 Goth..

250 1615 300 1645 In.
345 1616 419 1644 Vide
441 1615 475 1644 In
497 1627 555 1644 non
577 1627 686 1655 semper
708 1621 762 1645 etc.

251 1657 440 1686 Immanis.
485 1659 580 1688 Plaut.
603 1658 633 1686 in
658 1658 788 1698 princip.
810 1659 988 1688 Trinummi:
1027 1660 1170 1690 Amicum
1197 1661 1341 1699 castigare
1362 1658 1399 1688 ob
1420 1660 1552 1688 meritam
1576 1659 1700 1689 noxiam
1724 1658 1854 1687 Immune
1874 1663 1914 1685 est
1933 1653 2028 1696 faci-

88 1711 150 1729 nus.
183 1699 214 1728 ln
239 1700 336 1729 Plauti
358 1700 441 1729 libris
463 1700 550 1729 editis
572 1706 600 1730 et
624 1701 790 1737 Ciceronis,
814 1712 829 1729 a
853 1712 912 1740 quo
935 1701 967 1730 hi
989 1713 1094 1731 versus
1117 1703 1286 1731 reseruntur
1307 1702 1358 1730 lib.
1371 1702 1394 1731 I.
1419 1702 1457 1730 de
1478 1702 1590 1732 Invent.
1614 1700 1676 1740 (50,
1699 1701 1749 1732 95.
1774 1700 1844 1728 item
1866 1698 1904 1727 ad
1923 1697 2027 1726 ΗΘΓΘΠ-

89 1742 128 1778 II,
151 1741 215 1780 23.)
238 1742 363 1771 immane
384 1743 528 1782 scriptum
552 1748 611 1779 est,
639 1753 699 1772 non
722 1744 863 1781 immune,
897 1745 948 1773 sed
972 1745 1076 1774 Festus
1098 1745 1228 1774 immune
1251 1745 1375 1782 legerat,
1409 1749 1443 1773 ut
1463 1754 1502 1773 ex
1524 1743 1581 1773 hoc
1604 1744 1671 1772 loco
1694 1748 1825 1782 apparet.
1870 1741 2027 1769 Vaticanus

87 1785 162 1812 liber
186 1783 274 1812 habet
296 1786 448 1821 immoene,
478 1786 558 1824 quod
582 1786 660 1814 idem
687 1790 730 1815 est
753 1786 833 1824 quod
857 1787 992 1817 immune.
1038 1788 1110 1816 Nam
1134 1793 1162 1817 et
1183 1787 1253 1816 alibi
1276 1787 1348 1816 dicit
1370 1787 1399 1815 in
1421 1786 1590 1815 Bacchidib.
1613 1786 1680 1824 (lv,
1703 1788 1739 1821 9,
1762 1784 1820 1824 2.):
1856 1782 2027 1823 Pergamum

87 1825 187 1856 divina
209 1827 366 1856 moenitum
387 1839 484 1856 manu.
504 1827 592 1858 Ant.
615 1828 709 1868 Aug.
755 1829 867 1857 vacans
891 1839 1027 1867 munere,
1055 1832 1104 1869 qui
1129 1841 1189 1859 non
1211 1830 1283 1859 facit
1304 1840 1418 1858 munus.
1464 1830 1566 1868 virgil.
1590 1828 1712 1869 (Georg.
1729 1828 1783 1865 IV,
1808 1825 1907 1866 244.):

662 1871 859 1911 Immunisque
879 1871 980 1901 sedens
1001 1872 1097 1901 aliena
1120 1872 1161 1901 ati
1180 1871 1293 1912 pabula
1306 1871 1414 1914 fucus.

87 1911 159 1940 Vide
181 1910 313 1941 Mur-em.
359 1910 490 1941 Immune
500 1911 631 1953 facinus
654 1923 712 1941 non
736 1918 779 1941 est
801 1914 969 1952 improbum
992 1916 1122 1952 facinus,
1158 1921 1190 1943 ut
1213 1920 1298 1954 putat
1321 1915 1441 1950 Festus,
1474 1914 1523 1942 sed
1547 1913 1661 1942 facinus
1683 1914 1847 1951 ingratum,
1875 1910 1921 1938 vel
1944 1906 2024 1946 quod

87 1959 131 1982 est
154 1958 237 1983 extra
263 1953 346 1982 amici
370 1955 479 1983 munia.
505 1954 590 1984 Dac.
629 1955 711 1984 Adde
733 1955 810 1985 infra
833 1957 983 1996 Impetum.
1010 1956 1115 1987 Goth,
1162 1958 1206 1986 Cf.
1231 1958 1364 1996 Inter-pp.
1388 1957 1425 1985 ad
1449 1956 1543 1985 Plauti
1565 1957 1647 1985 'srim
1669 1957 1689 1987 l.
1709 1965 1734 1985 c.

251 1995 435 2034 Iniurum‚
465 1998 664 2036 periurum.
711 1998 808 2027 Malim
841 2004 944 2027 contra
975 2001 1021 2028 ius
1051 2000 1097 2028 vel
1120 2001 1262 2029 iniuriose
1285 2000 1394 2028 sactum
1416 1999 1615 2038 interpretari.
1654 1998 1804 2027 Iniuratus
1826 1999 1923 2024 autem
1946 2001 2022 2027 eum,

86 2039 136 2077 qui
162 2048 219 2067 non
243 2038 370 2074 iuravit,
394 2039 549 2078 significat.
575 2039 660 2068 Ant.
682 2040 774 2080 Aug.
819 2042 868 2069 Sic
890 2042 1022 2078 iniurus,
1046 2043 1192 2081 periurus.
1234 2043 1328 2071 Plaut.
1355 2043 1431 2071 Pers.
1450 2044 1501 2073 33.
1525 2040 1594 2082 (111,
1618 2044 1651 2079 3,
1674 2039 1732 2081 4.):

654 2082 784 2121 Impure,
814 2083 973 2121 inhoneste,
999 2085 1106 2120 iniure‚
1131 2084 1230 2122 inleae,
1254 2083 1334 2113 labes
1352 2083 1446 2123 popli.

86 2123 173 2152 Duc.
214 2122 340 2151 Iniurius
359 2123 499 2162 periurus.
535 2123 577 2152 Ita
600 2124 680 2160 lego,
703 2125 766 2153 aliis
789 2125 935 2163 iniurius,
958 2127 1008 2166 qui
1033 2132 1137 2156 contra
1159 2128 1205 2156 ius
1228 2127 1308 2156 facit.
1355 2125 1461 2157 Goth.

250 2164 410 2204 Ineopte.
456 2166 546 2202 Lege:
575 2165 610 2194 In
633 2166 740 2206 Eopte,
769 2168 798 2196 in
822 2179 854 2196 eo
874 2169 947 2207 ipso,
992 2169 1078 2198 Dae.

248 2207 436 2246 Impetum.
484 2208 571 2237 Recte
593 2218 663 2237 sane
688 2209 807 2238 Verrius
830 2211 982 2249 impetum,
1006 2210 1199 2249 indus-trium,
1230 2210 1424 2250 indulgentem
1447 2210 1569 2250 perinde
1593 2208 1759 2248 composita
1785 2207 1825 2236 ait
1848 2210 1936 2243 atque
1959 2203 2019 2248 inf-

105 2261 203 2285 unem,
231 2250 396 2279 immunem.
440 2250 567 2289 Impetus
589 2251 665 2280 enim
688 2256 732 2280 est
754 2252 789 2280 ab
812 2253 842 2280 in
866 2257 895 2281 et
914 2260 1000 2292 peto‚·
1029 2253 1190 2283 industrius
1209 2254 1244 2282 ab
1267 2253 1356 2290 indu,
1386 2253 1417 2282 id
1440 2257 1483 2282 est
1504 2253 1552 2289 in,
1581 2257 1610 2281 et
1631 2259 1727 2288 struo,
1752 2250 1803 2290 qui
1825 2250 1904 2278 intus
1925 2248 2016 2291 struit,

82 2261 142 2322 Eoo
164 2297 209 2321 est
230 2290 311 2321 domi
332 2293 409 2331 agit,
439 2297 467 2320 et
488 2291 642 2332 indulgens
663 2293 699 2322 ab
721 2295 751 2322 in
775 2295 924 2333 privativo
947 2300 976 2324 et
999 2307 1085 2334 urgeo
1105 2296 1216 2325 inserto
1240 2295 1260 2324 d
1281 2295 1434 2335 indurgeo,
1464 2299 1577 2324 mutato
1601 2307 1615 2324 r
1636 2295 1667 2323 in
1690 2292 1703 2323 l
1723 2291 1879 2332 indulgeo,
1902 2292 1934 2316 υἱ
1955 2294 2016 2331 ξηξ*

82 2335 170 2374 punis
192 2335 227 2362 ab
250 2335 280 2363 in
303 2339 331 2363 et
350 2346 463 2373 poena,
486 2335 536 2373 qui
559 2340 602 2364 est
624 2336 686 2364 sine
708 2347 813 2375 poena.
851 2337 992 2367 Immunis
1015 2339 1050 2367 ab
1073 2339 1103 2367 in
1127 2344 1154 2367 et
1175 2350 1293 2375 munus,
1324 2339 1376 2377 qui
1397 2342 1441 2366 est
1461 2338 1523 2367 sine
1545 2346 1677 2367 munere.
1712 2336 1773 2365 Nec
1794 2335 1916 2377 mirum,
1933 2336 1962 2375 '⁸¹
1984 2325 2015 2353 'd

85 2377 155 2406 satis
177 2377 232 2406 sibi
254 2377 435 2416 persuadere
457 2377 601 2407 barbarus
622 2379 777 2408 mutilator
799 2390 858 2408 non
882 2381 986 2419 potuit.
1011 2381 1097 2411 Dae.
1126 2381 1199 2410 Vide
1222 2391 1311 2421 supra
1332 2381 1480 2410 Immunis.
1507 2379 1610 2412 Goth.
1639 2379 1784 2410 Nimirum
1806 2376 1862 2404 hoc
1884 2371 1938 2400 sibi
1963 2379 2014 2398 vo-
