2263 2668
223 83 298 118 108

637 81 779 114 PAULI
806 81 929 116 DlAc.
958 83 1217 119 EXCERPTA
1242 85 1306 119 Ex
1332 85 1420 120 LlB.
1449 85 1592 121 POMP.
1620 87 1759 122 FESTl

227 178 350 211 Navus
376 176 466 210 celer
492 171 552 207 ac¹
576 178 726 208 strenuus
754 187 773 207 a
799 175 931 208 navium
959 174 1158 211 velocitate²
1181 178 1298 213 dictus,

227 224 441 262 Nasitemm³
463 236 567 270 genus
595 226 677 258 vasis
704 227 830 269 aquarii
858 229 959 261 ansati
987 234 1019 261 et
1045 230 1185 273 patentis
1196 227 1217 262 ⁴.

228 280 348 313 Nassa
375 284 421 311 est
445 273 636 321 piscatorii⁵
658 277 742 309 vasis
769 289 892 322 genus,
927 290 994 323 quo
1022 291 1125 323 quum
1152 278 1303 313 intravit⁶
1326 281 1441 325 piscis,
1477 282 1566 314 exire
1593 293 1657 314 non
1685 287 1805 327 potest.
1859 284 2010 317 Plautus:

595 326 807 373 Nunquam⁷
831 341 875 363 ex
898 328 988 364 istae
1010 343 1118 366 nassa
1145 329 1270 366 hodie⁵¹
1292 343 1361 378 ego
1372 329 1395 349 ¹⁰
1418 344 1537 366 escam
1559 338 1696 378 petam.

225 382 399 425 Napurae
423 378 562 411 funiculi
575 374 607 412 ¹¹.

226 429 471 465 Nuustibulum
498 430 631 463 alveum
659 430 703 463 ad
729 432 819 464 navis
845 433 1088 467 similitudinem
1116 435 1251 469 factum.

227 482 346 516 Λιιυία
373 481 501 526 lignum
530 486 699 523 cavatum,
734 495 801 526 quo
828 484 860 516 in
888 485 1059 518 vindemiis
1085 487 1131 519 uti
1157 487 1264 519 solent
1275 482 1307 520 ¹².

225 533 390 574 R'auscit,
432 544 534 576 quum
546 529 569 549 ¹³
592 545 734 578 granum
761 535 862 568 sabae
888 547 922 569 se
949 537 1105 570 nascendi
1131 539 1239 583 gratia
1267 536 1389 581 aperit,
1430 538 1522 580 quod
1549 534 1620 571 fit¹¹
1643 550 1709 572 non
1737 538 1894 572 dissimile
1921 538 2010 571 navis
2036 538 2173 571 formae.

223 584 364 618 Naevia
391 584 472 617 silva
499 584 588 618 dicta
614 586 702 618 iuxta
729 587 864 626 urbem,
901 588 993 631 quod
1020 589 1134 622 Naevii
1147 587 1169 607 ¹⁵
1189 589 1359 623 cuiusdam
1387 587 1530 622 fueritffi.

224 636 485 669 Nudiustertius
511 638 735 681 compositum
764 650 802 670 ex
829 650 916 673 nunc
944 645 976 672 et
1004 640 1058 673 die
1085 642 1181 674 tertio
1193 638 1226 674 ¹⁷.

224 688 382 733 Nuptam
410 699 428 719 a
456 687 591 721 Graeco
619 686 786 722 dictamst'.

223 739 379 772 Numero
406 738 561 772 dicebant
587 751 650 784 pro
678 741 824 775 nimium.

839 691 893 723 Illi
921 692 1008 724 enim
1035 699 1171 737 nuptam
1201 693 1374 737 appellant
1401 693 1485 727 νέαν
1513 689 1655 740 νύμφην
1667 689 1699 725 ¹⁹.

224 791 346 836 Nupta
372 789 482 823 verba
492 788 517 808 ²⁰
537 791 733 825 dicebantur
760 794 802 825 ab
830 794 986 837 antiquis,
1027 806 1113 838 quae
1141 795 1302 840 virginem
1331 795 1444 828 dicere
1470 806 1536 827 non
1564 794 1698 828 licebat.
1750 795 1901 828 Plautus:

599 843 711 889 Virgo
737 856 831 887 sum,
865 843 1052 878 ηοηάιινη21
1075 847 1187 880 didici
1212 851 1324 892 nupta
1350 846 1460 880 verba
1487 846 1616 879 dicere.

222 891 412 926 Numerius
439 904 641 937 praenomen
669 893 843 929 tractum²²
864 898 907 929 ab
935 909 1009 930 avo.

222 942 487 985 Nuscicz‘osus23‚
515 947 571 989 qui
600 959 716 991 parum
743 948 834 980 videt
861 954 1002 993 propter
1028 949 1142 982 vitium
1171 949 1364 991 oculorum,
1398 950 1522 993 quique
1550 950 1626 994 plus
1653 946 1776 982 videt²⁴
1799 948 1944 992 vesperi,
1973 959 2073 992 quam
2101 959 2173 980 me-

324 996 416 1031 ridie.

222 1047 408 1080 Nundinas
435 1047 592 1081 feriarum
620 1049 709 1082 diem
737 1062 804 1083 esse
830 1052 1023 1093 voluerunt,
1057 1063 1125 1095 quo
1154 1052 1325 1085 mercandi
1352 1053 1459 1097 gratia
1486 1053 1602 1084 urbem
1613 1049 1638 1069 '²5
1659 1052 1768 1085 rustici
1796 1051 2019 1085 convenirent.

222 1098 381 1132 Ναί-υἷας
406 1100 634 1133 Praenestinos
667 1102 900 1146 appellabant,
948 1103 1042 1146 quod
1076 1103 1192 1137 inclusi
1220 1115 1238 1136 a
1265 1104 1385 1137 Poenis
1420 1104 1554 1137 Casilini
1565 1100 1589 1120 ²⁰
1616 1103 1740 1136 famem
1774 1103 1911 1137 nucibus
1943 1107 2173 1142 sustentarunt,

322 1151 376 1183 vel
402 1151 495 1194 quod
523 1151 555 1183 in
584 1164 699 1186 eorum
726 1155 866 1198 regione
893 1155 1039 1199 plurima
1065 1166 1131 1188 nux
1157 1155 1281 1189 minuta
1291 1153 1316 1173 ²⁷
1340 1152 1524 1190 nasciturffl.

220 1199 426 1235 Νῑινηνηαε29
449 1213 488 1235 ex
516 1203 651 1238 Graeco
679 1206 875 1239 nomismate
885 1203 910 1223 ³⁰
932 1203 1118 1241 nascitur³¹.

223 1253 379 1286 Num-ius
406 1258 438 1287 et
464 1266 516 1286 res
542 1255 614 1299 ipsa
642 1261 674 1289 et
698 1268 840 1301 persona
868 1258 998 1293 dicitur.

220 1304 344 1349 Nuper
370 1305 463 1348 quasi
490 1307 629 1351 noviper
639 1304 675 1349 ³²,
715 1313 871 1352 tanquam
899 1306 1073 1344 dicimus33
1095 1309 1279 1343 novissime.

220 1355 357 1389 Numen
384 1357 477 1400 quasi
504 1364 598 1391 nutus
626 1359 681 1392 dei
710 1371 749 1393 ac
777 1366 921 1404 potestas
932 1358 966 1393 ³⁴.

220 1407 388 1441 Numella
413 1420 518 1453 genus
545 1411 682 1452 vinculi,
718 1423 785 1455 quo
813 1412 1051 1457 quadrupedes
1078 1412 1280 1458 deligantur.
2157 1457 2160 1462 .

222 1458 398 1493 Νανηὶιίαε
425 1459 609 1503 dicimus³⁵‚
642 1474 724 1506 quos
753 1464 876 1497 Graeci
903 1464 1093 1506 Nomadas,
1122 1465 1189 1497 sive
1217 1464 1308 1508 quod
1337 1463 1371 1496 id
1399 1475 1505 1508 genus
1531 1463 1706 1496 hominum
1734 1462 1911 1507 pecoribus
1938 1456 2171 1505 negotietur-¹¹⁸²,

321 1512 388 1544 sive
415 1513 508 1555 quod
535 1513 664 1557 herbis,
698 1520 733 1547 ut
760 1527 886 1559 pecora
914 1517 1054 1548 aluntur.

221 1561 336 1596 Nuces
361 1563 553 1608 flagitantur
580 1566 690 1609 nuptis
700 1563 725 1582 ³⁷
746 1572 779 1599 et
805 1568 966 1601 iaciuntur
998 1566 1128 1612 pueris,
1177 1571 1212 1599 ut
1244 1578 1351 1599 novae
1377 1571 1501 1611 nuptae
1528 1566 1658 1600 intranti
1685 1566 1822 1598 domum
1851 1563 1927 1597 novi

320 1615 466 1648 cundum
494 1616 551 1649 fiat
578 1618 773 1662 auspicium.

224 1663 360 1698 Numae
386 1667 545 1711 Pompilii
570 1668 602 1700 in
630 1669 780 1703 laniculo
809 1675 857 1703 est
883 1671 1083 1715 sepulcrum.

1937 1559 1963 1580 ³¹³
1985 1562 2092 1597 mariti
2118 1574 2171 1596 se-

229 1715 442 1751 Nonuncium
468 1724 500 1752 et
526 1721 718 1754 teruncium
746 1722 883 1763 dicitur,
916 1722 1010 1765 quod
1039 1732 1159 1755 novem
1188 1722 1358 1754 unciarum
1386 1717 1458 1754 sit³²³
1482 1718 1582 1754 sive⁴⁰
1604 1721 1713 1754 trium.

308 1804 336 1840 1)
359 1805 413 1844 ccc]
436 1812 462 1834 et
481 1807 510 1837 L,
537 1824 575 1829 --
604 1809 634 1846 2)
657 1809 828 1848 velocitate]
853 1811 1002 1839 celeritate
1021 1810 1054 1839 B.
1077 1826 1118 1831 —
1142 1809 1173 1849 3)

227 1845 406 1886 Nasiterna]
432 1850 611 1879 Nassiterna
629 1853 657 1880 S.
684 1870 719 1873 —
743 1854 770 1890 4)
795 1855 899 1881 ansati
923 1860 949 1881 et
964 1851 1118 1893 patenti-9]
1142 1863 1175 1880 ex

223 1888 307 1925 apice
320 1894 386 1926 pat.
409 1891 439 1918 L.
462 1908 503 1913 ——·
526 1892 554 1933 5)
572 1895 754 1932 piscatorii]
775 1897 948 1934 piscatoria
969 1897 1006 1925 M.
1026 1896 1082 1926 Gu.
1100 1898 1126 1927 1·
1143 1897 1172 1926 2·

225 1946 263 1950 ——
286 1932 313 1962 6)
336 1932 478 1970 intravit]
501 1935 659 1965 intraverit
680 1938 710 1966 L.
726 1939 758 1966 B.
782 1939 835 1968 Gu.
857 1942 881 1970 1.
901 1950 945 1978 ΡΥ.
967 1955 1009 1960 -
1031 1942 1058 1972 7)
1085 1938 1174 1967 Mm-

225 1973 330 2010 quam]
355 1973 450 2000 hercle
472 1976 538 2006 add.
559 1979 638 2016 vulg.
682 1981 801 2008 hercule
818 1982 846 2009 S.
891 1982 950 2011 Sed
971 1992 1027 2010 om.
1044 1981 1075 2009 L·
1090 1981 1121 2009 B·
1135 1980 1173 2009 M·

224 2014 280 2042 Gu.
293 2017 318 2044 1.
330 2017 358 2044 2.
375 2025 419 2053 pr.
443 2032 483 2037 —
507 2017 535 2057 8)
558 2020 630 2058 ista]
648 2023 714 2059 ipsa
731 2024 825 2055 Gu.1,
848 2040 890 2045 —
911 2022 941 2064 9)
965 2035 1058 2052 nassa
1073 2022 1174 2062 hodie]

223 2055 310 2084 hodie
325 2068 419 2085 nassa
433 2058 466 2087 B.
491 2075 530 2079 —
556 2062 602 2099 10)
625 2064 688 2101 ego]
713 2077 770 2094 om.
786 2067 817 2094 L.
833 2066 865 2095 B.
882 2067 939 2096 Gu.
954 2070 980 2098 1.
996 2077 1041 2105 pr.
1064 2083 1106 2088 —
1129 2064 1172 2103 11)

212 2100 365 2136 funiculi]
389 2100 438 2128 Sic
453 2100 490 2128 Μ.
508 2102 603 2132 (ἆυ-2.
642 2107 772 2141 feniculi
787 2109 817 2136 L.
835 2109 868 2136 Β.
884 2110 938 2138 Gu.
959 2113 983 2140 1.
1001 2119 1044 2148 pr.
1064 2124 1105 2130 --
1129 2111 1171 2141 12)

223 2143 270 2169 uti
290 2142 401 2180 solent]
426 2148 553 2171 utuntur
574 2145 606 2172 B.
628 2161 668 2166 —
699 2149 743 2185 13)
768 2150 880 2189 quum]
905 2163 993 2190 quom
1011 2152 1042 2180 B.
1062 2167 1104 2173 —
1131 2151 1172 2185 14)

215 2183 269 2222 fil]
286 2185 326 2211 sit
342 2185 373 2213 B.
394 2202 427 2206 —
453 2184 496 2223 15)
523 2186 642 2224 Μιενίί]
661 2189 758 2216 Naevi
772 2192 804 2220 B.
818 2193 854 2220 Μ.
870 2194 962 2226 Gu.2.
985 2211 1019 2215 -—
1044 2196 1085 2227 16)
1098 2194 1173 2230 fue-

222 2226 274 2265 rit]
288 2228 397 2264 ficerat
410 2228 440 2255 L.
451 2227 482 2256 B.
497 2238 541 2266 pr.
577 2238 632 2258 om.
651 2230 743 2261 Gu.1.
766 2248 806 2253 —
831 2234 874 2271 17)
898 2247 1027 2274 compos,
1044 2247 1076 2264 ex
1090 2246 1174 2263 nunc·

222 2274 248 2296 et
263 2268 311 2297 die
325 2271 406 2308 tera]
430 2280 463 2297 ex
479 2281 560 2298 nunc
575 2277 599 2298 el
616 2271 664 2298 die
682 2277 745 2300 tert.
762 2283 835 2301 com.
852 2276 882 2303 L.
905 2295 946 2299 —
971 2280 1016 2315 18)
1040 2277 1174 2317 dictam]

220 2310 345 2340 (luctam
361 2312 390 2340 L.
425 2312 540 2341 dictam
555 2315 583 2342 S.
605 2330 647 2335 —
672 2313 715 2352 19)
738 2325 807 2352 app.
825 2316 895 2346 νέαν
912 2317 1047 2358 νύμφην]
1070 2320 1118 2348 Sic
1135 2321 1173 2349 M.

221 2354 275 2383 Gu.
292 2357 320 2385 2.
366 2366 528 2394 αννυμφην
548 2367 616 2395 app.
639 2357 673 2386 B.
697 2355 736 2394 (i.
755 2367 777 2384 e.
799 2356 870 2387 νέαν
891 2361 1014 2398 νυμφ.).
1059 2362 1175 2399 nimplzi

1217 1820 1286 1849 app.
1302 1810 1333 1838 L.
1379 1810 1489 1839 Graeca
1507 1821 1563 1838 om.
1582 1810 1638 1838 Gu.
1655 1812 1682 1841 1.
1702 1819 1748 1848 pr.
1792 1806 1919 1848 νύμφην
1938 1809 2047 1838 omisso
2064 1808 2170 1837 adiect.

1217 1852 1289 1882 νέαν
1311 1851 1391 1890 vulg.
1420 1870 1453 1873 -
1479 1853 1529 1888 90)
1554 1853 1662 1892 Nupta
1683 1852 1788 1888 verba]
1812 1852 1860 1880 Sic
1881 1852 2009 1890 glossam
2031 1849 2172 1880 exhibent

1220 1895 1307 1924 codd.
1322 1899 1352 1924 et
1367 1896 1436 1924 edit.
1452 1906 1497 1934 pr.
1542 1897 1619 1924 Scal.
1636 1895 1734 1931 dedit,
1759 1905 1834 1933 quae
1850 1900 1920 1923 sunt
1935 1895 1966 1923 in
1983 1893 2099 1923 schedis
2115 1893 2172 1922 Fe-

1220 1938 1273 1975 sti,
1304 1948 1377 1977 quas
1397 1938 1475 1968 vide.
1498 1955 1539 1959 —
1561 1942 1605 1974 ⁶21)
1632 1936 1784 1976 nondum]
1808 1938 1856 1966 Sic
1879 1937 1965 1967 codd.
1986 1937 2054 1967 edit.
2075 1945 2121 1975 pr.
2142 1936 2171 1964 S.

1217 1992 1277 2009 non
1293 1981 1371 2019 vulg.
1393 1997 1435 2002 —
1459 1984 1504 2014 ΞΒ)
1528 1981 1676 2019 tractum]
1701 1986 1743 2008 est
1760 1986 1849 2009 tract.
1867 1982 1895 2009 S.
1922 1997 1955 2001 —
1983 1979 2028 2018 23)
2054 1980 2172 2008 Nasci-

1218 2023 1330 2062 rioms]
1350 2025 1568 2052 Nausciciosus
1583 2025 1612 2053 L.
1635 2039 1676 2046 —
1699 2023 1747 2060 24)
1771 2022 1862 2062 videt]
1881 2022 1991 2052 viderit
2005 2023 2037 2051 L.
2060 2038 2102 2043 —
2123 2024 2172 2058 25)

1218 2066 1331 2104 urbem]
1351 2068 1384 2094 ἰη
1396 2067 1498 2094 urbem
1514 2067 1546 2096 B.
1569 2084 1611 2089 —
1633 2067 1680 2104 26)
1706 2065 1849 2104 Casilini]
1869 2065 2018 2095 Cassilini
2029 2065 2060 2094 L.
2075 2065 2131 2094 Gu.
2144 2066 2171 2095 1-

1217 2126 1258 2131 —-
1280 2110 1327 2149 27)
1350 2111 1487 2145 minuta]
1514 2120 1571 2138 om.
1592 2110 1629 2138 M.
1657 2125 1698 2130 —
1725 2110 1771 2145 28)
1795 2109 1949 2148 nascitur]
1973 2113 2122 2137 nascatur
2139 2106 2169 2134 L.

1216 2169 1258 2173 —
1285 2153 1332 2190 99)
1357 2151 1525 2191 Nummus]
1549 2163 1605 2181 om.
1627 2154 1764 2191 glossam.
1787 2152 1843 2181 Gu.
1859 2154 1884 2182 1.
1918 2168 1956 2173 —-—
1987 2149 2033 2191 30)
2055 2150 2170 2179 nomis-

1217 2194 1308 2233 mate]
1324 2197 1508 2223 numismate
1524 2195 1555 2224 B.
1572 2205 1618 2235 pr.
1641 2212 1682 2217 —
1704 2193 1754 2235 31)
1776 2194 1927 2233 nascitur]
1946 2193 2061 2222 dicitur
2075 2192 2111 2221 M.
2128 2205 2168 2212 ·-

1216 2236 1262 2275 32)
1286 2237 1424 2276 noviper]
1448 2238 1498 2266 Sic
1517 2238 1549 2267 B.
1572 2239 1628 2267 Gu.
1645 2240 1673 2269 2.
1716 2239 1832 2266 noviter
1853 2237 1934 2275 vulg.
1957 2253 1998 2258 —
2019 2233 2065 2273 33)
2087 2233 2168 2261 dici-

1217 2283 1300 2316 mus]
1324 2280 1371 2308 Sic
1389 2281 1419 2308 L.
1436 2281 1470 2309 B.
1486 2280 1524 2310 M.
1547 2281 1603 2310 Gu.
1619 2284 1649 2312 2.
1667 2291 1712 2319 pr.
1757 2279 1897 2308 dicamus
1913 2280 1968 2308 Gu.
1986 2281 2013 2309 1.
2036 2277 2063 2304 S·
2107 2285 2165 2304 om-

1217 2322 1298 2360 vnlg·
1328 2340 1360 2344 -·
1387 2323 1435 2361 34)
1453 2323 1603 2363 potestas]
1627 2323 1743 2351 dicitur
1758 2322 1827 2352 add.
1842 2323 1870 2351 S.
1892 2338 1934 2344 —
1955 2317 2001 2359 35)
2024 2317 2164 2354 dicimus]

1219 2373 1275 2391 ⁰¹¹¹·
1297 2364 1330 2392 B·
1365 2382 1394 2385 ⁶*
1429 2367 1474 2398 36)
1498 2367 1681 2403 negotietur]
1706 2366 1878 2403 negotiatur
1898 2364 1927 2392 S.
1972 2362 2167 2399 negotiantur
