<?xml version="1.0" encoding="UTF-8"?>
<!DOCTYPE html PUBLIC "-//W3C//DTD XHTML 1.0 Transitional//EN"
    "http://www.w3.org/TR/xhtml1/DTD/xhtml1-transitional.dtd">
<html xmlns="http://www.w3.org/1999/xhtml" xml:lang="en" lang="en">
 <head>
  <title>
</title>
<meta http-equiv="Content-Type" content="text/html;charset=utf-8" />
  <meta name='ocr-system' content='tesseract 3.04.00' />
  <meta name='ocr-capabilities' content='ocr_page ocr_carea ocr_par ocr_line ocrx_word'/>
</head>
<body>
  <div class='ocr_page' id='page_1' title='image "./corpusgrammatico01linduoft_0697.png"; bbox 0 0 2263 2668; ppageno 0'>
   <div class='ocr_carea' id='block_1_1' title="bbox 432 124 1880 165">
    <p class='ocr_par' dir='ltr' id='par_1_1' title="bbox 432 124 1880 165">
     <span class='ocr_line' id='line_1_1' title="bbox 432 124 1880 165; baseline 0.004 -7"><span class='ocrx_word' id='word_1_1' title='bbox 432 124 497 159; x_wconf 85' lang='lat' dir='ltr'><strong>DE</strong></span> <span class='ocrx_word' id='word_1_2' title='bbox 522 124 796 161; x_wconf 84' lang='lat' dir='ltr'>VERBORUM</span> <span class='ocrx_word' id='word_1_3' title='bbox 822 124 1207 162; x_wconf 85' lang='lat' dir='ltr'><strong>SIGNIFICATIONE</strong></span> <span class='ocrx_word' id='word_1_4' title='bbox 1234 126 1548 165; x_wconf 84' lang='lat' dir='ltr'><strong>FRAGMENTA.</strong></span> <span class='ocrx_word' id='word_1_5' title='bbox 1805 129 1880 164; x_wconf 72' lang='lat'><strong>275</strong></span> 
     </span>
    </p>
   </div>
   <div class='ocr_carea' id='block_1_2' title="bbox 103 219 2058 1775">
    <p class='ocr_par' dir='ltr' id='par_1_2' title="bbox 103 219 1878 367">
     <span class='ocr_line' id='line_1_2' title="bbox 105 219 1878 268; baseline 0.002 -14"><span class='ocrx_word' id='word_1_6' title='bbox 105 225 243 267; x_wconf 80' lang='lat' dir='ltr'><strong>pateret.</strong></span> <span class='ocrx_word' id='word_1_7' title='bbox 296 219 401 252; x_wconf 88' lang='lat' dir='ltr'><strong>Tam</strong></span> <span class='ocrx_word' id='word_1_8' title='bbox 427 219 566 264; x_wconf 83' lang='lat' dir='ltr'><strong>perit,</strong></span> <span class='ocrx_word' id='word_1_9' title='bbox 599 231 649 264; x_wconf 90' lang='lat' dir='ltr'><strong>qu</strong></span> <span class='ocrx_word' id='word_1_10' title='bbox 661 233 720 254; x_wconf 89' lang='lat' dir='ltr'><strong>am</strong></span> <span class='ocrx_word' id='word_1_11' title='bbox 756 233 800 254; x_wconf 83' lang='lat' dir='ltr'><strong>ex</strong></span> <span class='ocrx_word' id='word_1_12' title='bbox 811 225 941 255; x_wconf 77' lang='lat' dir='ltr'><strong>trema</strong></span> <span class='ocrx_word' id='word_1_13' title='bbox 977 221 1075 254; x_wconf 81' lang='lat' dir='ltr'><strong>faba</strong></span> <span class='ocrx_word' id='word_1_14' title='bbox 1108 220 1143 253; x_wconf 82' lang='lat' dir='ltr'><strong>in</strong></span> <span class='ocrx_word' id='word_1_15' title='bbox 1177 223 1358 265; x_wconf 86' lang='lat' dir='ltr'><strong>proverbio</strong></span> <span class='ocrx_word' id='word_1_16' title='bbox 1387 229 1454 265; x_wconf 84' lang='lat' dir='ltr'><strong>est,</strong></span> <span class='ocrx_word' id='word_1_17' title='bbox 1494 223 1588 268; x_wconf 88' lang='lat' dir='ltr'><strong>quod</strong></span> <span class='ocrx_word' id='word_1_18' title='bbox 1616 235 1655 256; x_wconf 89' lang='lat' dir='ltr'><strong>ea</strong></span> <span class='ocrx_word' id='word_1_19' title='bbox 1682 224 1878 268; x_wconf 88' lang='lat' dir='ltr'><strong>plerumque</strong></span> 
     </span>
     <span class='ocr_line' id='line_1_3' title="bbox 105 271 1876 320; baseline 0.002 -14"><span class='ocrx_word' id='word_1_20' title='bbox 105 277 161 306; x_wconf 79' lang='lat' dir='ltr'><strong>aut</strong></span> <span class='ocrx_word' id='word_1_21' title='bbox 187 271 383 317; x_wconf 75' lang='lat' dir='ltr'>proteritur,</span> <span class='ocrx_word' id='word_1_22' title='bbox 413 275 470 304; x_wconf 85' lang='lat' dir='ltr'><strong>aut</strong></span> <span class='ocrx_word' id='word_1_23' title='bbox 496 271 688 316; x_wconf 81' lang='lat' dir='ltr'><strong>decerpitur</strong></span> <span class='ocrx_word' id='word_1_24' title='bbox 715 283 736 305; x_wconf 86' lang='lat' dir='ltr'><strong>a</strong></span> <span class='ocrx_word' id='word_1_25' title='bbox 761 273 1054 318; x_wconf 64' lang='lat' dir='ltr'><strong>praetereuntibus</strong></span> <span class='ocrx_word' id='word_1_26' title='bbox 1106 272 1198 317; x_wconf 87' lang='lat' dir='ltr'><strong>Tap</strong></span> <span class='ocrx_word' id='word_1_27' title='bbox 1208 274 1280 317; x_wconf 88' lang='lat' dir='ltr'><strong>pul</strong></span> <span class='ocrx_word' id='word_1_28' title='bbox 1290 286 1349 308; x_wconf 90' lang='lat' dir='ltr'><strong>am</strong></span> <span class='ocrx_word' id='word_1_29' title='bbox 1364 273 1382 296; x_wconf 74' lang='lat'><strong>²</strong></span> <span class='ocrx_word' id='word_1_30' title='bbox 1416 276 1529 320; x_wconf 85' lang='lat' dir='ltr'><strong>legem</strong></span> <span class='ocrx_word' id='word_1_31' title='bbox 1564 275 1770 310; x_wconf 82' lang='lat' dir='ltr'>convivalem</span> <span class='ocrx_word' id='word_1_32' title='bbox 1796 276 1876 310; x_wconf 84' lang='lat' dir='ltr'><strong>ficto</strong></span> 
     </span>
     <span class='ocr_line' id='line_1_4' title="bbox 103 322 1824 367; baseline 0.002 -10"><span class='ocrx_word' id='word_1_33' title='bbox 103 325 236 358; x_wconf 84' lang='lat' dir='ltr'><strong>nomine</strong></span> <span class='ocrx_word' id='word_1_34' title='bbox 263 322 459 367; x_wconf 82' lang='lat' dir='ltr'><strong>conscripsit</strong></span> <span class='ocrx_word' id='word_1_35' title='bbox 480 323 596 356; x_wconf 87' lang='lat' dir='ltr'><strong>iocoso</strong></span> <span class='ocrx_word' id='word_1_36' title='bbox 617 324 762 357; x_wconf 79' lang='lat' dir='ltr'><strong>carmine</strong></span> <span class='ocrx_word' id='word_1_37' title='bbox 789 325 938 358; x_wconf 82' lang='lat' dir='ltr'><strong>Valerius</strong></span> <span class='ocrx_word' id='word_1_38' title='bbox 964 323 1178 365; x_wconf 86' lang='lat' dir='ltr'><strong>Valentinus,</strong></span> <span class='ocrx_word' id='word_1_39' title='bbox 1218 325 1310 359; x_wconf 88' lang='lat' dir='ltr'><strong>cuius</strong></span> <span class='ocrx_word' id='word_1_40' title='bbox 1336 337 1379 361; x_wconf 89' lang='lat' dir='ltr'><strong>m.</strong></span> <span class='ocrx_word' id='word_1_41' title='bbox 1390 325 1407 348; x_wconf 84' lang='grc'><strong>3</strong></span> <span class='ocrx_word' id='word_1_42' title='bbox 1433 327 1580 361; x_wconf 80' lang='lat' dir='ltr'>Lucilius</span> <span class='ocrx_word' id='word_1_43' title='bbox 1605 326 1677 360; x_wconf 82' lang='lat' dir='ltr'><strong>hoo</strong></span> <span class='ocrx_word' id='word_1_44' title='bbox 1701 327 1824 361; x_wconf 86' lang='lat' dir='ltr'><strong>modo:</strong></span> 
     </span>
    </p>

    <p class='ocr_par' dir='ltr' id='par_1_3' title="bbox 104 379 2050 487">
     <span class='ocr_line' id='line_1_5' title="bbox 205 379 2050 429; baseline 0.003 -14"><span class='ocrx_word' id='word_1_45' title='bbox 205 381 264 416; x_wconf 82' lang='lat' dir='ltr'><strong>Ta</strong></span> <span class='ocrx_word' id='word_1_46' title='bbox 276 383 452 427; x_wconf 79' lang='lat' dir='ltr'><strong>ppulam</strong></span> <span class='ocrx_word' id='word_1_47' title='bbox 478 379 542 415; x_wconf 89' lang='lat' dir='ltr'><strong>rid</strong></span> <span class='ocrx_word' id='word_1_48' title='bbox 554 387 623 416; x_wconf 80' lang='lat' dir='ltr'><strong>ent</strong></span> <span class='ocrx_word' id='word_1_49' title='bbox 649 384 790 429; x_wconf 84' lang='lat' dir='ltr'><strong>legem</strong></span> <span class='ocrx_word' id='word_1_50' title='bbox 817 395 1001 419; x_wconf 83' lang='lat' dir='ltr'><strong>concere</strong></span> <span class='ocrx_word' id='word_1_51' title='bbox 1013 384 1027 400; x_wconf 76' lang='lat'>*</span> <span class='ocrx_word' id='word_1_52' title='bbox 1058 383 1200 428; x_wconf 80' lang='lat' dir='ltr'>opimi.</span> <span class='ocrx_word' id='word_1_53' title='bbox 1885 391 2050 426; x_wconf 80' lang='lat' dir='ltr'><strong>·f.congerae‚</strong></span> 
     </span>
     <span class='ocr_line' id='line_1_6' title="bbox 104 441 1832 487; baseline 0.002 -9"><span class='ocrx_word' id='word_1_54' title='bbox 104 442 232 478; x_wconf 82' lang='lat' dir='ltr'><strong>Term</strong></span> <span class='ocrx_word' id='word_1_55' title='bbox 243 453 263 476; x_wconf 90' lang='grc' dir='ltr'>ο</span> <span class='ocrx_word' id='word_1_56' title='bbox 275 453 294 476; x_wconf 89' lang='lat' dir='ltr'><strong>n</strong></span> <span class='ocrx_word' id='word_1_57' title='bbox 304 452 364 475; x_wconf 85' lang='lat' dir='ltr'><strong>em</strong></span> <span class='ocrx_word' id='word_1_58' title='bbox 390 441 516 475; x_wconf 85' lang='lat' dir='ltr'><strong>Ennius</strong></span> <span class='ocrx_word' id='word_1_59' title='bbox 542 441 675 477; x_wconf 79' lang='lat' dir='ltr'><strong>Graeca</strong></span> <span class='ocrx_word' id='word_1_60' title='bbox 702 444 940 478; x_wconf 83' lang='lat' dir='ltr'><strong>consuetudine</strong></span> <span class='ocrx_word' id='word_1_61' title='bbox 962 444 1061 486; x_wconf 81' lang='lat' dir='ltr'>dixit,</span> <span class='ocrx_word' id='word_1_62' title='bbox 1089 454 1189 487; x_wconf 86' lang='lat' dir='ltr'><strong>quem</strong></span> <span class='ocrx_word' id='word_1_63' title='bbox 1214 453 1273 476; x_wconf 89' lang='lat' dir='ltr'><strong>nos</strong></span> <span class='ocrx_word' id='word_1_64' title='bbox 1299 454 1386 478; x_wconf 87' lang='lat' dir='ltr'><strong>nnnc</strong></span> <span class='ocrx_word' id='word_1_65' title='bbox 1412 447 1589 481; x_wconf 84' lang='lat' dir='ltr'><strong>terminum</strong></span> <span class='ocrx_word' id='word_1_66' title='bbox 1616 445 1685 480; x_wconf 89' lang='lat' dir='ltr'><strong>hoc</strong></span> <span class='ocrx_word' id='word_1_67' title='bbox 1710 447 1832 481; x_wconf 87' lang='lat' dir='ltr'><strong>modo:</strong></span> 
     </span>
    </p>

    <p class='ocr_par' dir='ltr' id='par_1_4' title="bbox 105 501 1299 595">
     <span class='ocr_line' id='line_1_7' title="bbox 206 501 1299 549; baseline 0.001 -13"><span class='ocrx_word' id='word_1_68' title='bbox 206 502 378 549; x_wconf 82' lang='lat' dir='ltr'><strong>Ingenti</strong></span> <span class='ocrx_word' id='word_1_69' title='bbox 405 501 521 535; x_wconf 87' lang='lat' dir='ltr'><strong>vadit</strong></span> <span class='ocrx_word' id='word_1_70' title='bbox 547 513 696 544; x_wconf 85' lang='lat' dir='ltr'><strong>cursu,</strong></span> <span class='ocrx_word' id='word_1_71' title='bbox 729 515 811 547; x_wconf 88' lang='lat' dir='ltr'><strong>qua</strong></span> <span class='ocrx_word' id='word_1_72' title='bbox 837 504 1038 538; x_wconf 86' lang='lat' dir='ltr'><strong>redditus</strong></span> <span class='ocrx_word' id='word_1_73' title='bbox 1062 508 1199 537; x_wconf 82' lang='lat' dir='ltr'><strong>termo</strong></span> <span class='ocrx_word' id='word_1_74' title='bbox 1228 510 1299 537; x_wconf 84' lang='lat' dir='ltr'><strong>est.</strong></span> 
     </span>
     <span class='ocr_line' id='line_1_8' title="bbox 105 568 159 595; baseline 0 0"><span class='ocrx_word' id='word_1_75' title='bbox 105 568 159 595; x_wconf 82' lang='lat' dir='ltr'><strong>et:</strong></span> 
     </span>
    </p>

    <p class='ocr_par' dir='ltr' id='par_1_5' title="bbox 105 611 2050 1172">
     <span class='ocr_line' id='line_1_9' title="bbox 207 611 1272 658; baseline 0.002 -13"><span class='ocrx_word' id='word_1_76' title='bbox 207 614 449 646; x_wconf 79' lang='lat' dir='ltr'><strong>Hortatore</strong></span> <span class='ocrx_word' id='word_1_77' title='bbox 475 611 588 647; x_wconf 83' lang='lat' dir='ltr'><strong>bono</strong></span> <span class='ocrx_word' id='word_1_78' title='bbox 615 615 755 658; x_wconf 82' lang='lat' dir='ltr'><strong>priuS‚</strong></span> <span class='ocrx_word' id='word_1_79' title='bbox 783 627 910 658; x_wconf 91' lang='lat' dir='ltr'><strong>quam</strong></span> <span class='ocrx_word' id='word_1_80' title='bbox 936 615 1100 648; x_wconf 85' lang='lat' dir='ltr'><strong>finibus</strong></span> <span class='ocrx_word' id='word_1_81' title='bbox 1127 620 1272 649; x_wconf 88' lang='lat' dir='ltr'><strong>termo.</strong></span> 
     </span>
     <span class='ocr_line' id='line_1_10' title="bbox 105 662 1875 713; baseline 0.001 -15"><span class='ocrx_word' id='word_1_82' title='bbox 105 665 277 698; x_wconf 84' lang='lat' dir='ltr'><strong>Trientem</strong></span> <span class='ocrx_word' id='word_1_83' title='bbox 289 662 308 685; x_wconf 85' lang='lat'>4</span> <span class='ocrx_word' id='word_1_84' title='bbox 335 665 466 697; x_wconf 89' lang='lat' dir='ltr'><strong>tertium</strong></span> <span class='ocrx_word' id='word_1_85' title='bbox 501 665 618 709; x_wconf 90' lang='lat' dir='ltr'><strong>pondo</strong></span> <span class='ocrx_word' id='word_1_86' title='bbox 654 678 813 700; x_wconf 90' lang='lat' dir='ltr'><strong>coronam</strong></span> <span class='ocrx_word' id='word_1_87' title='bbox 849 678 983 700; x_wconf 88' lang='lat' dir='ltr'>auream</span> <span class='ocrx_word' id='word_1_88' title='bbox 1010 666 1141 699; x_wconf 85' lang='lat' dir='ltr'><strong>dedisse</strong></span> <span class='ocrx_word' id='word_1_89' title='bbox 1167 678 1201 699; x_wconf 90' lang='lat' dir='ltr'><strong>se</strong></span> <span class='ocrx_word' id='word_1_90' title='bbox 1235 666 1307 699; x_wconf 83' lang='lat' dir='ltr'><strong>lovi</strong></span> <span class='ocrx_word' id='word_1_91' title='bbox 1334 665 1460 699; x_wconf 88' lang='lat' dir='ltr'><strong>donum</strong></span> <span class='ocrx_word' id='word_1_92' title='bbox 1493 667 1620 713; x_wconf 82' lang='lat' dir='ltr'><strong>scripsit</strong></span> <span class='ocrx_word' id='word_1_93' title='bbox 1651 667 1694 701; x_wconf 87' lang='lat' dir='ltr'><strong>T.</strong></span> <span class='ocrx_word' id='word_1_94' title='bbox 1722 667 1875 709; x_wconf 82' lang='lat' dir='ltr'><strong>Quintius</strong></span> 
     </span>
     <span class='ocr_line' id='line_1_11' title="bbox 106 716 2049 764; baseline 0.001 -15"><span class='ocrx_word' id='word_1_95' title='bbox 106 716 182 749; x_wconf 90' lang='lat' dir='ltr'><strong>Dict</strong></span> <span class='ocrx_word' id='word_1_96' title='bbox 184 741 438 751; x_wconf 88' lang='lat'>.....</span> <span class='ocrx_word' id='word_1_97' title='bbox 491 728 595 759; x_wconf 93' lang='lat' dir='ltr'><strong>quom</strong></span> <span class='ocrx_word' id='word_1_98' title='bbox 621 729 684 761; x_wconf 89' lang='lat' dir='ltr'><strong>per</strong></span> <span class='ocrx_word' id='word_1_99' title='bbox 705 730 825 751; x_wconf 90' lang='lat' dir='ltr'><strong>novem</strong></span> <span class='ocrx_word' id='word_1_100' title='bbox 855 718 926 751; x_wconf 89' lang='lat' dir='ltr'><strong>dies</strong></span> <span class='ocrx_word' id='word_1_101' title='bbox 946 718 1085 751; x_wconf 87' lang='lat' dir='ltr'><strong>totidem</strong></span> <span class='ocrx_word' id='word_1_102' title='bbox 1112 717 1229 758; x_wconf 90' lang='lat' dir='ltr'><strong>urbes,</strong></span> <span class='ocrx_word' id='word_1_103' title='bbox 1256 723 1288 751; x_wconf 92' lang='lat' dir='ltr'><strong>et</strong></span> <span class='ocrx_word' id='word_1_104' title='bbox 1307 716 1473 751; x_wconf 84' lang='lat' dir='ltr'><strong>decimam</strong></span> <span class='ocrx_word' id='word_1_105' title='bbox 1483 718 1496 734; x_wconf 72' lang='lat'>⁸</span> <span class='ocrx_word' id='word_1_106' title='bbox 1521 719 1697 752; x_wconf 84' lang='lat' dir='ltr'><strong>Praeneste</strong></span> <span class='ocrx_word' id='word_1_107' title='bbox 1724 717 2049 764; x_wconf 44' lang='lat' dir='ltr'><strong>cepisset-mdeditione</strong></span> 
     </span>
     <span class='ocr_line' id='line_1_12' title="bbox 105 765 1877 815; baseline 0.002 -15"><span class='ocrx_word' id='word_1_108' title='bbox 105 768 140 800; x_wconf 89' lang='lat' dir='ltr'><strong>id</strong></span> <span class='ocrx_word' id='word_1_109' title='bbox 165 767 354 813; x_wconf 85' lang='lat' dir='ltr'><strong>significare</strong></span> <span class='ocrx_word' id='word_1_110' title='bbox 381 768 427 799; x_wconf 91' lang='lat' dir='ltr'><strong>ait</strong></span> <span class='ocrx_word' id='word_1_111' title='bbox 453 765 587 802; x_wconf 87' lang='lat' dir='ltr'><strong>Cincius</strong></span> <span class='ocrx_word' id='word_1_112' title='bbox 614 769 647 801; x_wconf 93' lang='lat' dir='ltr'><strong>in</strong></span> <span class='ocrx_word' id='word_1_113' title='bbox 673 769 936 815; x_wconf 75' lang='lat' dir='ltr'><strong>Mystagogicon</strong></span> <span class='ocrx_word' id='word_1_114' title='bbox 963 770 1001 803; x_wconf 91' lang='lat' dir='ltr'><strong>L.</strong></span> <span class='ocrx_word' id='word_1_115' title='bbox 1029 769 1072 802; x_wconf 91' lang='grc' dir='ltr'><strong>ΙΙ.</strong></span> <span class='ocrx_word' id='word_1_116' title='bbox 1107 769 1208 802; x_wconf 84' lang='lat' dir='ltr'><strong>(luas</strong></span> <span class='ocrx_word' id='word_1_117' title='bbox 1235 769 1297 801; x_wconf 88' lang='lat' dir='ltr'><strong>lib</strong></span> <span class='ocrx_word' id='word_1_118' title='bbox 1308 780 1351 800; x_wconf 91' lang='lat' dir='ltr'><strong>ro</strong></span> <span class='ocrx_word' id='word_1_119' title='bbox 1362 781 1376 801; x_wconf 93' lang='lat' dir='ltr'><strong>s</strong></span> <span class='ocrx_word' id='word_1_120' title='bbox 1411 780 1463 813; x_wconf 88' lang='lat' dir='ltr'><strong>po</strong></span> <span class='ocrx_word' id='word_1_121' title='bbox 1474 769 1555 802; x_wconf 89' lang='lat' dir='ltr'><strong>ndo</strong></span> <span class='ocrx_word' id='word_1_122' title='bbox 1583 776 1622 802; x_wconf 89' lang='lat' dir='ltr'><strong>et</strong></span> <span class='ocrx_word' id='word_1_123' title='bbox 1656 770 1877 809; x_wconf 84' lang='lat' dir='ltr'><strong>trientem;</strong></span> 
     </span>
     <span class='ocr_line' id='line_1_13' title="bbox 106 818 1878 866; baseline 0.002 -15"><span class='ocrx_word' id='word_1_124' title='bbox 106 831 172 862; x_wconf 84' lang='lat' dir='ltr'><strong>qua</strong></span> <span class='ocrx_word' id='word_1_125' title='bbox 198 818 435 852; x_wconf 88' lang='lat' dir='ltr'><strong>consuetudine</strong></span> <span class='ocrx_word' id='word_1_126' title='bbox 462 819 632 864; x_wconf 88' lang='lat' dir='ltr'><strong>hodieque</strong></span> <span class='ocrx_word' id='word_1_127' title='bbox 659 821 799 862; x_wconf 87' lang='lat' dir='ltr'><strong>utimur,</strong></span> <span class='ocrx_word' id='word_1_128' title='bbox 826 832 929 864; x_wconf 87' lang='lat' dir='ltr'><strong>quom</strong></span> <span class='ocrx_word' id='word_1_129' title='bbox 956 822 1085 866; x_wconf 84' lang='lat' dir='ltr'><strong>lignum</strong></span> <span class='ocrx_word' id='word_1_130' title='bbox 1111 821 1170 854; x_wconf 88' lang='lat' dir='ltr'><strong>bes</strong></span> <span class='ocrx_word' id='word_1_131' title='bbox 1196 821 1336 853; x_wconf 88' lang='lat' dir='ltr'><strong>alterum</strong></span> <span class='ocrx_word' id='word_1_132' title='bbox 1367 820 1525 861; x_wconf 88' lang='lat' dir='ltr'><strong>dicimus,</strong></span> <span class='ocrx_word' id='word_1_133' title='bbox 1550 820 1586 853; x_wconf 89' lang='lat' dir='ltr'><strong>id</strong></span> <span class='ocrx_word' id='word_1_134' title='bbox 1613 826 1662 853; x_wconf 88' lang='lat' dir='ltr'><strong>est</strong></span> <span class='ocrx_word' id='word_1_135' title='bbox 1681 821 1818 865; x_wconf 82' lang='lat' dir='ltr'><strong>pedem,</strong></span> <span class='ocrx_word' id='word_1_136' title='bbox 1845 826 1878 854; x_wconf 85' lang='lat' dir='ltr'><strong>et</strong></span> 
     </span>
     <span class='ocr_line' id='line_1_14' title="bbox 107 870 1875 914; baseline 0.001 -11"><span class='ocrx_word' id='word_1_137' title='bbox 107 871 236 903; x_wconf 79' lang='lat' dir='ltr'><strong>bessem</strong></span> <span class='ocrx_word' id='word_1_138' title='bbox 270 870 447 903; x_wconf 87' lang='lat' dir='ltr'><strong>latitudinis</strong></span> <span class='ocrx_word' id='word_1_139' title='bbox 479 870 615 907; x_wconf 82' lang='lat' dir='ltr'><strong>habens.</strong></span> <span class='ocrx_word' id='word_1_140' title='bbox 650 879 683 905; x_wconf 83' lang='lat' dir='ltr'><strong>et</strong></span> <span class='ocrx_word' id='word_1_141' title='bbox 708 874 909 914; x_wconf 81' lang='lat' dir='ltr'><strong>sestertium,</strong></span> <span class='ocrx_word' id='word_1_142' title='bbox 950 872 986 905; x_wconf 86' lang='lat' dir='ltr'><strong>id</strong></span> <span class='ocrx_word' id='word_1_143' title='bbox 1019 877 1067 905; x_wconf 88' lang='lat' dir='ltr'><strong>est</strong></span> <span class='ocrx_word' id='word_1_144' title='bbox 1099 872 1183 905; x_wconf 91' lang='lat' dir='ltr'><strong>duos</strong></span> <span class='ocrx_word' id='word_1_145' title='bbox 1217 884 1321 912; x_wconf 86' lang='lat' dir='ltr'><strong>asses,</strong></span> <span class='ocrx_word' id='word_1_146' title='bbox 1369 877 1402 904; x_wconf 89' lang='lat' dir='ltr'><strong>et</strong></span> <span class='ocrx_word' id='word_1_147' title='bbox 1428 872 1595 905; x_wconf 86' lang='lat' dir='ltr'><strong>semissem</strong></span> <span class='ocrx_word' id='word_1_148' title='bbox 1630 873 1771 906; x_wconf 87' lang='lat' dir='ltr'><strong>tertium.</strong></span> <span class='ocrx_word' id='word_1_149' title='bbox 1797 873 1875 905; x_wconf 88' lang='lat' dir='ltr'><strong>item</strong></span> 
     </span>
     <span class='ocr_line' id='line_1_15' title="bbox 106 917 2049 981; baseline 0.001 -27"><span class='ocrx_word' id='word_1_150' title='bbox 106 923 132 954; x_wconf 84' lang='lat' dir='ltr'><strong>si</strong></span> <span class='ocrx_word' id='word_1_151' title='bbox 149 917 170 970; x_wconf 75' lang='grc' dir='ltr'>Η</span> <span class='ocrx_word' id='word_1_152' title='bbox 184 927 249 955; x_wconf 87' lang='lat' dir='ltr'><strong>tres</strong></span> <span class='ocrx_word' id='word_1_153' title='bbox 275 933 361 955; x_wconf 85' lang='lat' dir='ltr'><strong>asses</strong></span> <span class='ocrx_word' id='word_1_154' title='bbox 387 925 461 954; x_wconf 88' lang='lat' dir='ltr'><strong>sunt</strong></span> <span class='ocrx_word' id='word_1_155' title='bbox 487 928 519 955; x_wconf 88' lang='lat' dir='ltr'><strong>et</strong></span> <span class='ocrx_word' id='word_1_156' title='bbox 533 925 545 938; x_wconf 80' lang='lat'>*</span> <span class='ocrx_word' id='word_1_157' title='bbox 573 923 739 966; x_wconf 86' lang='lat' dir='ltr'><strong>quadrans</strong></span> <span class='ocrx_word' id='word_1_158' title='bbox 772 930 909 967; x_wconf 88' lang='lat' dir='ltr'><strong>quartus</strong></span> <span class='ocrx_word' id='word_1_159' title='bbox 927 928 955 943; x_wconf 72' lang='lat'><strong>*‘</strong></span> <span class='ocrx_word' id='word_1_160' title='bbox 1008 948 1263 959; x_wconf 90' lang='grc'><strong>.....</strong></span> <span class='ocrx_word' id='word_1_161' title='bbox 1315 923 1490 957; x_wconf 90' lang='lat' dir='ltr'><strong>Tersum</strong></span> <span class='ocrx_word' id='word_1_162' title='bbox 1526 923 1548 955; x_wconf 94' lang='lat' dir='ltr'><strong>d</strong></span> <span class='ocrx_word' id='word_1_163' title='bbox 1558 923 1567 955; x_wconf 89' lang='lat' dir='ltr'><strong>i</strong></span> <span class='ocrx_word' id='word_1_164' title='bbox 1577 935 1594 956; x_wconf 92' lang='lat' dir='ltr'><strong>e</strong></span> <span class='ocrx_word' id='word_1_165' title='bbox 1604 935 1637 956; x_wconf 94' lang='lat' dir='ltr'><strong>m</strong></span> <span class='ocrx_word' id='word_1_166' title='bbox 1669 935 1731 968; x_wconf 91' lang='lat' dir='ltr'><strong>pro</strong></span> <span class='ocrx_word' id='word_1_167' title='bbox 1768 923 1876 970; x_wconf 87' lang='lat'>[191]</span> <span class='ocrx_word' id='word_1_168' title='bbox 1886 921 2049 981; x_wconf 37' lang='lat' dir='ltr'><strong>’fia-¹¹:15⁰*-</strong></span> 
     </span>
     <span class='ocr_line' id='line_1_16' title="bbox 106 973 2050 1018; baseline 0.001 -12"><span class='ocrx_word' id='word_1_169' title='bbox 106 985 222 1006; x_wconf 91' lang='lat' dir='ltr'><strong>sereno</strong></span> <span class='ocrx_word' id='word_1_170' title='bbox 250 973 376 1007; x_wconf 84' lang='lat' dir='ltr'><strong>dictum</strong></span> <span class='ocrx_word' id='word_1_171' title='bbox 403 974 446 1006; x_wconf 84' lang='lat' dir='ltr'><strong>ab</strong></span> <span class='ocrx_word' id='word_1_172' title='bbox 474 975 630 1018; x_wconf 78' lang='lat' dir='ltr'><strong>antiquiS,</strong></span> <span class='ocrx_word' id='word_1_173' title='bbox 656 987 719 1010; x_wconf 90' lang='lat' dir='ltr'><strong>nec</strong></span> <span class='ocrx_word' id='word_1_174' title='bbox 744 987 779 1009; x_wconf 90' lang='lat' dir='ltr'><strong>se</strong></span> <span class='ocrx_word' id='word_1_175' title='bbox 801 975 929 1009; x_wconf 86' lang='lat' dir='ltr'><strong>habere</strong></span> <span class='ocrx_word' id='word_1_176' title='bbox 955 975 1002 1009; x_wconf 89' lang='lat' dir='ltr'><strong>rei</strong></span> <span class='ocrx_word' id='word_1_177' title='bbox 1028 980 1198 1009; x_wconf 79' lang='lat' dir='ltr'><strong>auctorem</strong></span> <span class='ocrx_word' id='word_1_178' title='bbox 1226 975 1278 1008; x_wconf 84' lang='lat' dir='ltr'><strong>ait.</strong></span> <span class='ocrx_word' id='word_1_179' title='bbox 1338 974 1514 1008; x_wconf 90' lang='lat' dir='ltr'><strong>Teretin</strong></span> <span class='ocrx_word' id='word_1_180' title='bbox 1524 975 1665 1007; x_wconf 85' lang='lat' dir='ltr'><strong>atibus</strong></span> <span class='ocrx_word' id='word_1_181' title='bbox 1699 987 1717 1007; x_wconf 93' lang='lat' dir='ltr'><strong>a</strong></span> <span class='ocrx_word' id='word_1_182' title='bbox 1744 975 1928 1016; x_wconf 70' lang='lat' dir='ltr'><strong>flumine-⁸5,</strong></span> <span class='ocrx_word' id='word_1_183' title='bbox 1940 991 1967 1015; x_wconf 75' lang='lat' dir='ltr'><strong>A.</strong></span> <span class='ocrx_word' id='word_1_184' title='bbox 1986 973 2050 1015; x_wconf 81' lang='lat' dir='ltr'><strong>di&#39;ci-</strong></span> 
     </span>
     <span class='ocr_line' id='line_1_17' title="bbox 107 1023 2007 1070; baseline 0.001 -14"><span class='ocrx_word' id='word_1_185' title='bbox 107 1049 364 1059; x_wconf 87' lang='lat'><strong>.....</strong></span> <span class='ocrx_word' id='word_1_186' title='bbox 417 1023 549 1070; x_wconf 88' lang='lat' dir='ltr'><strong>Tripu</strong></span> <span class='ocrx_word' id='word_1_187' title='bbox 562 1027 675 1059; x_wconf 90' lang='lat' dir='ltr'><strong>dium</strong></span> <span class='ocrx_word' id='word_1_188' title='bbox 690 1025 707 1047; x_wconf 84' lang='lat'>5</span> <span class='ocrx_word' id='word_1_189' title='bbox 769 1053 775 1060; x_wconf 95' lang='lat'><em>.</em></span> <span class='ocrx_word' id='word_1_190' title='bbox 830 1053 837 1060; x_wconf 91' lang='lat'><strong>.</strong></span> <span class='ocrx_word' id='word_1_191' title='bbox 891 1052 899 1060; x_wconf 85' lang='lat'><strong><em>.</em></strong></span> <span class='ocrx_word' id='word_1_192' title='bbox 953 1053 960 1060; x_wconf 93' lang='lat'><strong>.</strong></span> <span class='ocrx_word' id='word_1_193' title='bbox 1013 1027 1079 1061; x_wconf 85' lang='lat' dir='ltr'><strong>ciis.</strong></span> <span class='ocrx_word' id='word_1_194' title='bbox 1113 1027 1146 1060; x_wconf 91' lang='lat' dir='ltr'><strong>in</strong></span> <span class='ocrx_word' id='word_1_195' title='bbox 1176 1025 1375 1060; x_wconf 85' lang='lat' dir='ltr'><strong>exultatione</strong></span> <span class='ocrx_word' id='word_1_196' title='bbox 1413 1026 1575 1070; x_wconf 87' lang='lat' dir='ltr'><strong>tripudiat</strong></span> <span class='ocrx_word' id='word_1_197' title='bbox 1625 1052 1634 1060; x_wconf 89' lang='lat'><strong><em>.</em></strong></span> <span class='ocrx_word' id='word_1_198' title='bbox 1687 1051 1694 1058; x_wconf 90' lang='lat'><strong>.</strong></span> <span class='ocrx_word' id='word_1_199' title='bbox 1747 1049 1755 1058; x_wconf 92' lang='lat'><strong>.</strong></span> <span class='ocrx_word' id='word_1_200' title='bbox 1808 1051 1816 1058; x_wconf 91' lang='lat'>.</span> <span class='ocrx_word' id='word_1_201' title='bbox 1869 1051 1877 1058; x_wconf 87' lang='lat'><strong>.</strong></span> <span class='ocrx_word' id='word_1_202' title='bbox 1955 1027 2007 1054; x_wconf 82' lang='lat' dir='ltr'><strong>tur,</strong></span> 
     </span>
     <span class='ocr_line' id='line_1_18' title="bbox 108 1076 1879 1123; baseline 0 -13"><span class='ocrx_word' id='word_1_203' title='bbox 108 1104 114 1110; x_wconf 93' lang='lat'><em>.</em></span> <span class='ocrx_word' id='word_1_204' title='bbox 168 1102 176 1109; x_wconf 92' lang='lat'><em>.</em></span> <span class='ocrx_word' id='word_1_205' title='bbox 229 1103 237 1110; x_wconf 92' lang='lat'><strong>.</strong></span> <span class='ocrx_word' id='word_1_206' title='bbox 291 1103 298 1109; x_wconf 90' lang='lat'><em>.</em></span> <span class='ocrx_word' id='word_1_207' title='bbox 351 1087 371 1108; x_wconf 91' lang='lat' dir='ltr'><strong>a</strong></span> <span class='ocrx_word' id='word_1_208' title='bbox 386 1081 473 1109; x_wconf 89' lang='lat' dir='ltr'><strong>terra</strong></span> <span class='ocrx_word' id='word_1_209' title='bbox 499 1078 665 1121; x_wconf 86' lang='lat' dir='ltr'><strong>pavienda</strong></span> <span class='ocrx_word' id='word_1_210' title='bbox 675 1102 684 1118; x_wconf 93' lang='lat'><strong>,</strong></span> <span class='ocrx_word' id='word_1_211' title='bbox 712 1090 788 1111; x_wconf 86' lang='lat' dir='ltr'><strong>nam</strong></span> <span class='ocrx_word' id='word_1_212' title='bbox 814 1079 950 1123; x_wconf 79' lang='lat' dir='ltr'><strong>pavire,</strong></span> <span class='ocrx_word' id='word_1_213' title='bbox 977 1085 1026 1112; x_wconf 86' lang='lat' dir='ltr'><strong>est</strong></span> <span class='ocrx_word' id='word_1_214' title='bbox 1052 1079 1170 1117; x_wconf 78' lang='lat' dir='ltr'><strong>ferire,</strong></span> <span class='ocrx_word' id='word_1_215' title='bbox 1196 1090 1215 1111; x_wconf 89' lang='lat' dir='ltr'><strong>a</strong></span> <span class='ocrx_word' id='word_1_216' title='bbox 1235 1089 1303 1122; x_wconf 90' lang='lat' dir='ltr'><strong>quo</strong></span> <span class='ocrx_word' id='word_1_217' title='bbox 1331 1082 1364 1110; x_wconf 89' lang='lat' dir='ltr'><strong>et</strong></span> <span class='ocrx_word' id='word_1_218' title='bbox 1389 1078 1588 1122; x_wconf 86' lang='lat' dir='ltr'><strong>pavimenta.</strong></span> <span class='ocrx_word' id='word_1_219' title='bbox 1616 1077 1650 1109; x_wconf 88' lang='lat' dir='ltr'><strong>id</strong></span> <span class='ocrx_word' id='word_1_220' title='bbox 1678 1088 1717 1109; x_wconf 90' lang='lat' dir='ltr'><strong>ex</strong></span> <span class='ocrx_word' id='word_1_221' title='bbox 1734 1076 1879 1118; x_wconf 86' lang='lat' dir='ltr'><strong>Graeco,</strong></span> 
     </span>
     <span class='ocr_line' id='line_1_19' title="bbox 107 1127 1821 1172; baseline 0.001 -11"><span class='ocrx_word' id='word_1_222' title='bbox 107 1127 202 1171; x_wconf 88' lang='lat' dir='ltr'><strong>quod</strong></span> <span class='ocrx_word' id='word_1_223' title='bbox 236 1127 282 1159; x_wconf 89' lang='lat' dir='ltr'><strong>illi</strong></span> <span class='ocrx_word' id='word_1_224' title='bbox 319 1127 439 1163; x_wconf 83' lang='grc' dir='ltr'><strong><em>παίειν</em></strong></span> <span class='ocrx_word' id='word_1_225' title='bbox 447 1154 460 1170; x_wconf 86' lang='grc'>,</span> <span class='ocrx_word' id='word_1_226' title='bbox 501 1129 592 1172; x_wconf 90' lang='lat' dir='ltr'><strong>quod</strong></span> <span class='ocrx_word' id='word_1_227' title='bbox 628 1140 688 1162; x_wconf 88' lang='lat' dir='ltr'><strong>nos</strong></span> <span class='ocrx_word' id='word_1_228' title='bbox 720 1130 821 1163; x_wconf 87' lang='lat' dir='ltr'><strong>ferire</strong></span> <span class='ocrx_word' id='word_1_229' title='bbox 880 1156 887 1163; x_wconf 88' lang='lat'><strong>.</strong></span> <span class='ocrx_word' id='word_1_230' title='bbox 947 1156 955 1163; x_wconf 92' lang='lat'><strong><em>.</em></strong></span> <span class='ocrx_word' id='word_1_231' title='bbox 1017 1158 1024 1165; x_wconf 90' lang='lat'>.</span> <span class='ocrx_word' id='word_1_232' title='bbox 1085 1156 1092 1162; x_wconf 86' lang='lat'><strong>.</strong></span> <span class='ocrx_word' id='word_1_233' title='bbox 1154 1156 1161 1162; x_wconf 89' lang='lat'><strong><em>.</em></strong></span> <span class='ocrx_word' id='word_1_234' title='bbox 1215 1157 1224 1164; x_wconf 85' lang='lat'><strong>.</strong></span> <span class='ocrx_word' id='word_1_235' title='bbox 1276 1141 1367 1162; x_wconf 77' lang='lat' dir='ltr'><strong>nium</strong></span> <span class='ocrx_word' id='word_1_236' title='bbox 1394 1130 1534 1163; x_wconf 88' lang='lat' dir='ltr'><strong>intactus</strong></span> <span class='ocrx_word' id='word_1_237' title='bbox 1560 1140 1637 1161; x_wconf 89' lang='lat' dir='ltr'><strong>usur</strong></span> <span class='ocrx_word' id='word_1_238' title='bbox 1689 1154 1698 1162; x_wconf 86' lang='lat'><strong>.</strong></span> <span class='ocrx_word' id='word_1_239' title='bbox 1751 1156 1758 1163; x_wconf 95' lang='lat'>.</span> <span class='ocrx_word' id='word_1_240' title='bbox 1813 1155 1821 1162; x_wconf 93' lang='lat'><strong><em>.</em></strong></span> 
     </span>
    </p>

    <p class='ocr_par' dir='ltr' id='par_1_6' title="bbox 169 1178 1880 1227">
     <span class='ocr_line' id='line_1_20' title="bbox 169 1178 1880 1227; baseline 0.001 -17"><span class='ocrx_word' id='word_1_241' title='bbox 169 1205 177 1213; x_wconf 84' lang='grc'><em>,</em></span> <span class='ocrx_word' id='word_1_242' title='bbox 229 1179 262 1211; x_wconf 94' lang='grc' dir='ltr'>Τ</span> <span class='ocrx_word' id='word_1_243' title='bbox 273 1190 331 1211; x_wconf 88' lang='lat' dir='ltr'><strong>em</strong></span> <span class='ocrx_word' id='word_1_244' title='bbox 341 1178 351 1210; x_wconf 92' lang='lat' dir='ltr'><strong>i</strong></span> <span class='ocrx_word' id='word_1_245' title='bbox 362 1190 433 1211; x_wconf 91' lang='lat' dir='ltr'><strong>nar</strong></span> <span class='ocrx_word' id='word_1_246' title='bbox 443 1191 461 1211; x_wconf 90' lang='lat' dir='ltr'><strong>e</strong></span> <span class='ocrx_word' id='word_1_247' title='bbox 476 1204 485 1221; x_wconf 93' lang='lat'><strong>,</strong></span> <span class='ocrx_word' id='word_1_248' title='bbox 519 1180 646 1213; x_wconf 85' lang='lat' dir='ltr'><strong>violare</strong></span> <span class='ocrx_word' id='word_1_249' title='bbox 704 1206 712 1213; x_wconf 85' lang='lat'><strong>.</strong></span> <span class='ocrx_word' id='word_1_250' title='bbox 773 1208 781 1216; x_wconf 90' lang='lat'><strong>.</strong></span> <span class='ocrx_word' id='word_1_251' title='bbox 841 1209 850 1217; x_wconf 84' lang='lat'><em>.</em></span> <span class='ocrx_word' id='word_1_252' title='bbox 915 1206 922 1213; x_wconf 91' lang='lat'><strong>.</strong></span> <span class='ocrx_word' id='word_1_253' title='bbox 983 1206 990 1213; x_wconf 92' lang='lat'><strong>.</strong></span> <span class='ocrx_word' id='word_1_254' title='bbox 1049 1209 1056 1216; x_wconf 92' lang='lat'><em>.</em></span> <span class='ocrx_word' id='word_1_255' title='bbox 1116 1187 1150 1214; x_wconf 82' lang='lat' dir='ltr'><strong>et</strong></span> <span class='ocrx_word' id='word_1_256' title='bbox 1177 1181 1420 1227; x_wconf 81' lang='lat' dir='ltr'><strong>contaminare,</strong></span> <span class='ocrx_word' id='word_1_257' title='bbox 1453 1181 1580 1214; x_wconf 89' lang='lat' dir='ltr'><strong>dictum</strong></span> <span class='ocrx_word' id='word_1_258' title='bbox 1607 1179 1763 1213; x_wconf 86' lang='lat' dir='ltr'><strong>videlicet</strong></span> <span class='ocrx_word' id='word_1_259' title='bbox 1815 1207 1822 1213; x_wconf 90' lang='lat'><strong><em>.</em></strong></span> <span class='ocrx_word' id='word_1_260' title='bbox 1873 1205 1880 1212; x_wconf 89' lang='lat'><strong><em>.</em></strong></span> 
     </span>
    </p>

    <p class='ocr_par' dir='ltr' id='par_1_7' title="bbox 109 1230 1880 1322">
     <span class='ocr_line' id='line_1_21' title="bbox 109 1230 1880 1277; baseline 0 -15"><span class='ocrx_word' id='word_1_261' title='bbox 109 1231 246 1266; x_wconf 80' lang='lat' dir='ltr'><strong>ilintate.</strong></span> <span class='ocrx_word' id='word_1_262' title='bbox 299 1230 332 1262; x_wconf 88' lang='lat' dir='ltr'>T</span> <span class='ocrx_word' id='word_1_263' title='bbox 342 1242 384 1263; x_wconf 91' lang='lat' dir='ltr'><strong>er</strong></span> <span class='ocrx_word' id='word_1_264' title='bbox 394 1242 412 1263; x_wconf 89' lang='lat' dir='ltr'><strong>e</strong></span> <span class='ocrx_word' id='word_1_265' title='bbox 422 1242 436 1263; x_wconf 91' lang='lat' dir='ltr'><strong>s</strong></span> <span class='ocrx_word' id='word_1_266' title='bbox 463 1236 511 1264; x_wconf 91' lang='lat' dir='ltr'><strong>est</strong></span> <span class='ocrx_word' id='word_1_267' title='bbox 535 1233 570 1265; x_wconf 91' lang='lat' dir='ltr'><strong>in</strong></span> <span class='ocrx_word' id='word_1_268' title='bbox 596 1230 806 1277; x_wconf 87' lang='lat' dir='ltr'><strong>longitudine</strong></span> <span class='ocrx_word' id='word_1_269' title='bbox 832 1231 1056 1266; x_wconf 76' lang='lat' dir='ltr'><strong>rotundatum.</strong></span> <span class='ocrx_word' id='word_1_270' title='bbox 1084 1234 1198 1276; x_wconf 87' lang='lat' dir='ltr'><strong>quales</strong></span> <span class='ocrx_word' id='word_1_271' title='bbox 1225 1244 1345 1267; x_wconf 84' lang='lat' dir='ltr'><strong>asseres</strong></span> <span class='ocrx_word' id='word_1_272' title='bbox 1371 1237 1488 1266; x_wconf 88' lang='lat' dir='ltr'><strong>natura</strong></span> <span class='ocrx_word' id='word_1_273' title='bbox 1514 1232 1683 1265; x_wconf 84' lang='lat' dir='ltr'><strong>ministrat.</strong></span> <span class='ocrx_word' id='word_1_274' title='bbox 1735 1231 1768 1263; x_wconf 83' lang='grc' dir='ltr'>Τ</span> <span class='ocrx_word' id='word_1_275' title='bbox 1778 1242 1836 1263; x_wconf 88' lang='lat' dir='ltr'><strong>em</strong></span> <span class='ocrx_word' id='word_1_276' title='bbox 1845 1241 1880 1261; x_wconf 92' lang='lat' dir='ltr'><strong>e-</strong></span> 
     </span>
     <span class='ocr_line' id='line_1_22' title="bbox 109 1281 829 1322; baseline 0.003 -8"><span class='ocrx_word' id='word_1_277' title='bbox 109 1287 210 1322; x_wconf 87' lang='lat' dir='ltr'><strong>tum,</strong></span> <span class='ocrx_word' id='word_1_278' title='bbox 237 1281 358 1314; x_wconf 87' lang='lat' dir='ltr'><strong>vinum.</strong></span> <span class='ocrx_word' id='word_1_279' title='bbox 411 1281 548 1316; x_wconf 87' lang='lat' dir='ltr'><strong>Plautus</strong></span> <span class='ocrx_word' id='word_1_280' title='bbox 579 1283 614 1316; x_wconf 89' lang='lat' dir='ltr'><strong>in</strong></span> <span class='ocrx_word' id='word_1_281' title='bbox 638 1283 829 1317; x_wconf 88' lang='lat' dir='ltr'><strong>Aulularia:</strong></span> 
     </span>
    </p>

    <p class='ocr_par' dir='ltr' id='par_1_8' title="bbox 216 1329 1878 1380">
     <span class='ocr_line' id='line_1_23' title="bbox 216 1329 1878 1380; baseline -0.002 -14"><span class='ocrx_word' id='word_1_282' title='bbox 216 1329 422 1373; x_wconf 87' lang='lat' dir='ltr'><strong>Cererin&#39;,</strong></span> <span class='ocrx_word' id='word_1_283' title='bbox 449 1333 652 1369; x_wconf 84' lang='lat' dir='ltr'><strong>Strobile</strong></span> <span class='ocrx_word' id='word_1_284' title='bbox 678 1334 756 1368; x_wconf 86' lang='lat' dir='ltr'><strong>has</strong></span> <span class='ocrx_word' id='word_1_285' title='bbox 784 1335 944 1369; x_wconf 85' lang='lat' dir='ltr'><strong>facturi</strong></span> <span class='ocrx_word' id='word_1_286' title='bbox 971 1333 1174 1380; x_wconf 80' lang='lat' dir='ltr'><strong>nuptias?</strong></span> <span class='ocrx_word' id='word_1_287' title='bbox 1200 1335 1300 1379; x_wconf 86' lang='lat' dir='ltr'><strong>qui?</strong></span> <span class='ocrx_word' id='word_1_288' title='bbox 1331 1335 1428 1379; x_wconf 89' lang='lat' dir='ltr'><strong>quia</strong></span> <span class='ocrx_word' id='word_1_289' title='bbox 1454 1334 1603 1368; x_wconf 86' lang='lat' dir='ltr'><strong>temeti</strong></span> <span class='ocrx_word' id='word_1_290' title='bbox 1631 1331 1741 1364; x_wconf 85' lang='lat' dir='ltr'><strong>nihil</strong></span> <span class='ocrx_word' id='word_1_291' title='bbox 1768 1331 1878 1364; x_wconf 88' lang='lat' dir='ltr'><strong>alla-</strong></span> 
     </span>
    </p>

    <p class='ocr_par' dir='ltr' id='par_1_9' title="bbox 315 1385 566 1420">
     <span class='ocr_line' id='line_1_24' title="bbox 315 1385 566 1420; baseline 0.016 -4"><span class='ocrx_word' id='word_1_292' title='bbox 315 1390 329 1416; x_wconf 83' lang='lat' dir='ltr'><strong>t</strong></span> <span class='ocrx_word' id='word_1_293' title='bbox 337 1395 358 1417; x_wconf 91' lang='lat' dir='ltr'><strong>u</strong></span> <span class='ocrx_word' id='word_1_294' title='bbox 367 1396 400 1417; x_wconf 89' lang='lat' dir='ltr'><strong>m</strong></span> <span class='ocrx_word' id='word_1_295' title='bbox 427 1385 497 1419; x_wconf 91' lang='lat' dir='ltr'><strong>vid</strong></span> <span class='ocrx_word' id='word_1_296' title='bbox 507 1398 525 1419; x_wconf 90' lang='lat' dir='ltr'><strong>e</strong></span> <span class='ocrx_word' id='word_1_297' title='bbox 535 1397 566 1420; x_wconf 90' lang='grc' dir='ltr'><strong>ο.</strong></span> 
     </span>
    </p>

    <p class='ocr_par' dir='ltr' id='par_1_10' title="bbox 107 1433 554 1479">
     <span class='ocr_line' id='line_1_25' title="bbox 107 1433 554 1479; baseline 0.009 -12"><span class='ocrx_word' id='word_1_298' title='bbox 107 1433 313 1479; x_wconf 85' lang='lat' dir='ltr'><strong>Pomponius</strong></span> <span class='ocrx_word' id='word_1_299' title='bbox 341 1436 373 1468; x_wconf 92' lang='lat' dir='ltr'><strong>in</strong></span> <span class='ocrx_word' id='word_1_300' title='bbox 396 1434 554 1471; x_wconf 85' lang='lat' dir='ltr'><strong>Decima:</strong></span> 
     </span>
    </p>

    <p class='ocr_par' dir='ltr' id='par_1_11' title="bbox 110 1487 950 1573">
     <span class='ocr_line' id='line_1_26' title="bbox 210 1487 950 1533; baseline 0 -14"><span class='ocrx_word' id='word_1_301' title='bbox 210 1487 300 1519; x_wconf 89' lang='lat' dir='ltr'><strong>Non</strong></span> <span class='ocrx_word' id='word_1_302' title='bbox 325 1488 447 1520; x_wconf 78' lang='lat' dir='ltr'><strong>multi</strong></span> <span class='ocrx_word' id='word_1_303' title='bbox 476 1489 637 1531; x_wconf 82' lang='lat' dir='ltr'><strong>temeti,</strong></span> <span class='ocrx_word' id='word_1_304' title='bbox 664 1488 735 1521; x_wconf 87' lang='lat' dir='ltr'><strong>sed</strong></span> <span class='ocrx_word' id='word_1_305' title='bbox 765 1488 950 1533; x_wconf 88' lang='lat' dir='ltr'><strong>plurimi.</strong></span> 
     </span>
     <span class='ocr_line' id='line_1_27' title="bbox 110 1537 651 1573; baseline 0.004 -2"><span class='ocrx_word' id='word_1_306' title='bbox 110 1537 236 1571; x_wconf 72' lang='lat' dir='ltr'><strong>Novius</strong></span> <span class='ocrx_word' id='word_1_307' title='bbox 262 1539 295 1570; x_wconf 88' lang='lat' dir='ltr'><strong>in</strong></span> <span class='ocrx_word' id='word_1_308' title='bbox 322 1538 454 1572; x_wconf 88' lang='lat' dir='ltr'><strong>duobus</strong></span> <span class='ocrx_word' id='word_1_309' title='bbox 481 1540 651 1573; x_wconf 77' lang='lat' dir='ltr'><strong>Dossenis:</strong></span> 
     </span>
    </p>

    <p class='ocr_par' dir='ltr' id='par_1_12' title="bbox 111 1589 1327 1673">
     <span class='ocr_line' id='line_1_28' title="bbox 212 1589 1327 1636; baseline 0.002 -15"><span class='ocrx_word' id='word_1_310' title='bbox 212 1589 451 1632; x_wconf 84' lang='lat' dir='ltr'><strong>Sequimini</strong></span> <span class='ocrx_word' id='word_1_311' title='bbox 478 1591 760 1636; x_wconf 88' lang='lat' dir='ltr'><strong>praeminate,</strong></span> <span class='ocrx_word' id='word_1_312' title='bbox 788 1601 987 1633; x_wconf 80' lang='lat' dir='ltr'><strong>sequere,</strong></span> <span class='ocrx_word' id='word_1_313' title='bbox 1015 1591 1163 1623; x_wconf 79' lang='lat' dir='ltr'><strong>temeti</strong></span> <span class='ocrx_word' id='word_1_314' title='bbox 1190 1591 1327 1623; x_wconf 88' lang='lat' dir='ltr'><strong>timor.</strong></span> 
     </span>
     <span class='ocr_line' id='line_1_29' title="bbox 111 1637 435 1673; baseline 0.012 -4"><span class='ocrx_word' id='word_1_315' title='bbox 111 1637 200 1672; x_wconf 85' lang='lat' dir='ltr'><strong>idem</strong></span> <span class='ocrx_word' id='word_1_316' title='bbox 226 1640 258 1672; x_wconf 91' lang='lat' dir='ltr'><strong>in</strong></span> <span class='ocrx_word' id='word_1_317' title='bbox 285 1640 435 1673; x_wconf 88' lang='lat' dir='ltr'><strong>Funere:</strong></span> 
     </span>
    </p>

    <p class='ocr_par' dir='ltr' id='par_1_13' title="bbox 112 1685 2058 1775">
     <span class='ocr_line' id='line_1_30' title="bbox 213 1685 2058 1753; baseline 0.002 -30"><span class='ocrx_word' id='word_1_318' title='bbox 213 1690 361 1735; x_wconf 82' lang='lat' dir='ltr'><strong>Agite,</strong></span> <span class='ocrx_word' id='word_1_319' title='bbox 389 1692 520 1732; x_wconf 82' lang='lat' dir='ltr'><strong>exite,</strong></span> <span class='ocrx_word' id='word_1_320' title='bbox 548 1692 851 1726; x_wconf 70' lang='lat' dir='ltr'><strong>temulentum‘</strong></span> <span class='ocrx_word' id='word_1_321' title='bbox 878 1692 1044 1725; x_wconf 86' lang='lat' dir='ltr'><strong>tollite:</strong></span> <span class='ocrx_word' id='word_1_322' title='bbox 1895 1685 2058 1753; x_wconf 50' lang='grc' dir='ltr'><strong>ἰἕιξὶίἒζᾞὲ</strong></span> 
     </span>
     <span class='ocr_line' id='line_1_31' title="bbox 112 1741 359 1775; baseline 0.008 -2"><span class='ocrx_word' id='word_1_323' title='bbox 112 1746 145 1773; x_wconf 87' lang='lat' dir='ltr'><strong>et</strong></span> <span class='ocrx_word' id='word_1_324' title='bbox 170 1741 202 1774; x_wconf 91' lang='lat' dir='ltr'><strong>in</strong></span> <span class='ocrx_word' id='word_1_325' title='bbox 228 1742 359 1775; x_wconf 88' lang='lat' dir='ltr'><strong>Surdo:</strong></span> 
     </span>
    </p>
   </div>
   <div class='ocr_carea' id='block_1_3' title="bbox 113 1792 2058 2146">
    <p class='ocr_par' dir='ltr' id='par_1_14' title="bbox 113 1792 2058 2146">
     <span class='ocr_line' id='line_1_32' title="bbox 216 1792 1457 1835; baseline -0.001 -10"><span class='ocrx_word' id='word_1_326' title='bbox 216 1792 350 1826; x_wconf 86' lang='lat' dir='ltr'><strong>Filias</strong></span> <span class='ocrx_word' id='word_1_327' title='bbox 379 1793 517 1826; x_wconf 88' lang='lat' dir='ltr'><strong>habeo</strong></span> <span class='ocrx_word' id='word_1_328' title='bbox 544 1794 820 1835; x_wconf 86' lang='lat' dir='ltr'><strong>temulentas,</strong></span> <span class='ocrx_word' id='word_1_329' title='bbox 848 1795 917 1828; x_wconf 86' lang='lat' dir='ltr'><strong>sed</strong></span> <span class='ocrx_word' id='word_1_330' title='bbox 943 1805 1066 1828; x_wconf 88' lang='lat' dir='ltr'><strong>eccas</strong></span> <span class='ocrx_word' id='word_1_331' title='bbox 1095 1793 1219 1826; x_wconf 76' lang='lat' dir='ltr'><strong>video</strong></span> <span class='ocrx_word' id='word_1_332' title='bbox 1247 1792 1457 1827; x_wconf 88' lang='lat' dir='ltr'><strong>incedere.</strong></span> 
     </span>
     <span class='ocr_line' id='line_1_33' title="bbox 113 1843 583 1878; baseline 0.004 -2"><span class='ocrx_word' id='word_1_333' title='bbox 113 1843 266 1877; x_wconf 83' lang='lat' dir='ltr'><strong>Afranius</strong></span> <span class='ocrx_word' id='word_1_334' title='bbox 292 1845 324 1877; x_wconf 89' lang='lat' dir='ltr'><strong>in</strong></span> <span class='ocrx_word' id='word_1_335' title='bbox 351 1844 583 1878; x_wconf 82' lang='lat' dir='ltr'><strong>Consobrinis:</strong></span> 
     </span>
     <span class='ocr_line' id='line_1_34' title="bbox 215 1896 2026 1945; baseline 0 -17"><span class='ocrx_word' id='word_1_336' title='bbox 215 1896 291 1928; x_wconf 89' lang='lat' dir='ltr'><strong>Pol</strong></span> <span class='ocrx_word' id='word_1_337' title='bbox 319 1897 450 1941; x_wconf 82' lang='lat' dir='ltr'><strong>magis</strong></span> <span class='ocrx_word' id='word_1_338' title='bbox 476 1897 598 1929; x_wconf 84' lang='lat' dir='ltr'><strong>istius</strong></span> <span class='ocrx_word' id='word_1_339' title='bbox 623 1897 907 1937; x_wconf 82' lang='lat' dir='ltr'><strong>temulentae,</strong></span> <span class='ocrx_word' id='word_1_340' title='bbox 944 1896 1097 1929; x_wconf 85' lang='lat' dir='ltr'><strong>futilis.</strong></span> <span class='ocrx_word' id='word_1_341' title='bbox 1999 1939 2026 1945; x_wconf 86' lang='lat'><strong>..</strong></span> 
     </span>
     <span class='ocr_line' id='line_1_35' title="bbox 113 1940 2058 1999; baseline 0.001 -20"><span class='ocrx_word' id='word_1_342' title='bbox 113 1946 370 1980; x_wconf 87' lang='lat' dir='ltr'><strong>Tintinnare</strong></span> <span class='ocrx_word' id='word_1_343' title='bbox 397 1949 469 1981; x_wconf 67' lang='lat' dir='ltr'><strong>est*</strong></span> <span class='ocrx_word' id='word_1_344' title='bbox 495 1948 587 1992; x_wconf 90' lang='lat' dir='ltr'><strong>apud</strong></span> <span class='ocrx_word' id='word_1_345' title='bbox 614 1948 774 1981; x_wconf 79' lang='lat' dir='ltr'><strong>Naevium</strong></span> <span class='ocrx_word' id='word_1_346' title='bbox 802 1948 870 1981; x_wconf 92' lang='lat' dir='ltr'><strong>hoc</strong></span> <span class='ocrx_word' id='word_1_347' title='bbox 899 1947 1020 1980; x_wconf 87' lang='lat' dir='ltr'><strong>modo:</strong></span> <span class='ocrx_word' id='word_1_348' title='bbox 1895 1940 2058 1999; x_wconf 51' lang='lat' dir='ltr'><strong>&#39;“¹·nffg‘¹¹¹‘</strong></span> 
     </span>
     <span class='ocr_line' id='line_1_36' title="bbox 216 1990 1782 2043; baseline -0.006 -11"><span class='ocrx_word' id='word_1_349' title='bbox 216 1999 392 2032; x_wconf 86' lang='lat' dir='ltr'><strong>Tantum</strong></span> <span class='ocrx_word' id='word_1_350' title='bbox 421 1999 482 2032; x_wconf 89' lang='lat' dir='ltr'><strong>ibi</strong></span> <span class='ocrx_word' id='word_1_351' title='bbox 509 2000 652 2033; x_wconf 85' lang='lat' dir='ltr'><strong>molae</strong></span> <span class='ocrx_word' id='word_1_352' title='bbox 681 2000 895 2043; x_wconf 83' lang='lat' dir='ltr'><strong>crepitum</strong></span> <span class='ocrx_word' id='word_1_353' title='bbox 932 1998 1181 2037; x_wconf 83' lang='lat' dir='ltr'><strong>faciebant,</strong></span> <span class='ocrx_word' id='word_1_354' title='bbox 1215 1995 1512 2028; x_wconf 84' lang='lat' dir='ltr'><strong>tintinnabant</strong></span> <span class='ocrx_word' id='word_1_355' title='bbox 1546 1990 1782 2036; x_wconf 85' lang='lat' dir='ltr'><strong>compedes.</strong></span> 
     </span>
     <span class='ocr_line' id='line_1_37' title="bbox 115 2050 481 2094; baseline 0.005 -12"><span class='ocrx_word' id='word_1_356' title='bbox 115 2053 148 2082; x_wconf 82' lang='lat' dir='ltr'><strong>et</strong></span> <span class='ocrx_word' id='word_1_357' title='bbox 173 2051 264 2094; x_wconf 90' lang='lat' dir='ltr'><strong>apud</strong></span> <span class='ocrx_word' id='word_1_358' title='bbox 292 2050 481 2084; x_wconf 81' lang='lat' dir='ltr'><strong>Afranium:</strong></span> 
     </span>
     <span class='ocr_line' id='line_1_38' title="bbox 217 2098 1160 2146; baseline -0.003 -12"><span class='ocrx_word' id='word_1_359' title='bbox 217 2101 404 2135; x_wconf 85' lang='lat' dir='ltr'><strong>Ostiarii</strong></span> <span class='ocrx_word' id='word_1_360' title='bbox 430 2101 738 2146; x_wconf 83' lang='lat' dir='ltr'><strong>impedimenta</strong></span> <span class='ocrx_word' id='word_1_361' title='bbox 764 2101 993 2134; x_wconf 83' lang='lat' dir='ltr'><strong>tintinnire</strong></span> <span class='ocrx_word' id='word_1_362' title='bbox 1021 2098 1160 2132; x_wconf 84' lang='lat' dir='ltr'><strong>audio.</strong></span> 
     </span>
    </p>
   </div>
   <div class='ocr_carea' id='block_1_4' title="bbox 111 2217 1886 2436">
    <p class='ocr_par' dir='ltr' id='par_1_15' title="bbox 111 2217 1886 2436">
     <span class='ocr_line' id='line_1_39' title="bbox 111 2217 1886 2269; baseline -0.007 -13"><span class='ocrx_word' id='word_1_363' title='bbox 111 2227 244 2267; x_wconf 71' lang='lat' dir='ltr'><strong>pudicam</strong></span> <span class='ocrx_word' id='word_1_364' title='bbox 267 2228 425 2257; x_wconf 73' lang='lat' dir='ltr'><strong>dicebatur</strong></span> <span class='ocrx_word' id='word_1_365' title='bbox 445 2231 476 2258; x_wconf 78' lang='lat' dir='ltr'><strong>in</strong></span> <span class='ocrx_word' id='word_1_366' title='bbox 499 2229 664 2267; x_wconf 66' lang='lat' dir='ltr'><strong>auspiciis,</strong></span> <span class='ocrx_word' id='word_1_367' title='bbox 698 2228 817 2256; x_wconf 73' lang='lat' dir='ltr'><strong>videtur</strong></span> <span class='ocrx_word' id='word_1_368' title='bbox 840 2227 929 2255; x_wconf 82' lang='lat' dir='ltr'><strong>fuisse</strong></span> <span class='ocrx_word' id='word_1_369' title='bbox 951 2226 981 2254; x_wconf 88' lang='lat' dir='ltr'><strong>in</strong></span> <span class='ocrx_word' id='word_1_370' title='bbox 1026 2230 1055 2256; x_wconf 84' lang='lat' dir='ltr'><strong>et</strong></span> <span class='ocrx_word' id='word_1_371' title='bbox 1075 2225 1170 2263; x_wconf 84' lang='lat' dir='ltr'><strong>illud,</strong></span> <span class='ocrx_word' id='word_1_372' title='bbox 1205 2224 1286 2264; x_wconf 85' lang='lat' dir='ltr'><strong>paire</strong></span> <span class='ocrx_word' id='word_1_373' title='bbox 1314 2232 1371 2262; x_wconf 89' lang='lat' dir='ltr'><strong>pro</strong></span> <span class='ocrx_word' id='word_1_374' title='bbox 1400 2222 1504 2262; x_wconf 81' lang='lat' dir='ltr'><strong>pavire</strong></span> <span class='ocrx_word' id='word_1_375' title='bbox 1527 2217 1748 2269; x_wconf 55' lang='lat' dir='ltr'><strong>antiquioribus</strong></span> <span class='ocrx_word' id='word_1_376' title='bbox 1767 2226 1799 2244; x_wconf 88' lang='lat' dir='ltr'><strong>m</strong></span> <span class='ocrx_word' id='word_1_377' title='bbox 1829 2224 1886 2244; x_wconf 73' lang='lat' dir='ltr'><strong>usu</strong></span> 
     </span>
     <span class='ocr_line' id='line_1_40' title="bbox 115 2261 1885 2310; baseline -0.008 -10"><span class='ocrx_word' id='word_1_378' title='bbox 115 2271 286 2310; x_wconf 82' lang='lat' dir='ltr'><strong>exemplan&#39;.</strong></span> <span class='ocrx_word' id='word_1_379' title='bbox 318 2271 424 2301; x_wconf 85' lang='lat' dir='ltr'><strong>deinde</strong></span> <span class='ocrx_word' id='word_1_380' title='bbox 450 2272 554 2300; x_wconf 77' lang='lat' dir='ltr'><strong>Festus</strong></span> <span class='ocrx_word' id='word_1_381' title='bbox 577 2270 716 2300; x_wconf 75' lang='lat' dir='ltr'><strong>afferebat</strong></span> <span class='ocrx_word' id='word_1_382' title='bbox 749 2269 916 2308; x_wconf 84' lang='lat' dir='ltr'><strong>exemplum</strong></span> <span class='ocrx_word' id='word_1_383' title='bbox 940 2279 977 2297; x_wconf 84' lang='lat' dir='ltr'><strong>ex</strong></span> <span class='ocrx_word' id='word_1_384' title='bbox 1024 2269 1129 2305; x_wconf 77' lang='lat' dir='ltr'><strong>fuisse,</strong></span> <span class='ocrx_word' id='word_1_385' title='bbox 1173 2278 1241 2297; x_wconf 88' lang='lat' dir='ltr'><strong>cum</strong></span> <span class='ocrx_word' id='word_1_386' title='bbox 1271 2266 1422 2306; x_wconf 80' lang='lat' dir='ltr'><strong>paimenta</strong></span> <span class='ocrx_word' id='word_1_387' title='bbox 1453 2274 1510 2304; x_wconf 89' lang='lat' dir='ltr'><strong>pro</strong></span> <span class='ocrx_word' id='word_1_388' title='bbox 1531 2266 1713 2302; x_wconf 67' lang='lat' dir='ltr'><strong>Pammenia</strong></span> <span class='ocrx_word' id='word_1_389' title='bbox 1739 2269 1770 2309; x_wconf 81' lang='lat'>.¹¹¹.</span> <span class='ocrx_word' id='word_1_390' title='bbox 1800 2261 1885 2287; x_wconf 78' lang='lat' dir='ltr'><strong>vetu-</strong></span> 
     </span>
     <span class='ocr_line' id='line_1_41' title="bbox 115 2299 1885 2353; baseline -0.008 -11"><span class='ocrx_word' id='word_1_391' title='bbox 115 2314 217 2353; x_wconf 77' lang='lat' dir='ltr'><strong>nliquo</strong></span> <span class='ocrx_word' id='word_1_392' title='bbox 241 2315 387 2353; x_wconf 79' lang='lat' dir='ltr'><strong>scriptore</strong></span> <span class='ocrx_word' id='word_1_393' title='bbox 414 2314 588 2353; x_wconf 70' lang='lat' dir='ltr'><strong>disciplinae</strong></span> <span class='ocrx_word' id='word_1_394' title='bbox 617 2313 774 2352; x_wconf 54' lang='lat' dir='ltr'><strong>augurali&amp;</strong></span> <span class='ocrx_word' id='word_1_395' title='bbox 820 2312 909 2348; x_wconf 90' lang='lat' dir='ltr'><strong>Quod</strong></span> <span class='ocrx_word' id='word_1_396' title='bbox 928 2321 978 2340; x_wconf 86' lang='lat' dir='ltr'><strong>au—</strong></span> <span class='ocrx_word' id='word_1_397' title='bbox 1022 2311 1148 2340; x_wconf 74' lang='lat' dir='ltr'><strong>utissimn</strong></span> <span class='ocrx_word' id='word_1_398' title='bbox 1171 2307 1364 2348; x_wconf 85' lang='lat' dir='ltr'><strong>inscriptione</strong></span> <span class='ocrx_word' id='word_1_399' title='bbox 1386 2307 1433 2337; x_wconf 84' lang='lat' dir='ltr'><strong>sit.</strong></span> <span class='ocrx_word' id='word_1_400' title='bbox 1477 2306 1556 2336; x_wconf 66' lang='lat' dir='ltr'><strong>Ure.</strong></span> <span class='ocrx_word' id='word_1_401' title='bbox 1578 2321 1619 2327; x_wconf 96' lang='lat'>—</span> <span class='ocrx_word' id='word_1_402' title='bbox 1648 2302 1679 2343; x_wconf 87' lang='lat'><strong>6)</strong></span> <span class='ocrx_word' id='word_1_403' title='bbox 1704 2299 1885 2348; x_wconf 50' lang='lat' dir='ltr'><strong>Tctznnarefl</strong></span> 
     </span>
     <span class='ocr_line' id='line_1_42' title="bbox 117 2345 1884 2396; baseline -0.008 -11"><span class='ocrx_word' id='word_1_404' title='bbox 117 2361 174 2385; x_wconf 79' lang='lat' dir='ltr'><strong>tem</strong></span> <span class='ocrx_word' id='word_1_405' title='bbox 198 2357 281 2386; x_wconf 81' lang='lat' dir='ltr'><strong>addit</strong></span> <span class='ocrx_word' id='word_1_406' title='bbox 295 2359 475 2396; x_wconf 79' lang='lat' dir='ltr'><strong>pavimenta</strong></span> <span class='ocrx_word' id='word_1_407' title='bbox 499 2356 578 2385; x_wconf 88' lang='lat' dir='ltr'><strong>dicta</strong></span> <span class='ocrx_word' id='word_1_408' title='bbox 602 2367 665 2385; x_wconf 82' lang='lat' dir='ltr'><strong>esse</strong></span> <span class='ocrx_word' id='word_1_409' title='bbox 687 2367 703 2384; x_wconf 90' lang='lat' dir='ltr'><strong>a</strong></span> <span class='ocrx_word' id='word_1_410' title='bbox 727 2355 848 2394; x_wconf 80' lang='lat' dir='ltr'><strong>pavire,</strong></span> <span class='ocrx_word' id='word_1_411' title='bbox 871 2359 900 2383; x_wconf 87' lang='lat' dir='ltr'><strong>et</strong></span> <span class='ocrx_word' id='word_1_412' title='bbox 923 2365 977 2393; x_wconf 90' lang='lat' dir='ltr'><strong>pa·</strong></span> <span class='ocrx_word' id='word_1_413' title='bbox 1022 2354 1079 2382; x_wconf 87' lang='lat' dir='ltr'><strong>Pro</strong></span> <span class='ocrx_word' id='word_1_414' title='bbox 1108 2354 1213 2391; x_wconf 82' lang='lat' dir='ltr'><strong>molle,</strong></span> <span class='ocrx_word' id='word_1_415' title='bbox 1246 2352 1293 2381; x_wconf 86' lang='lat' dir='ltr'><strong>vel</strong></span> <span class='ocrx_word' id='word_1_416' title='bbox 1319 2356 1353 2380; x_wconf 83' lang='lat' dir='ltr'><strong>ut</strong></span> <span class='ocrx_word' id='word_1_417' title='bbox 1380 2351 1430 2379; x_wconf 86' lang='lat' dir='ltr'><strong>alii</strong></span> <span class='ocrx_word' id='word_1_418' title='bbox 1454 2349 1666 2396; x_wconf 58' lang='lat' dir='ltr'><strong>emendarunt,</strong></span> <span class='ocrx_word' id='word_1_419' title='bbox 1696 2345 1832 2380; x_wconf 79' lang='lat' dir='ltr'><strong>mollem,</strong></span> <span class='ocrx_word' id='word_1_420' title='bbox 1854 2351 1884 2370; x_wconf 77' lang='lat' dir='ltr'><strong>in</strong></span> 
     </span>
     <span class='ocr_line' id='line_1_43' title="bbox 116 2386 1841 2436; baseline -0.006 -9"><span class='ocrx_word' id='word_1_421' title='bbox 116 2400 180 2428; x_wconf 83' lang='lat' dir='ltr'><strong>vire</strong></span> <span class='ocrx_word' id='word_1_422' title='bbox 201 2410 217 2428; x_wconf 83' lang='lat' dir='ltr'><strong>a</strong></span> <span class='ocrx_word' id='word_1_423' title='bbox 244 2399 358 2429; x_wconf 85' lang='lat' dir='ltr'><strong>Graeco</strong></span> <span class='ocrx_word' id='word_1_424' title='bbox 382 2400 501 2436; x_wconf 78' lang='grc' dir='ltr'><strong><em>παίειν,</em></strong></span> <span class='ocrx_word' id='word_1_425' title='bbox 532 2400 555 2427; x_wconf 80' lang='lat' dir='ltr'><strong>si</strong></span> <span class='ocrx_word' id='word_1_426' title='bbox 579 2408 681 2428; x_wconf 85' lang='lat' dir='ltr'><strong>verum</strong></span> <span class='ocrx_word' id='word_1_427' title='bbox 705 2403 767 2436; x_wconf 76' lang='lat' dir='ltr'><strong>eat,</strong></span> <span class='ocrx_word' id='word_1_428' title='bbox 797 2407 901 2426; x_wconf 86' lang='lat' dir='ltr'><strong>verum</strong></span> <span class='ocrx_word' id='word_1_429' title='bbox 925 2397 981 2426; x_wconf 87' lang='lat' dir='ltr'><strong>erit</strong></span> <span class='ocrx_word' id='word_1_430' title='bbox 1023 2396 1140 2425; x_wconf 70' lang='lat' dir='ltr'><strong>schedis</strong></span> <span class='ocrx_word' id='word_1_431' title='bbox 1161 2401 1204 2425; x_wconf 82' lang='lat' dir='ltr'><strong>est</strong></span> <span class='ocrx_word' id='word_1_432' title='bbox 1227 2395 1340 2430; x_wconf 80' lang='lat' dir='ltr'><strong>molae,</strong></span> <span class='ocrx_word' id='word_1_433' title='bbox 1372 2402 1463 2432; x_wconf 76' lang='lat' dir='ltr'><strong>eaque</strong></span> <span class='ocrx_word' id='word_1_434' title='bbox 1478 2402 1550 2421; x_wconf 84' lang='lat' dir='ltr'><strong>vera</strong></span> <span class='ocrx_word' id='word_1_435' title='bbox 1572 2390 1661 2419; x_wconf 73' lang='lat' dir='ltr'><strong>lectio</strong></span> <span class='ocrx_word' id='word_1_436' title='bbox 1682 2393 1735 2418; x_wconf 76' lang='lat' dir='ltr'><strong>est.</strong></span> <span class='ocrx_word' id='word_1_437' title='bbox 1764 2386 1841 2415; x_wconf 71' lang='lat' dir='ltr'><strong>Ure·</strong></span> 
     </span>
    </p>
   </div>
   <div class='ocr_carea' id='block_1_5' title="bbox 1515 2443 1643 2476">
    <p class='ocr_par' dir='ltr' id='par_1_16' title="bbox 1515 2443 1643 2476">
     <span class='ocr_line' id='line_1_44' title="bbox 1515 2443 1643 2476; baseline 0 0"><span class='ocrx_word' id='word_1_438' title='bbox 1515 2443 1643 2476; x_wconf 83' lang='lat' dir='ltr'><strong>Mm*</strong></span> 
     </span>
    </p>
   </div>
  </div>
 </body>
</html>
