2263 2668
731 122 959 158 EXEMPLA
992 119 1356 157 ELOCUTIONUM.

1933 134 2008 170 249

170 215 271 249 Nixus
296 214 330 247 in
356 214 444 249 hano
469 212 581 249 rem¹⁵.
617 216 711 262 Virg.
740 217 824 251 Aen.
851 216 941 249 xl1.:
968 215 1154 260 Ingentem
1178 216 1280 249 nixus
1306 217 1340 250 in
1367 217 1516 251 hastam.
1544 219 1658 254 Nitens
1680 221 1768 257 huic.
1798 224 1894 259 Idem
1919 227 2003 262 Aen.

170 262 262 299 11.¹⁶:
288 265 423 299 Pressit
449 266 552 301 humo
577 267 696 302 nitens.
731 269 777 302 Et
802 268 890 302 hanc
915 278 995 300 rem.
1030 267 1126 300 ldem
1152 267 1236 302 Aen.
1258 264 1383 302 xl1.¹⁷:
1414 269 1578 305 Alternos
1604 272 1715 319 longa
1748 275 1911 311 nitentem
1943 291 2004 313 cu-

171 317 273 362 spide
298 328 453 362 gressus,

68 385 216 419 Nuncius
241 384 338 418 huius
365 386 411 418 rei
422 383 453 418 ¹⁰.
484 385 578 430 Virg.
609 385 710 419 Aen.:
736 385 806 419 Hic
831 385 939 419 nostri
964 385 1108 418 nuncius
1134 389 1214 418 esto.

68 436 218 470 Nihiium
245 441 380 470 vetuste.
407 436 448 468 Id
475 442 522 469 est
548 437 600 469 vel
626 437 807 470 modicum.
838 437 988 470 Nihiium
1016 438 1102 470 enim
1128 437 1254 480 antiqui
1279 442 1481 471 vocaverunt
1507 439 1606 484 ipsius
1632 441 1794 486 quiddam
1820 445 2005 492 exiguitatis

171 487 353 521 minimum.
388 487 508 521 Salust.
535 484 656 533 Iug.¹⁹:
695 488 815 522 Nihilo
847 489 998 533 segnius.

68 554 196 589 Nimius
226 554 292 587 hac
318 566 362 588 re.
390 555 458 588 Sal.
486 555 572 590 Hist.
599 553 690 588 11.²⁰=
716 557 816 598 Post,
844 556 902 590 ubi
920 555 1062 603 fiducia
1088 555 1223 590 nimius.
1275 555 1402 590 Nimius
1427 557 1522 592 illius.
1549 560 1644 594 Idem
1670 561 1756 595 Hist.
1782 561 1909 599 1111.²¹:
1930 565 2006 600 Im-

164 609 291 651 potens
317 609 350 639 et
375 606 501 639 nimius
527 607 636 640 animi
662 611 722 640 est.

67 673 170 708 Natus
189 677 241 706 tot
266 670 410 707 annosa.
442 674 576 707 Terent.
596 675 737 719 Hecyra:
763 674 882 708 Annos
908 674 983 707 LX.
1010 678 1113 708 natus
1140 685 1185 707 es.
1210 675 1314 708 Natus
1341 687 1442 709 annos
1468 680 1517 710 tot
1541 678 1665 723 maior,
1697 679 1732 713 id
1759 685 1806 714 est
1831 693 1931 727 supra
1956 687 2005 717 tot

169 735 280 760 annos.
306 724 376 761 Cic.
403 737 467 770 pro
493 722 666 760 Roscio²³z
701 726 817 760 Annos
841 730 944 759 natus
969 726 1084 758 maior
1109 725 1185 759 LX.

66 775 170 809 Nubit
192 776 263 811 illo.
290 775 360 811 Cic.
386 788 450 822 pro
477 775 681 811 Cluentio²⁴2
707 777 817 811 Nubit
840 787 973 824 genero
998 788 1128 812 socrus.
1155 778 1269 822 Nupta
1295 781 1342 811 est
1368 789 1445 812 cum
1470 778 1541 815 illo.
1568 779 1702 815 Terent.
1730 782 1876 828 Hecyn:
1901 783 2006 820 Esset

169 838 248 862 cum
274 828 333 861 illo
359 832 480 873 nupta.

67 877 184 912 Nudus
209 878 329 913 harum
355 891 475 915 rerum.
502 879 622 916 Salust.
643 876 765 926 Iug.²⁵:
790 880 889 914 Loca
915 879 1082 925 aequalia
1112 883 1145 913 et
1170 879 1269 914 nuda
1292 879 1528 926 gignentium.

1009 1004 1051 1040 O.

67 1079 257 1115 Obliviscor
282 1080 371 1115 hanc
395 1078 506 1114 remff.
540 1081 634 1126 Virg.
664 1080 747 1113 Aen.
775 1081 836 1113 IL:
872 1080 1086 1115 Obliviscere
1116 1080 1256 1115 Graios.
1291 1081 1360 1116 Cic.
1389 1093 1452 1127 pro
1481 1082 1656 1117 Cornelio:
1689 1084 1881 1119 Obliviscor
1913 1087 2004 1121 inia-

168 1133 243 1166 rias
268 1136 363 1175 tuas,
394 1132 531 1167 Clodia.
566 1132 756 1165 Obliviscor
781 1132 880 1165 huius
907 1129 995 1166 rei²⁷.
1032 1133 1152 1167 Cicero
1175 1133 1208 1165 in
1236 1132 1308 1168 Cat.
1336 1134 1378 1166 I.:
1417 1134 1631 1169 Obliviscere
1666 1137 1787 1169 caedis
1819 1141 1922 1182 atque
1948 1139 2001 1171 in-

166 1184 377 1218 cendiorum.
429 1183 560 1216 Oblitus
586 1183 683 1216 huius
709 1181 797 1216 rei23.
836 1184 928 1228 Virg.
956 1184 1085 1229 Georg.
1113 1184 1187 1217 ΙΙΙ..
1223 1184 1429 1218 Catulorum
1456 1186 1564 1220 oblita
1590 1187 1724 1221 leaena.
1751 1187 1883 1221 Oblitus
1909 1189 2002 1223 illam

165 1231 276 1269 rema.
301 1234 395 1266 Idem
423 1235 550 1279 Georg.
572 1235 631 1267 11.:
658 1234 839 1279 Pomaque
864 1235 1085 1280 degenerant
1106 1247 1227 1269 succos
1253 1236 1361 1269 oblita
1382 1237 1532 1281 priores.
1585 1238 1738 1272 Oblitum
1759 1239 1859 1284 mihi,
1884 1240 1919 1273 id
1954 1245 2002 1274 est

166 1297 207 1319 ex
232 1285 392 1318 memoria
418 1283 594 1319 recessit³⁰.
622 1285 716 1330 Virg.
744 1286 844 1319 Buc.:
871 1286 974 1319 Nunc
1000 1286 1108 1319 oblita
1133 1287 1219 1319 mihi
1244 1291 1293 1320 tot
1319 1289 1489 1322 carmina.

63 1334 160 1381 opus
184 1341 231 1370 est
256 1333 355 1372 illa³¹.
385 1336 455 1371 Cic.
482 1337 514 1369 in
536 1337 676 1370 Verrem
698 1337 742 1370 de
768 1342 939 1381 praetura:
966 1337 1086 1371 Malta
1111 1338 1177 1371 sibi
1203 1349 1289 1383 opus
1316 1350 1405 1380 esse,
1439 1339 1551 1373 multa
1584 1339 1728 1374 canibus
1752 1341 1832 1375 suis.

1903 1340 2000 1386 Opus

163 1384 266 1421 fuitffl.
291 1388 429 1422 Terent.
455 1388 578 1422 Amin:
610 1388 712 1435 Quae
732 1399 818 1433 opus
833 1388 944 1434 suere
970 1389 1022 1422 acl
1047 1390 1188 1434 nuptias
1213 1389 1334 1423 Nauae
1355 1391 1497 1436 paravi.

62 1437 136 1474 Oro
156 1435 234 1473 te³³.
262 1438 332 1474 Cic.
355 1450 420 1485 pro
448 1439 623 1474 Cluentio:
660 1439 751 1473 Orat
771 1451 832 1474 vos
857 1439 998 1474 habitus
1027 1440 1108 1474 Iud.
1143 1440 1215 1475 Oro
1243 1442 1301 1474 abs
1326 1445 1368 1474 te.
1408 1442 1502 1487 Virg.
1527 1441 1610 1476 Aen.
1640 1436 1753 1474 XI.³¹:
1794 1440 1861 1475 Ve-
1889 1439 1997 1489 [535]

62 1572 182 1603 articuli
201 1573 338 1603 Nanctus
359 1579 389 1605 et
411 1575 569 1613 Nilzilum,
600 1575 699 1614 quiin
721 1575 792 1604 cod.
810 1575 844 1607 A.
867 1575 906 1606 M.
930 1576 1009 1605 desi-

62 1616 214 1646 derantur.
235 1616 270 1645 In
290 1617 361 1646 cod.
384 1618 440 1649 Gu.
462 1623 519 1648 est:
543 1618 621 1656 Virg.
643 1619 714 1647 Aen.
739 1619 810 1648 Veri
825 1618 869 1647 ibi
883 1618 933 1647 hic
953 1630 1008 1647 no-

61 1660 120 1688 stri
140 1660 272 1687 nuncius
293 1666 363 1691 esto.
399 1660 494 1690 Verba
516 1661 566 1689 illa
595 1661 666 1690 Veri
692 1661 739 1689 ihi*
765 1661 906 1690 videntur
933 1661 1008 1690 mihi

61 1711 123 1731 esse
138 1711 175 1730 ex
189 1702 305 1731 numeri
320 1707 391 1731 nota
413 1703 580 1742 depravata.
603 1704 698 1732 Locus
719 1708 762 1732 est
775 1703 850 1736 Aen,
869 1704 917 1740 1V‚
932 1706 1005 1736 237.

61 1743 91 1772 Si
110 1743 182 1782 quid
198 1743 306 1783 video,
326 1745 407 1774 deest
422 1745 451 1774 h.
469 1746 489 1774 l.
506 1746 597 1776 altera
619 1747 747 1775 formula
767 1747 909 1774 Nuncius
925 1746 1007 1783 lucie,

60 1795 130 1815 cum
148 1787 285 1825 exemplo
306 1798 321 1816 e
339 1787 416 1826 Virg.
435 1787 507 1818 Aen.
522 1789 558 1822 ΙΙ,
579 1789 652 1821 547.
673 1791 714 1818 Et
730 1790 860 1817 nuncius
876 1788 935 1816 ibis
948 1790 1008 1817 Pe-

61 1827 145 1856 lidae
158 1830 298 1866 genitori.
319 1846 361 1852 -—
377 1829 422 1869 19)
437 1831 493 1861 Sal.
514 1831 574 1869 [ug.
593 1841 618 1859 c.
634 1832 684 1863 75.
700 1831 752 1860 fin.
770 1831 851 1861 Cort.
870 1831 948 1859 Gerl.
966 1847 1009 1852 —

60 1869 108 1907 20)
127 1870 191 1899 Sal.
212 1872 295 1902 Hist.
320 1874 362 1901 ΙΙ.
385 1875 414 1904 2.
444 1873 478 1903 Α.
498 1874 537 1902 Μ.
558 1874 702 1911 Fragmm.
719 1874 760 1910 11,
786 1876 834 1905 11.
860 1873 936 1903 Gerl.
956 1873 1008 1900 ubi

61 1912 134 1941 olim
158 1912 284 1943 editum:
310 1915 341 1942 in
355 1914 489 1952 fiducia.
512 1916 570 1945 Sed
594 1916 664 1944 cod.
684 1920 780 1954 uterq.
800 1926 856 1945 om.
880 1924 1007 1954 praepo-

60 1954 207 1984 sitionem.
228 1970 272 1977 —-
298 1954 345 1996 21)
369 1956 450 1986 [dem
473 1960 548 1988 IIII.
573 1961 599 1990 1.
623 1958 656 1987 A.
681 1958 719 1986 M.
740 1958 884 1995 Fragmm.
908 1957 956 1993 1V‚
977 1958 1007 1987 7.

62 1996 144 2025 Gerl.
173 2011 216 2019 —-
244 1997 291 2035 22)
316 1998 374 2033 Qui
402 2005 569 2038 sequuntur
597 2001 655 2029 duo
686 1999 804 2029 articuli
840 2000 942 2027 Natus
979 2002 1007 2025 et

62 2038 161 2068 Nubit
180 2038 288 2067 desunt
316 2040 396 2078 apud
423 2042 457 2070 A.
478 2042 516 2072 M.
539 2043 633 2071 Locus
657 2042 723 2071 Ter.
746 2046 789 2069 est
812 2041 843 2069 in
862 2039 1005 2075 Heaut.1‚

62 2084 91 2118 1,
109 2083 158 2113 10.
180 2097 222 2103 —-
251 2083 297 2115 23)
323 2082 383 2112 Cic.
406 2094 461 2122 pro
487 2085 571 2114 Rose.
597 2087 653 2120 14,
677 2086 726 2115 39.
752 2083 800 2111 ubi
820 2087 864 2111 est
884 2082 1006 2110 vitiose:

61 2124 162 2162 magis
184 2121 393 2162 quadraginta
399 2136 409 2161 ‚-
432 2126 587 2164 legendum
604 2136 669 2155 cum
688 2126 817 2153 Gramm.
837 2125 944 2153 maior.
966 2139 1002 2144 -

60 2164 107 2204 24)
131 2165 189 2196 Cic.
206 2175 262 2203 pro
286 2166 403 2196 Cluent.
424 2177 448 2195 c.
464 2169 494 2199 5.
515 2168 566 2197 fin.
584 2169 701 2197 Terent.
719 2167 827 2205 Hecyr.
846 2166 895 2201 1V‚
912 2168 938 2202 1,
956 2167 1005 2197 19.

60 2207 97 2237 111
120 2207 256 2245 exemplo
273 2207 466 2237 Ciceroniana
488 2220 544 2248 pro
562 2221 665 2238 socrus
681 2208 787 2246 legitur
807 2208 837 2235 in
859 2207 929 2236 Cod.
950 2207 1006 2237 Gu.

60 2251 188 2279 goeni-5.
212 2265 253 2270 —
287 2248 334 2291 25)
360 2250 473 2279 Nudas
498 2263 595 2280 rerum
619 2251 689 2280 cod.
714 2251 748 2278 Δ.
773 2249 808 2279 Μ.
841 2249 905 2278 Sal.
936 2249 1005 2288 lug.

60 2294 112 2326 81.
126 2292 162 2320 A.
184 2291 222 2320 Μ.
239 2292 309 2330 Cap.
332 2294 382 2324 79,
402 2294 481 2321 Cort.
503 2294 583 2323 Gerl.
599 2311 641 2317 —
667 2295 711 2326 26)
739 2292 908 2320 Obliviscor
927 2291 1007 2319 hanc

61 2345 122 2362 rem
136 2339 162 2363 et
181 2333 276 2362 lium-⁹
291 2336 333 2362 rei
347 2335 418 2364 Cod.
438 2335 471 2364 Α.
490 2335 527 2364 Μ.
555 2336 641 2374 Vlrg.
663 2335 736 2363 Aen.
759 2335 800 2363 ΙΙ.
824 2336 891 2366 148·
915 2333 950 2363 Α·
967 2333 1005 2363 Μ-

63 2374 125 2407 Cic.
145 2387 203 2416 pro
229 2374 305 2406 Coel.
333 2379 383 2409 ΞΟ.
414 2377 448 2406 A.
471 2377 510 2407 M.
535 2377 623 2408 Clodi·
646 2376 717 2406 Cod.
747 2376 782 2405 A.
807 2374 845 2408 M.
870 2375 1009 2406 Clodiae

109 2436 273 2465 omum.
295 2445 361 2465 mr.
384 2435 404 2465 1.

1051 1576 1121 1605 Cod.
1152 1576 1208 1605 Gu.
1229 1593 1271 1598 —
1297 1579 1341 1612 27)
1365 1575 1502 1606 Elocutio
1533 1575 1561 1606 h.
1586 1575 1605 1604 L
1634 1574 1715 1603 deest
1745 1575 1778 1604 in
1803 1575 1876 1605 cod.
1898 1575 1932 1605 A.
1955 1577 1995 1607 M.

1050 1618 1133 1648 Idem
1155 1621 1186 1647 in
1211 1619 1278 1648 Cat.
1301 1617 1324 1646 I.
1341 1621 1370 1649 3.
1390 1618 1424 1649 Α,
1440 1618 1478 1648 M.
1508 1633 1550 1638 —
1575 1619 1620 1652 28)
1650 1617 1770 1645 Oblitus
1787 1617 1883 1646 liuius
1904 1621 1948 1647 rei
1968 1625 1997 1647 et

1049 1662 1137 1689 illam
1160 1672 1219 1689 rem
1238 1661 1307 1688 Cod.
1322 1661 1354 1689 A.
1378 1660 1417 1688 M.
1438 1660 1524 1697 Virg.
1548 1659 1598 1689 Ge.
1616 1657 1676 1688 ῙΙῙ.
1690 1659 1760 1691 245.
1776 1659 1809 1690 Α.
1826 1660 1863 1689 Μ.
1883 1676 1926 1682 -
1946 1659 1996 1700 29)

1048 1704 1185 1732 Elocutio
1200 1702 1227 1732 h.
1251 1703 1271 1730 l.
1290 1702 1395 1730 omissa
1411 1701 1442 1729 in
1463 1701 1534 1731 cod.
1559 1701 1593 1729 A.
1616 1701 1654 1730 M.
1678 1701 1760 1729 Idem
1774 1701 1813 1729 IL
1838 1703 1888 1734 59.
1908 1701 1944 1730 Α.
1954 1702 1994 1733 Μ.

1050 1762 1092 1767 -
1114 1744 1160 1785 30)
1188 1745 1336 1773 Oblitione
1353 1743 1430 1771 mihi
1444 1743 1528 1781 quod
1539 1754 1572 1771 ex
1587 1744 1730 1771 memoria
1746 1745 1866 1771 recessit
1886 1743 1994 1773 vitiose

1051 1787 1122 1816 Cod.
1147 1788 1202 1814 Gu.
1222 1786 1357 1814 Fortasse
1374 1786 1547 1824 legendum:
1571 1785 1706 1814 Oblitam
1721 1784 1798 1812 milli
1816 1784 1895 1813 idem
1912 1785 1996 1824 quod

1050 1840 1083 1858 ex
1105 1829 1248 1856 memoria
1271 1829 1398 1857 recessit.
1437 1828 1573 1866 Praepos.
1595 1837 1628 1854 ex
1652 1826 1837 1856 desideratur
1865 1827 1895 1855 in
1921 1828 1992 1857 cod.

1050 1872 1084 1900 A.
1105 1871 1143 1899 Μ.
1174 1869 1254 1897 Idem
1274 1871 1340 1899 Ecl.
1365 1871 1469 1901 VIIII.
1491 1871 1539 1902 53.
1562 1868 1595 1897 A.
1619 1869 1657 1897 M.
1684 1870 1737 1897 Tot
1757 1869 1851 1898 oblita
1868 1870 1938 1898 cod.
1958 1871 1991 1901 A.

1050 1913 1087 1943 M.
1120 1913 1210 1940 Nunc
1235 1912 1292 1940 obl.
1319 1912 1389 1941 cod.
1417 1912 1473 1940 Gu.
1497 1913 1574 1941 Sunt
1605 1911 1704 1941 Cat-m.
1728 1911 1799 1941 cod.
1826 1911 1860 1940 A.
1883 1912 1921 1941 M.
1949 1918 1993 1940 tot

1053 1955 1150 1983 Caii-m.
1165 1959 1243 1983 recte
1258 1954 1329 1984 eod.
1346 1954 1401 1984 Gu.
1436 1969 1477 1976 —
1498 1955 1546 1991 31)
1570 1955 1655 1992 Opas
1673 1959 1715 1981 est
1739 1954 1803 1982 illa.
1825 1954 1906 1982 Haec
1928 1955 1991 1983 elo-

1050 1997 1129 2025 cutio
1151 2006 1219 2025 cum
1240 1997 1373 2036 exemplo
1389 2006 1443 2025 suo
1460 1996 1541 2025 deest
1564 1996 1595 2025 in
1611 1996 1681 2026 Cod.
1702 1997 1736 2027 A.
1757 1996 1794 2025 M.
1814 1997 1908 2025 Locus
1927 1996 1988 2026 Cic.

1049 2043 1092 2067 est
1114 2039 1145 2066 in
1166 2038 1248 2068 Verr.
1272 2039 1336 2068 Act.
1359 2039 1396 2068 II.
1416 2039 1467 2069 lib.
1490 2039 1513 2076 I,
1537 2041 1587 2071 48.
1610 2039 1667 2068 Pro
1689 2038 1815 2067 canibus
1837 2039 1908 2069 Cod.
1933 2039 1990 2069 Gu.

1048 2081 1205 2118 comibus,
1227 2081 1336 2110 ibidem
1360 2091 1389 2110 v.
1410 2091 1486 2119 opus
1504 2081 1601 2119 deest,
1624 2081 1675 2110 sed
1698 2081 1866 2109 addendum
1890 2081 1990 2117 fuisse,

1048 2123 1135 2152 docet
1164 2123 1290 2152 formula
1320 2123 1504 2153 elocutionis.
1532 2140 1572 2146 —
1601 2126 1646 2160 32)
1671 2123 1810 2152 Formula
1833 2134 1910 2162 opus
1924 2124 1992 2161 ficit

1048 2165 1130 2193 abest
1148 2175 1164 2193 a
1185 2166 1254 2195 cod.
1275 2166 1331 2197 Gu.
1353 2166 1421 2195 Ter.
1432 2164 1515 2194 And.
1537 2167 1567 2197 4.
1588 2165 1616 2198 5.
1637 2169 1664 2198 1.
1683 2166 1715 2195 A.
1732 2165 1770 2194 M.
1795 2182 1830 2187 -—
1857 2168 1904 2201 33)
1930 2166 1990 2194 Oro

1048 2213 1084 2235 te.
1120 2207 1197 2236 Haec
1224 2209 1352 2238 elocutio
1388 2218 1456 2237 cum
1483 2208 1618 2247 exemplo
1648 2218 1702 2237 suo
1726 2207 1848 2236 accessit
1880 2216 1895 2235 e
1917 2207 1989 2236 eod.

1050 2250 1107 2279 Gu.
1133 2250 1227 2279 Locus
1256 2256 1301 2280 est
1326 2252 1376 2280 Cic
1396 2261 1451 2290 pro
1476 2250 1592 2280 cluent.
1615 2261 1640 2282 c.
1666 2252 1722 2287 70,
1750 2251 1823 2281 201.
1852 2248 1904 2277 ubi
1934 2254 1990 2277 est:

1052 2292 1128 2321 Orat
1142 2303 1193 2321 vos
1207 2292 1333 2331 Avitus,
1357 2291 1489 2323 Iudices.
1512 2309 1554 2314 —-
1575 2291 1621 2332 34)
1649 2293 1735 2331 Vitg.
1756 2291 1831 2322 Aen.
1847 2291 1903 2319 XI.
1919 2291 1990 2323 358.

1049 2334 1083 2363 A.
1106 2334 1145 2364 M.
1178 2335 1318 2365 Veniam
1350 2346 1393 2366 or.
1420 2335 1493 2368 cod.
1526 2336 1582 2365 Gu.
1611 2334 1684 2366 Voc.
1712 2334 1798 2364 cedat
1823 2333 1945 2362 accessit
1973 2341 1989 2359 e

1050 2375 1122 2409 Cod.
1142 2376 1198 2409 Gu.

1509 2428 1551 2462 li
