2263 2668
240 165 315 200 592
667 158 1014 196 COMMENTARH
1040 158 1088 192 IN
1114 157 1257 192 PAULI
1283 158 1481 194 DIACOM
1506 159 1763 193 EXCERPTA

409 259 537 286 Penem.
582 252 695 281 Codam
719 262 773 291 pro
796 250 892 280 cauda
916 261 984 279 usos
1007 255 1121 280 veteres
1145 256 1227 281 notat
1251 252 1411 281 Marcellus
1433 251 1548 280 Nonius
1571 252 1653 291 (pag.
1667 254 1718 284 86.
1742 252 1859 289 Merc.).
1891 250 1965 281 Vide
1985 250 2120 284 October.
2158 254 2196 283 Et

243 301 280 330 de
301 299 361 329 hoc
384 298 474 327 verbo
498 296 601 323 Cicero
625 294 743 333 epistol.
758 296 811 326 22.
835 294 887 323 lib.
900 293 952 324 1X.
985 293 1060 322 Vide
1078 293 1209 324 Peniculi
1224 300 1254 323 et
1270 296 1409 324 Penitam.
1432 294 1521 324 Ant.
1544 295 1637 335 Aug.
1677 295 1787 324 Versus
1810 293 1914 323 Naevii
1936 294 2100 325 leviuscule
2123 306 2196 325 con-

245 341 379 372 taminati
399 341 440 369 ita
462 338 518 376 legi
541 337 666 366 debent:

821 377 1004 408 Theodotum
1026 376 1186 418 compella,
1214 381 1265 420 qui
1287 380 1348 409 aris
1370 377 1578 419 compitalibus

823 419 931 450 Sedens
953 421 983 449 in
1008 418 1084 449 cella
1108 422 1296 452 circumtecta
1320 420 1459 462 tegetibus

817 462 912 492 Lares
935 461 1065 492 ludentes
1085 464 1154 502 peni
1172 466 1275 504 pinxit
1299 463 1417 493 bubulo.

244 510 326 547 Quid
347 510 385 538 sit
407 509 491 547 penis
514 507 642 537 bubulus
664 506 732 534 vide
753 505 784 533 in
807 506 1020 536 Coniectaneis.
1064 506 1137 534 Nam
1160 508 1236 536 male
1258 508 1475 546 interpretatur
1498 506 1612 537 Festus.
1659 504 1756 536 Coena
1776 517 1868 546 pura,
1900 515 1988 544 quam
2012 510 2115 543 vocat,
2144 512 2196 543 est,

243 564 302 592 qua
324 551 537 591 fungebantur,
561 561 628 579 cum
652 550 682 578 in
704 553 786 577 casto
810 553 914 577 essent.
960 548 1158 577 Glossarium:
1186 549 1282 579 Coena
1303 560 1380 589 pura
1404 546 1618 589 προσάββατον
1640 549 1803 578 imitatione
1823 547 1981 577 Gentilium
2004 547 2199 588 παρασκευὴν

244 595 420 625 Iudaeorum
441 595 484 623 ita
505 600 601 623 vocat.
628 590 730 621 Scal.
778 593 861 620 Penis
884 591 993 626 cauda,
1031 592 1113 628 quod
1142 592 1178 620 ab
1209 592 1328 620 animali
1351 592 1513 630 dependet,
1549 592 1619 620 inde
1642 596 1769 631 propter
1791 591 2015 620 similitudinem
2036 590 2198 631 peniculus,

244 650 310 667 nam
333 638 436 667 caudis
459 638 496 665 ad
520 635 714 673 extergendas
738 644 851 663 mensas
875 639 903 662 et
927 633 1140 663 excutiendum
1162 635 1316 674 pulverem
1339 640 1457 664 veteres
1486 634 1664 670 utebantur,
1698 639 1731 663 ut
1753 645 1808 663 nos
1830 633 1979 673 hodieque
2000 635 2121 663 utimur.
2164 634 2198 662 In

245 685 361 712 Moreto
385 680 502 717 Virgilii
525 680 615 716 (23.):

826 719 966 748 Perverrit
989 716 1088 748 cauda
1110 717 1207 749 silices
1226 720 1425 760 gremiumque
1446 718 1602 749 molarum.

247 770 372 801 Pessime
393 767 497 795 Festus
521 773 624 802 penem
648 761 794 790 bubulum
818 761 960 800 grandem
984 761 1154 800 peniculum
1182 763 1406 801 interpretatur.
1451 763 1538 791 Penis
1566 762 1698 791 bubulus
1725 767 1770 791 est
1798 761 1892 790 cauda
1921 761 2049 798 bubula,
2087 771 2144 800 qua
2169 766 2198 790 et

246 814 282 843 ad
306 810 514 851 peniculorum
539 811 567 835 et
591 806 628 834 ad
653 805 867 834 mus-:ariorum
896 814 984 832 usum
1013 809 1126 834 veteres
1156 805 1326 835 utebantur.
1372 805 1417 834 Ad
1441 805 1650 844 peniculorum
1673 815 1760 833 usum
1783 815 1874 844 supra
1898 805 2040 834 Naevius:
2071 805 2108 833 ad
2131 813 2199 832 mu·

245 855 410 885 scat-iorum
434 850 544 880 Aelian.
569 848 623 888 (H.
642 848 677 876 A.
700 849 849 886 pag-1344.
874 847 920 875 ed.
941 845 1093 886 Jacobs.):
1131 847 1163 877 ἐκ
1192 846 1305 878 τούτων
1335 848 1365 878 δὲ
1392 851 1451 878 τῶν
1474 850 1556 887 βοῶν
1576 849 1626 878 καὶ
1648 846 1700 883 τοὶς
1723 846 1890 887 μυιοσόβας
1914 849 2080 878 ποιοῦνται.
2109 845 2199 876 Dae.

246 898 320 927 Vide
344 897 420 925 infra
438 890 575 924 peniculi.
600 889 704 920 Goth.
742 888 945 919 Tunicularia.
975 890 1173 919 Cunicularia.
1195 889 1304 919 Idem.
1345 889 1521 930 Compellas.
1551 891 1726 930 Compellat.
1750 889 1860 920 Idem.
1898 889 1970 932 Offa
1983 890 2092 930 penita.
2125 888 2200 918 Vide

244 941 320 970 infra
340 938 442 980 Offam
458 936 596 975 penitam.
620 933 730 961 Arnob.
745 932 793 961 VI.
819 931 930 960 Idem.
962 934 1072 963 Penem.
1104 933 1186 961 Adde
1202 934 1342 963 Penitam.
1365 932 1477 962 Idem.
1510 934 1553 962 Cf.
1572 933 1742 964 Doederlin.
1761 934 1829 972 Syn.
1848 934 1909 962 Lat.
1934 932 2064 963 tom.1V.
2082 942 2112 971 p.
2127 932 2198 963 149.

248 983 330 1014 Penis
353 993 367 1010 a
390 979 526 1019 pendere,
563 976 648 1006 cuius
678 975 894 1004 deminutivum
923 974 1070 1013 mentula,
1103 976 1185 1014 quasi
1211 974 1357 1015 pendula,
1395 987 1411 1004 a
1435 986 1494 1015 qua
1522 976 1617 1005 forma
1647 986 1708 1005 non
1737 977 1828 1015 magis
1850 976 1950 1004 differt
1971 975 2036 1012 illa,
2072 984 2160 1013 quam
2183 983 2200 1002 a

245 1027 334 1066 μέσος
354 1034 442 1064 pars,
474 1032 489 1049 a
513 1018 607 1059 μόρος
619 1018 710 1061 fors,
741 1018 775 1046 ab
797 1015 893 1053 ὕπνος
915 1029 1043 1047 somnus
1066 1020 1203 1057 (supnus)
1227 1023 1255 1047 et
1278 1019 1372 1047 multa
1395 1019 1427 1047 id
1449 1029 1541 1057 genus
1563 1020 1630 1048 alia.

283 1056 292 1064 ⁵
413 1063 571 1102 Propius
598 1061 764 1091 sobrino.
811 1060 1005 1098 Frequentior
1033 1071 1104 1089 usus
1134 1062 1417 1090 iurisconsultorum
1445 1062 1537 1100 patris
1564 1062 1614 1091 vel
1636 1061 1740 1090 matris
1763 1060 1974 1090 consobrinum
1997 1061 2037 1088 ita
2060 1058 2200 1098 appellat.

246 1111 320 1140 Vide
345 1109 446 1137 caium
471 1112 499 1134 et
523 1105 644 1134 Paulum
668 1104 718 1132 lib.
732 1103 899 1132 XXXVIH.
922 1104 1030 1141 Digest.
1054 1104 1098 1132 tit.
1122 1104 1158 1132 de
1181 1104 1331 1141 gradibus
1354 1105 1442 1134 Ant.
1464 1104 1562 1144 Aug.
1607 1105 1693 1133 Caius
1716 1103 1767 1132 lib.
1781 1104 1803 1133 1.
1831 1104 1893 1142 Dig.
1915 1103 1997 1141 grad.
2020 1107 2049 1131 et
2071 1102 2109 1130 ad
2130 1100 2200 1130 fin.:

248 1153 373 1193 Propior
394 1149 529 1184 sobrino,
552 1148 674 1187 propior
696 1145 815 1175 sobrina
836 1152 902 1174 suni
922 1147 1023 1185 patrui
1046 1147 1160 1186 magni,
1190 1147 1300 1175 amitae
1320 1158 1458 1187 magnae,
1482 1146 1623 1176 avunculi
1645 1147 1762 1186 magni,
1786 1154 1956 1175 materterae
1977 1155 2101 1184 magnae
2112 1142 2202 1183 filius

240 1195 320 1237 filia.
355 1193 465 1223 Paulus
487 1191 537 1221 lib.
550 1192 588 1219 X.
612 1192 635 1227 §.
649 1192 678 1220 9.
704 1189 736 1216 l).
761 1190 797 1216 de
821 1188 918 1225 grad:
951 1190 1107 1224 Personae,
1136 1199 1210 1229 quas
1231 1190 1460 1218 enumeravimus
1482 1201 1501 1218 α
1520 1190 1622 1229 patrui
1641 1190 1742 1229 magni
1753 1188 1843 1228 filio,
1867 1189 1908 1225 ei,
1933 1187 1968 1217 de
1990 1188 2072 1217 cuius
2094 1196 2203 1226 cogna-

246 1240 325 1267 tione
346 1236 511 1277 quaeritur,
533 1233 654 1272 propius
676 1230 803 1260 sobrinis
825 1237 975 1260 vocantur.
1017 1230 1112 1268 Nam,
1136 1238 1167 1259 ut
1189 1231 1360 1261 Massurius
1381 1232 1438 1268 ait,
1461 1243 1544 1272 quem
1568 1233 1633 1272 quis
1656 1231 1788 1272 appellat
1807 1232 1972 1272 propiorem
1994 1229 2128 1266 sobrino,
2151 1227 2203 1268 qui

246 1288 287 1310 est
308 1280 402 1319 patris
424 1277 561 1305 matrisve
581 1273 773 1304 consobrinus
802 1280 853 1301 aut
883 1272 1075 1310 consobrina,
1109 1272 1147 1302 ab
1176 1284 1208 1303 eo
1238 1273 1407 1303 consobrini
1433 1273 1658 1303 consobrinaeue
1679 1273 1780 1313 filius,
1806 1272 1882 1315 filia
1908 1273 2085 1303 nominatur.
2129 1270 2202 1299 Item

248 1323 341 1362 paulo
365 1325 448 1360 post:
483 1318 544 1346 His
566 1316 716 1353 omnibus,
748 1314 829 1356 quod
850 1326 868 1343 a
888 1322 1006 1355 patrum
1034 1323 1134 1355 nepote
1154 1317 1376 1356 proposuimus,
1399 1317 1437 1353 is,
1462 1315 1497 1345 cle
1519 1317 1601 1346 cuius
1623 1318 1798 1357 cognatione
1820 1316 1984 1357 quaeritur,
2007 1314 2128 1355 propius
2148 1323 2203 1342 so—

249 1366 332 1395 brino
355 1371 414 1392 est:
443 1372 512 1390 nam
531 1360 626 1399 patris
647 1359 696 1388 vel
715 1360 819 1387 matris·
840 1369 937 1386 eorum
962 1357 1152 1387 consobrinus
1174 1366 1224 1387 est.
1255 1358 1347 1388 Dac.
1392 1359 1434 1387 lta
1458 1359 1488 1387 in
1511 1359 1556 1389 tit.
1581 1359 1653 1388 Cod.
1677 1359 1757 1388 unde
1779 1359 1916 1398 legitimi:
1948 1357 2056 1388 uostris
2076 1355 2203 1396 propior

248 1408 369 1437 sobrino
392 1406 411 1435 l.
427 1408 454 1435 1.
477 1404 507 1432 in
530 1403 582 1432 fin.
606 1402 626 1433 l.
642 1404 690 1433 10.
716 1404 740 1439 §.
764 1401 867 1440 quinto
891 1400 995 1438 gradu.
1019 1401 1048 1429 ss‘.
1073 1401 1109 1429 de
1131 1401 1245 1439 gradib.
1273 1399 1375 1431 Goth.
1414 1399 1503 1430 Filia.
1531 1401 1634 1430 Filius.
1677 1400 1787 1431 Idem.

417 1446 619 1477 Possessio.
665 1444 773 1482 Aliqua
795 1448 863 1472 sunt
885 1443 1025 1471 mendosa
1049 1448 1077 1472 et
1100 1454 1212 1472 manca.
1257 1444 1298 1472 Ea
1321 1454 1374 1472 nos
1396 1444 1438 1472 ita
1461 1443 1673 1473 scriberemus:
1702 1444 1769 1473 Non
1792 1444 1869 1473 enim
1893 1444 2040 1483 possessio
2064 1447 2124 1478 est,
2147 1440 2203 1470 nisi

249 1494 277 1522 in
300 1493 336 1521 iis
359 1490 464 1526 rebuS,
488 1498 564 1528 quae
588 1487 668 1525 tangi
690 1491 825 1526 possunt.
871 1486 1001 1515 Auctore
1021 1491 1174 1525 praetore,
1199 1486 1249 1524 qui
1272 1486 1360 1515 dicit:
1384 1497 1414 1516 se
1438 1487 1608 1525 possidere,
1630 1487 1654 1516 is
1677 1496 1748 1516 vere
1771 1492 1871 1526 potest
1893 1488 1993 1516 dicere
2015 1491 2073 1516 etc.
2107 1484 2144 1520 Q.
2169 1483 2202 1512 D·

250 1537 284 1565 Δ.
307 1533 457 1573 significat
481 1542 540 1570 quo
564 1531 601 1560 de
624 1529 730 1567 agitur.
774 1528 854 1558 Illud
883 1539 966 1557 nemo
993 1539 1033 1557 ex
1058 1528 1119 1566 bis,
1157 1530 1207 1568 qui
1230 1529 1329 1558 deesse
1354 1529 1473 1558 videtur
1495 1529 1620 1558 verbum
1644 1528 1763 1569 litigant
1786 1535 1837 1559 aut
1857 1541 1912 1569 pro
1935 1529 1995 1567 his,
2031 1529 2083 1570 qui
2105 1526 2204 1560 scribe

250 1579 315 1609 reis,
346 1577 434 1606 Ant.
456 1574 555 1613 Aug.
601 1572 649 1601 Ait
678 1573 707 1601 iu
737 1571 874 1610 legitimis
904 1570 1072 1599 actionibus
1097 1571 1209 1600 nullam
1234 1571 1325 1600 fuisse
1347 1570 1394 1599 his
1418 1571 1516 1600 verbis
1540 1577 1732 1610 conceptam:
1766 1571 1860 1603 Hanc
1878 1574 2087 1612 possessionem
2109 1583 2204 1602 meam

250 1632 308 1650 esse
329 1620 388 1649 aio.
434 1616 584 1647 Possidere
606 1620 721 1652 autem,
759 1620 791 1643 ut
813 1614 889 1642 illud
913 1613 1008 1642 obiter
1031 1613 1153 1650 addam,
1189 1618 1233 1642 est
1256 1625 1271 1642 a
1292 1625 1347 1653 pos
1370 1624 1426 1653 pro
1446 1615 1527 1653 potis
1547 1619 1576 1642 et
1596 1613 1701 1644 sedere.
1746 1614 1812 1643 Hoc
1839 1616 1992 1645 intellexit
2013 1617 2094 1645 Paul.
2116 1615 2169 1646 lib.
2182 1614 2204 1644 Ῑ.

251 1664 287 1692 de
310 1659 496 1700 adquirenda
520 1659 566 1688 vel
589 1657 749 1687 omittenda
772 1656 974 1696 possessione:
1000 1658 1145 1686 Possessio
1168 1654 1317 1696 appellata
1340 1664 1397 1693 est,
1420 1663 1493 1685 utet
1508 1655 1610 1685 Labeo
1626 1656 1685 1693 ait,
1708 1667 1727 1685 a
1743 1655 1860 1686 sedibus
1880 1659 1967 1698 quasi
1986 1659 2111 1697 positio,
2133 1659 2206 1698 quia

253 1703 426 1734 naturaliter
449 1709 558 1731 tenetur
579 1700 617 1729 ab
639 1711 687 1737 eo,
711 1701 762 1740 qui
784 1701 810 1729 ei
831 1700 953 1735 insistit,
979 1710 1066 1739 quam
1091 1697 1198 1728 Graeci
1219 1698 1349 1738 κατοχὴν
1371 1697 1483 1728 dicunt.
1529 1699 1630 1728 Grot.:
1661 1698 1811 1729 Possidere
1833 1707 1873 1729 est
1896 1699 2009 1730 alicubi
2029 1699 2140 1736 sedere,
2162 1700 2207 1729 uti

254 1747 318 1777 loco
340 1758 409 1786 pos,
432 1743 464 1773 id
487 1751 526 1773 est
546 1751 649 1783 potens
672 1744 724 1780 sit,
748 1743 846 1783 itaque
865 1743 992 1782 primum
1017 1740 1052 1770 de
1075 1740 1158 1770 rebus
1180 1741 1238 1771 soli
1259 1740 1320 1771 dici
1340 1742 1451 1780 coepit,
1481 1739 1586 1770 deinde
1607 1749 1633 1770 et
1654 1740 1695 1771 ad
1718 1753 1761 1771 res
1785 1741 1907 1772 mobiles
1929 1742 2093 1783 transferri.
2116 1741 2206 1772 Dae.

256 1788 313 1818 Sed
335 1788 375 1817 acl
397 1785 584 1817 interdictum
607 1786 692 1814 venit.
730 1785 764 1814 Id
789 1791 833 1814 est
856 1784 894 1813 ad
915 1784 976 1820 ius,
1007 1784 1045 1812 ad
1068 1789 1245 1823 praetorem.
1286 1785 1418 1813 Petron.:
1451 1783 1488 1812 Ut
1510 1784 1537 1813 si
1558 1782 1649 1813 nollet
1671 1783 1764 1814 aliam
1786 1796 1845 1814 rem
1868 1784 1988 1814 domino
2012 1783 2144 1824 reddere,
2166 1782 2208 1813 ad

255 1830 439 1860 interdictum
462 1830 578 1858 veniret.
602 1827 710 1856 Idem.
748 1827 798 1857 Uti
820 1839 897 1857 nunc
916 1825 1081 1867 possidetis.
1112 1827 1259 1856 Solemnis
1282 1827 1410 1856 formula
1433 1826 1602 1855 interdicti:
1627 1827 1670 1855 uti
1683 1825 1848 1867 possidetis.
1878 1828 1975 1856 Aliter
1997 1832 2094 1857 tamen
2117 1827 2208 1867 paulo

259 1874 334 1910 apud
356 1873 487 1911 Ulpian.:
521 1870 559 1900 Ut
581 1882 630 1899 eas
652 1869 752 1908 aedes,
781 1882 809 1911 q.
828 1869 857 1899 d.
876 1881 921 1906 a.‚
951 1881 1002 1899 nec
1025 1871 1067 1906 vi,
1096 1881 1148 1899 nec
1171 1869 1264 1906 clam,
1294 1881 1346 1899 nec
1366 1870 1502 1909 precario
1526 1880 1554 1898 a.
1573 1880 1602 1900 a.
1620 1880 1648 1898 a.
1669 1867 1843 1909 possidetis,
1865 1871 2020 1910 quominus
2041 1870 2085 1899 ita
2104 1871 2209 1909 possi-

260 1914 366 1951 dentis,
386 1916 442 1943 vim
457 1914 529 1951 fieri
550 1921 622 1943 veto.
657 1914 769 1942 Literae
792 1925 821 1942 a.
841 1924 868 1941 a.
887 1925 914 1943 a.
939 1912 1107 1950 significant
1129 1911 1204 1942 alter
1225 1912 1262 1941 ab
1284 1911 1387 1942 altero.
1414 1910 1524 1941 Idem.
1561 1911 1624 1942 Nec
1641 1913 1688 1948 vi,
1713 1923 1765 1942 nec
1786 1911 1880 1949 clam,
1903 1924 1955 1942 nec
1974 1913 2118 1952 precario.
2154 1912 2208 1941 His

260 1957 352 1984 tribus
380 1957 454 1984 mala
483 1956 538 1984 fide
570 1956 682 1993 aliquid
710 1956 890 1995 possidetur.
936 1955 984 1983 Sic
1008 1955 1136 1983 Chaerea
1166 1955 1248 1994 apud
1270 1956 1387 1984 Terent.
1411 1953 1546 1983 Eunuch.
1570 1955 1637 1984 Act.
1653 1954 1689 1985 11.
1713 1965 1753 1984 sc.
1766 1956 1797 1986 3.
1820 1956 1895 1992 (28.)
1925 1955 1983 1984 tria
2011 1954 2085 1984 haec
2108 1955 2209 1994 lepide

262 1999 429 2026 coniunxit:
455 1998 545 2027 Hanc
568 2006 597 2026 tu
621 1998 693 2027 mihi
714 1997 761 2027 vel
779 1999 825 2035 vi,
848 1997 894 2027 vel
916 1997 1011 2033 clam,
1038 1996 1084 2026 vel
1102 1999 1236 2037 precario
1253 1997 1314 2027 Fac
1337 1995 1449 2027 tradas.
1475 1996 1584 2028 Idem.
1621 1998 1775 2027 Possessio.
1807 1997 1881 2027 Vide
1904 1998 1924 2027 l.
1937 2000 1966 2029 3.
1980 1997 2010 2026 ff.
2035 1997 2071 2026 de
2093 1998 2206 2036 acquir.

262 2051 386 2080 possess.
400 2039 638 2078 Theophil.1nst.
663 2042 700 2070 de
722 2041 829 2070 interd.
855 2039 962 2069 Goth.
998 2040 1073 2069 Usus
1095 2039 1216 2080 quidam
1239 2041 1306 2080 agri
1326 2040 1390 2069 dixi
1414 2040 1432 2069 l.
1449 2041 1518 2072 115.
1532 2039 1564 2069 ff.
1587 2039 1625 2069 de
1647 2050 1676 2069 v.
1700 2039 1797 2078 signif.
1821 2038 1932 2069 Idem.
1969 2039 2020 2069 Uti
2041 2051 2119 2070 nuno
2137 2051 2208 2080 pos·

261 2081 362 2111 ridetis
383 2092 412 2110 v·
434 2082 537 2113 l.1.ff.
561 2088 589 2111 et
611 2084 683 2114 cod.
708 2084 751 2112 uti
774 2083 942 2122 possidetis.
986 2081 1099 2112 Idem.

432 2125 473 2152 Pr
481 2123 707 2164 affecturae.
731 2126 788 2163 (Ad
806 2137 835 2166 p.
847 2127 929 2164 204.)
953 2125 1006 2154 Illa
1029 2126 1120 2154 verba
1144 2124 1283 2153 mendosa
1299 2130 1382 2154 sunt:
1407 2123 1555 2167 Praefecti
1570 2131 1696 2165 quatuor
1709 2125 1814 2164 viginti
1827 2135 1882 2154 sex
1896 2124 1990 2153 virum
2005 2135 2072 2153 num
2085 2134 2141 2164 pro
2153 2135 2211 2164 po-

262 2165 327 2207 puli
347 2164 502 2205 suffragio.
540 2166 673 2196 Fortasse
696 2169 888 2197 scribendum
912 2172 968 2197 est:
995 2167 1142 2210 Praefecti
1164 2168 1347 2207 quatuorviri
1368 2175 1394 2196 et
1417 2168 1529 2197 serviri
1549 2168 1656 2203 annui,
1679 2168 1730 2208 qui
1748 2166 1854 2207 populi
1875 2167 2021 2208 suffugio
2041 2171 2097 2196 etc.
2117 2167 2208 2196 Ant.

265 2208 363 2247 Aug.
391 2208 474 2242 Quae
490 2209 633 2244 egregiam
652 2212 835 2249 antiquitatis
852 2211 1049 2249 cognitionem
1069 2211 1237 2246 continent,
1261 2220 1293 2239 ea
1311 2221 1370 2239 non
1386 2210 1502 2239 levibus
1518 2210 1632 2239 mendis
1648 2210 1802 2248 inquinata
1817 2215 1898 2241 sum.
1928 2211 2007 2238 Sunt
2020 2214 2119 2238 autem
2135 2209 2210 2239 haec

265 2261 302 2280 ex
320 2250 415 2288 prisca
435 2249 600 2287 scriptura:
623 2250 657 2279 In
674 2264 746 2291 quas
762 2253 892 2282 solebant
908 2254 950 2282 ire
962 2253 1109 2295 praefecti
1130 2260 1257 2294 quatuor
1278 2253 1383 2292 viginti
1401 2264 1458 2282 sex
1478 2253 1572 2282 virum
1595 2264 1663 2281 num
1683 2264 1738 2291 pro
1758 2251 1863 2292 populi
1879 2257 1935 2281 etc.
1970 2252 2061 2289 Lego:
2083 2250 2120 2280 In
2136 2262 2210 2292 quas

266 2291 398 2322 solebant
422 2292 462 2320 ire
482 2291 638 2332 praefecti,
663 2295 726 2333 qui,
752 2303 852 2324 autore
874 2297 978 2335 viginti
999 2307 1054 2325 sex
1079 2296 1170 2324 uirum
1195 2306 1327 2331 numero,
1348 2294 1453 2335 populi
1473 2295 1618 2336 suffugio
1640 2295 1738 2324 creati.
1778 2296 1868 2324 Recte
1891 2305 1970 2325 sane.
2010 2295 2110 2333 Neque
2130 2293 2208 2322 enim

267 2335 427 2374 quicquam
451 2334 581 2372 populus
602 2334 747 2364 sciscebat
769 2338 831 2366 sine
854 2344 983 2367 auctore.
1022 2339 1124 2376 Itaque
1148 2343 1177 2366 et
1198 2338 1276 2376 loges
1299 2344 1422 2368 auctore
1447 2340 1574 2375 quodam
1598 2348 1714 2376 semper
1737 2337 1891 2368 sciscebat.
1927 2337 1973 2366 Ex
1997 2336 2135 2370 vocibus,
2158 2337 2210 2374 qui

268 2384 400 2412 auctore,
423 2377 530 2404 sactum
555 2381 618 2405 erat
640 2384 791 2416 quattuor,
818 2381 924 2409 mendo
947 2381 1017 2409 satis
1040 2380 1169 2419 proclivi
1193 2391 1228 2408 ac
1250 2391 1410 2420 propenso.
1436 2379 1533 2409 Scal.
1571 2379 1782 2420 Praefecturae.
1819 2380 1853 2408 In
1877 2389 1949 2417 quas
1971 2377 2113 2417 praefecti
2136 2379 2209 2406 mit—

270 2420 409 2449 tebantur
430 2422 463 2448 ut
484 2424 637 2458 praetores
659 2419 689 2447 in
713 2421 892 2457 provincias.
938 2423 1080 2452 Civitates
1103 2428 1215 2458 auten),
1253 2433 1328 2461 quae
1357 2423 1474 2462 iniquae
1504 2423 1674 2460 ingrataeve
1705 2433 1772 2461 erga
1802 2422 1948 2461 populum
1974 2423 2005 2450 n.
2029 2421 2147 2449 fuerant.
2174 2430 2208 2449 ac
2250 2419 2251 2422 ’
