2263 2668
379 198 453 233 228
999 198 1139 233 SEXTI
1165 199 1364 235 POMPEII
1391 201 1531 236 FESTI

382 321 387 326 ,
442 318 448 324 .
502 316 508 323 .
562 318 568 323 .
624 318 631 324 .
688 318 694 324 .
938 292 1257 328 Rodiis-calana
1279 300 1389 340 porta
1415 296 1555 329 videtur
1583 296 1788 340 appellata,
1815 297 1907 340 quod
1934 299 2034 332 rudis
2072 298 2154 346 [83]

381 347 412 375 et
440 342 599 387 impolita
624 343 667 376 sit
695 343 841 379 reluta,-
875 343 931 376 vel
957 344 1040 388 quia
1066 356 1147 378 aere
1173 347 1290 380 vincta
1307 347 1393 392 suit.
1421 359 1503 380 nam
1531 358 1608 388 aes,
1636 351 1672 379 ut
1700 346 1815 379 Varro
1843 348 1892 380 ait
1918 349 1953 381 in
1979 350 2036 383 lib.
2065 351 2157 384 anti-

381 393 561 437 quitatum,
588 394 725 427 raudus
751 394 955 427 dicebatur:
983 400 1087 440 atque
1114 408 1158 429 ex
1185 409 1224 431 eo
1251 398 1322 431 dici
1349 399 1383 430 in
1410 398 1660 442 mancipando,
1687 398 1920 432 Rauduscula
1947 400 2074 434 libram
2091 401 2157 447 fe-

380 445 456 477 rito.
510 445 638 479 Runa
663 457 777 491 genus
803 446 869 478 teli.
924 446 1077 481 Ennius:
1109 453 1273 482 runata
1301 451 1495 492 recedit,
1523 451 1561 483 id
1589 454 1655 490 est,
1685 450 1813 495 pilata.
1842 454 1892 483 est
1918 462 2023 495 genus
2050 454 2157 487 etiam

627 524 634 532 .
689 524 697 532 .
753 523 759 530 .
815 522 823 529 .
878 524 883 530 .
941 521 949 529 .
1126 501 1213 533 enim
1453 527 1460 533 .
1514 528 1521 535 .
1576 527 1583 534 .
1828 513 1877 542 m,
1916 509 2025 546 atque.

380 575 388 581 .
628 548 722 593 quod
748 560 875 582 veneno
901 549 1083 594 tingebant
1137 577 1144 584 .
1198 580 1205 586 .
1259 577 1265 583 .
1321 578 1328 584 .
1382 579 1390 586 .
1445 564 1490 586 us,
1514 552 1563 585 M.
1617 580 1624 586 .
1680 580 1687 586 .
1741 580 1748 586 .
1803 580 1810 587 .
1864 579 1871 584 .
1925 579 1932 585 .
1986 582 1993 588 .
2052 554 2157 589 Vale-

379 598 429 631 rio
484 627 490 633 .
546 624 553 631 .
607 626 615 633 .
667 600 866 634 Rasores
892 602 1026 646 antiqui
1039 602 1211 648 fidicines
1238 603 1477 648 appellabant,
1522 604 1581 648 qui
1606 608 1643 637 ut
1670 605 1721 637 ait
1748 603 1908 645 Verrius,
1952 606 2002 638 ita
2030 607 2156 651 appel—

379 650 444 682 lati
465 650 640 691 videntur,
684 652 763 694 quia
796 653 929 685 radere
955 654 1025 686 ictu
1052 654 1208 687 chordas
1233 655 1422 687 videantur
1448 655 1587 688 artificio
1614 656 1778 700 quodam.
1838 656 2039 690 Ratitum
2066 669 2156 703 qua·-

200 708 235 731 ·f.
264 701 542 741 Opiliusdrantem
564 702 761 746 Tarquitius
787 705 821 736 in
849 703 938 737 libro
964 716 1065 749 quem
1092 706 1264 739 inscribsit
1291 707 1337 738 de
1390 733 1397 739 .
1453 733 1459 739 .
1515 733 1522 739 .
1577 734 1584 741 .
1640 713 1672 739 et
1696 707 1853 751 Oppius'
1878 707 2062 749 Aurelius,
2098 710 2154 742 di-

375 757 468 785 ctum
491 757 637 797 putant,
678 756 771 799 quod
796 756 830 788 in
858 767 918 797 eo,
961 762 994 789 et
1020 758 1154 799 triente,
1200 758 1288 790 ratis
1310 757 1427 803 suerit
1455 757 1618 804 effigies,
1663 765 1698 791 ut
1725 759 1814 791 navis
1841 759 1875 791 in
1901 770 1990 801 asse,
2034 772 2057 794 a
2084 772 2155 805 qua

373 804 514 848 quidem
548 816 588 838 re
620 807 842 851 appellatum
878 819 1013 850 quoque
1046 810 1176 841 ratitum
1213 810 1341 842 dicunt.
1406 809 1567 843 Meminit
1602 810 1736 843 trientis
1761 810 1849 843 ratiti
1874 811 2052 855 Antonius,
2096 813 2155 857 qui

372 856 498 889 ratitos
525 868 569 889 cxv
594 857 664 890 huc
691 869 802 891 causa
829 859 900 891 dici
926 860 1057 893 trientes
1085 867 1196 905 putat,
1242 861 1336 905 quod
1362 862 1453 894 rutis
1479 862 1675 906 appellatio
1702 862 1827 894 tertiae
1853 863 1971 907 partis
1998 864 2076 896 assis
2102 864 2153 905 sit,

198 919 232 942 ·f.
247 917 314 943 nulla
329 907 498 950 sitquinae
525 913 659 950 autem,
699 914 759 942 aut
787 911 879 943 alius
903 912 1019 955 partis
1045 913 1076 944 in
1104 913 1159 944 illa
1187 912 1232 946 sic
1245 914 1268 952 ⁸,
1310 912 1369 945 sed
1398 913 1588 946 secundum
1613 924 1815 955 numerum,
1852 917 1889 946 ut
1913 920 2059 950 sextans.
2092 926 2154 948 nec

213 962 244 987 *f.
262 961 362 994 legibus
373 958 440 992 hac
467 971 503 992 re
529 964 636 993 ratem
664 961 736 994 dici
761 962 892 1003 solere,
932 963 996 996 nisi
1028 964 1074 996 de
1100 968 1218 997 lerna:
1267 975 1307 997 ac
1335 965 1506 1008 legionum
1534 966 1659 997 unam⁸
1682 976 1789 997 unam
1816 969 1931 998 ratem
1956 966 2080 999 triente
2104 967 2153 999 si-

230 995 338 1021 Numae.
372 1011 524 1055 gnificat.
553 1012 645 1055 quod
672 1012 707 1044 hi
735 1014 971 1057 penderentur
995 1015 1153 1053 trientes,
1190 1026 1267 1048 cum
1295 1016 1386 1048 ratio
1415 1027 1490 1049 cum
1519 1016 1569 1048 his
1596 1022 1784 1060 putaretur,
1816 1015 1939 1061 quibus
1963 1017 2153 1051 solvendae

371 1073 429 1095 res
455 1069 573 1095 essent.
634 1065 780 1097 Ravim
809 1066 935 1110 antiqui
959 1077 1029 1111 pro
1054 1068 1229 1100 raucitate
1256 1067 1431 1103 dicebant.
1493 1069 1644 1101 Plautus:
1687 1068 1770 1101 Ubi
1803 1069 1835 1100 si
1868 1067 1965 1112 quid
1999 1080 2152 1113 posca-

212 1117 246 1142 Ὗ.
266 1125 476 1157 expur-mus,
504 1115 560 1147 ad
586 1117 727 1148 ravim
753 1127 998 1160 poscamus.
1052 1118 1154 1151 Item:
1192 1119 1497 1163 experiuravi*
1530 1119 1682 1152 hercle
1709 1119 1850 1152 omnia
1885 1120 1943 1152 ad
1969 1130 2151 1154 raucam

252 1153 318 1185 g³b⁰
370 1166 509 1198 ravim
534 1174 566 1199 et
588 1167 620 1199 in
645 1169 836 1200 Artemone.
865 1179 896 1201 et
949 1195 954 1200 .
1011 1195 1017 1200 .
1073 1198 1079 1204 .
1135 1196 1141 1203 .
1203 1171 1378 1204 Caecilius
1404 1172 1436 1203 in
1459 1171 1753 1215 Hypobolimaeo:
1778 1171 1901 1204 Prius
1928 1171 1986 1204 ad
2013 1172 2151 1205 ravim

365 1219 594 1262 poscaris,
623 1230 749 1262 quam
775 1221 1027 1264 placentam
1056 1222 1226 1256 feceris.
1279 1222 1410 1255 Batus
1437 1219 1774 1271 Su111,[lsignificat
1799 1223 1930 1266 putavi,
1957 1223 2016 1256 sed
2070 1222 2149 1269 [84]

369 1269 514 1312 alioqui.
550 1281 612 1312 pro
641 1270 758 1311 firmo,
794 1278 885 1304 certo
912 1274 1045 1315 ponitur
1072 1280 1160 1306 ratus
1189 1280 1222 1306 et
1247 1279 1365 1306 ratum.
1419 1274 1562 1307 Ennius:

471 1354 759 1396 Occiduntur,
807 1359 875 1391 ubi
904 1359 1071 1404 potitur
1098 1364 1212 1393 ratus
1240 1359 1442 1393 Romulus
1470 1359 1680 1404 praedam.

365 1436 398 1464 et
418 1432 541 1465 Accius
568 1433 600 1464 in
624 1433 843 1479 Menalippo:

466 1509 611 1552 Neque
654 1517 788 1545 ratum
832 1519 918 1550 est,
974 1513 1087 1555 quod
1134 1513 1272 1554 dicas,
1330 1526 1466 1558 neque
1509 1525 1618 1558 quae
1659 1513 1826 1557 agitas,
1877 1512 2049 1546 dicendi
2088 1517 2149 1546 est

570 1561 696 1596 locus

192 1642 396 1684 Ἷῖἆὲῡδθῖίῑῑπίὶ
423 1645 554 1678 duobus
582 1648 832 1691 inconpluribns
859 1650 1064 1682 orationibus
1092 1661 1167 1683 cum
1195 1650 1239 1683 de
1266 1651 1346 1684 actis
1374 1650 1501 1683 disserti
1528 1650 1620 1684 culus
1648 1651 1772 1683 etiam·
1795 1650 1954 1695 perscribi
1981 1649 2084 1690 solet,
2111 1649 2146 1682 id

205 1687 339 1737 cuiuispfpm
362 1699 410 1728 est
437 1697 599 1731 rationum
629 1700 804 1732 relatarum
832 1701 924 1743 quod
952 1701 1003 1733 his
1015 1702 1040 1727 Ἴ*
1063 1702 1183 1734 tabulis
1218 1702 1382 1736 docentur
1417 1702 1563 1743 iudices,
1612 1713 1698 1745 quae
1733 1702 1871 1746 publice
1906 1701 2002 1742 data,
2047 1705 2147 1744 atque

268 1732 274 1739 .
289 1722 319 1739 lls

192 1755 502 1792 'thavillaeaccepta
537 1750 608 1782 sint.
670 1752 895 1785 Raviliae*
926 1764 945 1784 a
979 1753 1066 1785 ravis
1102 1753 1216 1789 oculis.
1253 1753 1541 1797 quemadmodum
1576 1765 1595 1786 a
1629 1754 1744 1787 caesiis
1777 1753 1954 1787 caesullae.
2017 1753 2147 1785 Ratu-

361 1810 477 1832 mena
493 1798 504 1820 ¹
533 1809 660 1845 porta
687 1815 706 1834 a
733 1804 866 1837 nomine
892 1805 959 1837 eius
985 1805 1158 1848 appellata
1186 1811 1250 1845 est,
1278 1806 1335 1849 qui
1361 1805 1493 1839 ludicro
1516 1806 1697 1839 certamine
1718 1805 1891 1849 quadrigis
1918 1805 2046 1843 victor,
2073 1803 2146 1838 cla—

195 1855 231 1877 ι
254 1855 357 1896 litgqsci
367 1853 474 1884 rusci*
495 1854 625 1896 generis
651 1855 776 1887 iuvenis
805 1855 898 1889 vehis
910 1856 936 1871 **
958 1854 1200 1889 consternatis²
1224 1858 1315 1901 equis
1343 1868 1497 1890 excussus
1517 1857 1650 1890 Romae
1675 1856 1793 1901 periit,
1836 1857 1893 1899 qui
1929 1856 2005 1899 equi
2032 1856 2145 1889 ferun-

238 1889 254 1912 ἴ·
275 1890 344 1915 ‘⁶¹¹³
366 1906 418 1933 tur
445 1915 510 1936 non
538 1911 612 1938 ante
639 1907 836 1948 constitisse,
873 1919 974 1950 quam
1003 1909 1213 1952 pervenirent
1239 1909 1271 1941 in
1291 1908 1512 1953 Capitolium,
1548 1906 1862 1953 conspectumque3
1882 1907 2034 1941 fictilium
2060 1918 2144 1950 qua-

212 1956 244 1979 Ἰ.
260 1951 537 1996 Veientidrigarum
565 1968 651 2000 quae
679 1964 771 1991 erant
795 1959 828 1991 in
854 1959 988 2004 fastigio
1015 1960 1102 1992 lovis
1128 1960 1267 2004 templi,
1304 1972 1386 2003 quas
1411 1960 1582 1993 faciendas
1604 1960 1797 1994 locaverant
1815 1959 1961 1992 Romani
1988 1958 2145 2004 vegenti’

369 2003 497 2037 cuidam
526 2009 600 2040 artis
628 2009 786 2055 figulinae
813 2011 981 2055 prudenti.
1008 2023 1096 2054 quae
1122 2012 1215 2044 bello
1243 2016 1316 2044 sunt
1341 2012 1566 2056 reciperatae:
1592 2012 1670 2055 quia
1692 2012 1724 2044 in
1751 2011 1889 2045 fornace
1914 2010 2000 2043 adeo
2027 2021 2144 2044 creve-

370 2059 457 2092 ram„
487 2064 520 2088 ut
546 2060 641 2092 eximi
669 2063 850 2105 nequirent.
877 2062 980 2106 idque
1006 2063 1201 2108 prodigium
1228 2063 1433 2108 portendere
1458 2063 1651 2106 videbatur,
1679 2063 1712 2096 in
1738 2074 1805 2107 qua
1831 2063 1962 2096 civitate
1983 2073 2043 2095 eae
2061 2061 2144 2094 fuis-

369 2108 457 2143 Sfflsta
485 2111 629 2142 omnium
652 2125 725 2146 eam
747 2114 891 2147 futuram
912 2115 1186 2158 potentissimam.
1241 2116 1521 2160 Reciperatio
1549 2120 1618 2157 est,
1645 2120 1681 2148 ut
1707 2115 1752 2148 ait
1771 2115 1890 2147 Gallus
1908 2114 2039 2156 Aelius,
2066 2123 2142 2147 cum

368 2153 453 2186 inter
478 2161 657 2200 populum,
693 2170 725 2197 et
751 2177 866 2210 reges,
900 2167 1116 2210 nationesque
1144 2173 1177 2199 et
1203 2167 1349 2200 civitates
1373 2168 1569 2211 peregrinas
1596 2167 1650 2200 lex
1677 2167 1846 2205 convenit,
1880 2165 2055 2209 quomodo
2080 2175 2142 2210 per

368 2206 607 2249 reciperatores
633 2214 813 2250 reddantur
839 2229 910 2258 res,
935 2218 1250 2263 reciperenturque,
1279 2230 1398 2262 resque
1423 2219 1569 2263 privatas
1594 2218 1680 2251 inter
1704 2230 1740 2251 se
1763 2222 2013 2263 persequantur.
2062 2216 2140 2249 Be-

431 2332 479 2378 .1)
501 2333 697 2375 frammenti]
722 2338 796 2369 Vide
818 2342 946 2371 Plinium
968 2344 1017 2373 lib.
1034 2347 1063 2376 8.
1097 2355 1163 2384 cap.
1178 2347 1227 2377 43.
1272 2345 1303 2382 4)
1326 2344 1562 2384 Jieconductae]
1586 2345 1706 2373 Amicus
1729 2355 1811 2373 meus
1838 2344 1929 2372 homo
1952 2341 2136 2370 doctissimffl’

365 2376 394 2401 et
416 2373 465 2401 hb·
489 2378 536 2407 ¹8·
566 2388 628 2415 c‘'¹l’·
652 2381 680 2409 2·
719 2381 766 2408 Ur
776 2394 799 2410 s.
828 2400 869 2405 —
904 2385 935 2420 2)
963 2385 1172 2415 Consternata>-
1196 2388 1228 2416 in
1271 2388 1388 2426 legebat
1410 2388 1609 2417 Reconducie.
1640 2388 1719 2416 Urs.
1741 2403 1781 2409 -
1802 2387 1832 2425 5)
1848 2384 1931 2425 quod
1946 2384 2015 2412 Ven.
2038 2383 2135 2411 Sc.—

364 2413 399 2442 V.
424 2416 453 2445 C.
479 2427 540 2446 esse
566 2423 712 2449 testantur
741 2422 813 2451 Ven.
837 2430 863 2453 et
894 2428 941 2456 Sc.
964 2444 1004 2448 —
1038 2430 1068 2465 3)
1095 2430 1226 2468 Conspe·
1271 2430 1301 2467 6)
1325 2430 1477 2468 Bessara]
1503 2430 1569 2459 Vox
1590 2431 1727 2458 tevirtico
1749 2429 1892 2457 mendoso
1915 2431 1974 2460 est,
1999 2434 2051 2462 pro
2076 2434 2133 2462 qua

364 2461 503 2497 clamque
533 2461 603 2490 Ven.
636 2465 682 2492 Sc.
736 2465 939 2503 llepeteuduui
973 2479 987 2498 e
1011 2480 1098 2508 supp.
1122 2473 1161 2499 in.
1186 2488 1226 2493 —
1271 2472 1320 2500 alii
1344 2477 1562 2510 reposuerunt,
1592 2484 1607 2500 ε
1628 2474 1739 2499 tritico.
1763 2471 1841 2499 forte
1864 2466 2066 2499 scribendum,
2092 2477 2133 2494 re-
