2263 2668
512 145 577 179 DE
603 142 991 179 SIGNIFICATIONE
1020 144 1304 182 VERBORUM.
1358 145 1503 179 LIBER
1528 145 1620 180 XIV.
1965 149 2042 184 597

86 241 210 271 Plautus
229 237 421 277 (Menaechm.
437 237 486 275 IV,
507 240 544 275 2,
568 237 644 276 64.):
667 237 825 279 Properate
844 235 1011 276 prandium.
1042 238 1168 266 Ennius:
1191 238 1335 268 Festivum
1355 239 1501 280 festinant
1524 238 1609 271 diem.
1633 238 1735 277 Virgil.
1751 239 1815 270 XII.
1836 241 1907 269 Aen.
1927 241 2040 282 (425.)=

830 280 929 310 Arma
955 280 1008 308 citi
1026 288 1180 319 properate
1200 283 1274 312 viro.

86 327 223 355 Sullust.:
246 323 326 354 solas
343 323 491 364 festinate.
521 323 615 361 Lego:
639 323 734 353 soleas
752 322 899 364 festinate.
923 321 1011 351 Dac.
1051 324 1091 351 De
1112 324 1297 361 discrimine,
1322 325 1404 363 quod
1426 324 1586 353 intercedit
1608 323 1706 352 verbis
1726 334 1884 364 properare
1905 330 1934 354 et
1951 324 2041 367 festi-

87 380 173 404 nare,
197 369 236 397 cf.
260 366 429 395 Doederlin.
453 367 523 403 Syn.
548 367 610 395 Lat.
634 366 755 396 iom.11.
778 375 844 404 pag.
860 365 929 396 134.
943 375 1024 403 seqq.

253 409 420 439 Prorsus.
466 409 558 443 Quasi
585 420 752 448 proversus,
789 409 820 436 id
843 413 887 435 est
909 415 976 435 ante
997 418 1094 436 versus
1117 413 1145 437 et
1167 419 1307 447 prorsus,
1344 410 1374 438 id
1399 415 1442 438 est
1465 415 1555 439 recta.
1600 409 1685 437 Unde
1708 409 1889 438 adiectivum
1910 422 2041 449 prorsus,

88 464 120 489 a,
146 464 193 481 um
218 463 273 491 pro
296 457 387 480 recto.
425 450 497 479 Inde
520 453 620 490 prorsi
642 452 766 488 limites,
788 461 893 490 prorsa
916 451 1023 488 supple
1047 453 1157 488 oratio,
1182 457 1210 480 et
1232 451 1338 480 Prot-sa
1362 453 1440 489 Dea,
1467 463 1541 491 quae
1564 457 1661 480 rectos
1685 457 1789 490 partus
1811 451 1960 482 educeret.
1994 454 2042 483 Ex

87 505 212 534 prorsus
235 499 336 534 postea
360 494 455 522 secere
475 505 596 533 prosus,
621 500 652 522 ut
676 506 691 522 a
715 505 812 522 rursus
836 504 933 529 rusus,
958 503 973 520 a
997 504 1109 521 sursum
1131 505 1227 522 susum
1252 500 1307 525 etc,
1343 495 1379 523 Et
1401 497 1470 524 inde
1491 506 1598 535 prosa,
1620 505 1715 535 prose.
1747 494 1843 529 Quam
1866 505 1971 524 vocem
1986 497 2042 525 La-

87 539 181 567 tinam
206 548 267 566 esse
291 547 447 576 perperam
471 542 580 573 negant
602 537 660 565 viri
683 537 775 565 docti.
799 536 886 565 Dac.
929 534 1016 575 Πρό.
1050 534 1143 574 Πρός.
1193 536 1296 566 Goth.

252 578 465 608 Prohibere.
489 577 551 618 (Ad
567 590 596 618 Ρ.
610 578 696 620 206.)
721 579 846 607 Comitia
869 578 968 606 multis
991 588 1028 606 ex
1051 579 1149 606 causis
1173 585 1223 607 aut
1248 580 1374 608 ineunda
1398 581 1585 616 vetabantur,
1608 585 1658 608 aut
1673 579 1746 607 inita
1761 578 1967 616 solvebantur,
1991 585 2043 609 aut

86 622 187 651 habita
205 622 390 651 vitiabantur
413 626 440 649 et
463 620 573 650 fiebant
595 622 688 652 irrita.
726 622 824 650 Veluti
848 631 885 649 ex
908 621 1050 649 comitiali
1073 621 1133 648 ritu
1157 622 1204 649 vel
1229 623 1354 657 omisso,
1378 624 1426 650 vel
1445 634 1601 662 perperam
1623 623 1719 651 obito:
1744 632 1780 650 ex
1797 623 1987 658 magistratus
2006 623 2042 651 de

87 666 171 694 coelo
196 665 341 694 servantis
364 664 517 702 spectione
542 665 604 693 sive
628 665 828 703 inspectione:
852 674 888 691 ex
912 664 1097 692 nuntiatione
1121 665 1182 692 sive
1205 665 1430 693 obnuntiatione
1449 667 1652 703 magistratus,
1676 665 1779 703 quide
1796 665 1880 693 coelo
1898 670 2042 700 servarat,

86 718 122 736 ex
143 708 242 737 omine
258 707 404 743 infausto,
429 716 465 734 ex
483 707 617 745 fulgure,
642 709 783 741 Iulmine,
808 706 937 741 tonitru3
961 717 997 734 ex
1014 706 1118 734 morbo
1136 717 1237 743 sacro,
1262 708 1391 743 cadum,
1417 711 1466 745 qui
1491 714 1520 736 et
1542 709 1608 736 ideo
1633 707 1789 736 comitialis
1813 707 1911 736 dictus
1933 713 1991 744 est,
2014 712 2043 736 et

87 761 124 779 ex
147 751 227 787 aliis,
251 760 325 789 quae
347 749 378 777 in
401 748 533 778 historiis
556 750 680 788 diligens
705 751 799 779 lector
823 749 983 778 annotabit.
1007 749 1060 777 Da
1071 760 1094 777 c.
1134 749 1223 777 Domi
1246 761 1309 778 cum
1334 751 1530 789 auspicamus.
1564 752 1608 779 Ait
1630 751 1702 778 Cato
1727 759 1802 787 quae
1825 750 2044 788 auspicantium

87 798 115 822 et
138 793 366 822 sacrificantium
389 792 562 829 religionem
587 798 615 821 et
639 795 736 821 omina
759 792 880 821 turbare
903 792 999 820 solent.
1024 797 1049 819 et
1074 792 1232 830 impedire,
1265 803 1312 829 ea,
1342 794 1396 820 nisi
1423 804 1438 820 a
1461 793 1644 821 sacrificante
1667 793 1714 820 vel
1738 792 1910 829 auspicante
1932 793 2044 821 suerint

86 836 255 872 intellecta,
279 835 395 864 nullum
420 835 523 863 vitium
546 836 658 871 facere,
682 836 776 864 veluti
800 835 893 873 siquis
917 845 1018 863 servus
1043 839 1093 862 aut
1116 835 1220 862 ancilla
1247 835 1300 862 sub
1326 840 1448 863 centone
1471 837 1602 874 crepuit,
1625 835 1656 863 id
1680 840 1721 863 est
1744 834 1798 863 sub
1823 835 1971 872 stragulis,
1994 835 2044 864 vel

88 879 111 907 si
136 879 202 917 quis
226 888 331 907 servus
354 877 405 905 vel
429 878 536 906 ancilla
561 878 709 906 dormiens
733 878 837 906 morbo
862 878 1003 906 comitiali
1028 882 1185 915 correptus
1210 878 1306 906 suerit.
1334 878 1364 906 In
1388 878 1445 905 fine
1468 879 1574 915 legitur
1596 879 1700 906 etiam:
1724 889 1758 905 ne
1779 876 1812 904 id
1834 876 1950 917 quidem
1972 877 2045 906 mihi·

85 922 188 950 vitium
203 920 298 961 facit.
329 920 416 956 Quod
440 921 532 958 magis
558 921 662 960 placet.
695 923 790 960 Supra
808 931 861 959 pro
878 920 967 949 Dium
984 920 1103 958 quidam
1120 919 1224 948 Deum.
1256 921 1313 948 Sed
1339 920 1411 948 nihil
1436 931 1563 952 necesse.
1588 919 1697 950 Idem.
1732 918 1858 956 ΝΙονόο,
1883 921 1935 959 qui
1955 919 2043 959 vulgo

87 962 204 1004 quidem
228 964 334 991 maior.
364 963 436 992 Vide
461 973 534 1002 qnae
557 964 664 1003 scripsi
689 965 724 992 ad
749 964 767 991 l.
782 965 811 995 4.
837 965 860 1000 §
874 965 903 994 5.
928 969 956 991 et
978 962 1104 993 l.53.ff.
1129 963 1164 990 de
1188 963 1298 992 aedilit.
1320 961 1426 992 Goth.
1460 962 1632 993 comitialis.
1664 963 1738 991 Vide
1764 963 1795 990 I).
1820 962 1904 994 l.53.
1933 961 2044 991 Idem.

251 1005 467 1034 Penato'res.
492 1003 550 1046 (Ad
568 1017 597 1045 p.
611 1005 696 1046 206.)
722 1006 894 1035 Mendosum
918 1016 981 1034 esse
1004 1005 1119 1043 opinor.
1141 1005 1231 1034 Ant.
1252 1006 1346 1044 Aug.
1379 1007 1524 1044 Suspicor
1550 1006 1667 1034 Festum
1690 1005 1719 1032 in
1743 1010 1901 1043 corruptos
1926 1005 2043 1033 Catonis

88 1048 207 1076 codices
231 1048 387 1084 incidisse,
412 1049 460 1076 ubi
485 1049 560 1077 male
582 1057 734 1088 penatores
757 1060 812 1088 pro
837 1056 984 1077 venatores
1006 1048 1164 1085 legebatur.
1202 1048 1231 1075 ld
1255 1049 1351 1076 innuit
1373 1058 1433 1076 vox
1455 1050 1624 1087 piscatores.
1662 1048 1737 1084 Lege
1762 1047 1858 1076 modo.
1895 1047 1952 1075 Pro
1972 1048 2043 1082 fici-

85 1089 239 1126 sedarum,
265 1091 344 1128 quod
369 1096 534 1119 monstrum
558 1097 617 1127 est,
642 1092 756 1129 legebat
781 1092 866 1120 fulv.
886 1091 950 1119 Urs.
984 1090 1051 1118 Feci
1071 1090 1121 1118 sed
1144 1089 1238 1119 cibum
1264 1089 1340 1118 dedi.
1374 1092 1432 1128 Ego
1458 1092 1583 1130 propius
1606 1090 1642 1117 ad
1667 1090 1844 1127 scripturam
1868 1088 1919 1118 sed
1940 1100 2044 1118 aurum

87 1132 164 1163 dedi.
206 1134 254 1161 Ait
278 1135 365 1162 Cato:
388 1141 544 1174 postquam
568 1141 675 1163 nautas
696 1145 736 1163 ex
760 1133 881 1162 navibus
904 1132 1013 1169 eduxi,
1037 1144 1094 1161 non
1118 1144 1158 1161 esc
1179 1132 1322 1161 militibus
1344 1140 1432 1173 atque
1454 1135 1551 1162 nautis
1568 1132 1634 1173 feci
1653 1134 1813 1171 piscatores
1837 1139 1863 1160 et
1885 1139 2044 1168 venatores,

86 1175 144 1204 hoc
169 1181 228 1212 est,
261 1186 321 1204 non
346 1177 386 1204 eis
411 1177 489 1212 dix»,
521 1181 554 1204 ut
577 1177 600 1204 si
625 1177 711 1205 edere
734 1177 861 1213 vellent,
898 1177 944 1204 vel
966 1176 1153 1214 piscarentur
1177 1176 1225 1203 vel
1250 1182 1448 1211 venarentur,
1486 1175 1536 1205 sed
1559 1177 1599 1204 eis
1623 1176 1721 1203 cibum
1745 1173 1827 1211 dedi,
1861 1174 1906 1202 vel
1930 1185 2044 1211 aurum,

87 1229 146 1257 quo
172 1218 268 1247 cibum
293 1224 448 1256 pararent3
472 1229 563 1257 quare
588 1224 667 1248 certa
691 1224 735 1248 est
758 1220 930 1247 coniectura
953 1229 1025 1248 mea.
1051 1218 1103 1246 Da
1113 1229 1137 1247 c.
1171 1217 1297 1247 Nautas.
1333 1219 1477 1247 Nativitas
1501 1219 1548 1247 vel
1571 1218 1696 1246 navitas.
1729 1217 1804 1245 Vide
1827 1226 1916 1255 supra
1935 1216 2045 1247 Navia·

89 1259 197 1291 Goth.
235 1260 463 1291 Ficiscedarum.
503 1262 718 1290 Ficedularum.
766 1260 875 1290 Idem.

251 1302 409 1334 Pilates.
455 1305 495 1331 De
517 1305 606 1343 pilate
628 1304 727 1343 lapide
746 1303 821 1332 nihil
838 1303 948 1339 habeo,
972 1302 1053 1341 quod
1071 1302 1184 1340 dicam,
1207 1302 1248 1332 ita
1272 1313 1362 1343 super
1385 1313 1419 1332 eo
1444 1303 1493 1331 alii
1518 1313 1620 1331 omnes
1643 1301 1805 1341 scriptores
1826 1305 1935 1331 tacent.
1957 1300 2044 1330 Dac.

87 1344 208 1374 Pilatcs.
237 1346 375 1375 Pelastes.
427 1345 531 1375 Goth.

249 1387 469 1419 Peculatus.
518 1389 591 1418 Vide
614 1400 715 1429 supra.

250 1429 465 1469 Peregrina.
511 1432 585 1461 Vide
608 1433 747 1466 Verrium
772 1443 808 1461 ex
832 1432 927 1460 Plinio
951 1432 1001 1462 lib.
1016 1432 1153 1462 XXVIII.
1172 1443 1236 1472 cap.
1249 1435 1279 1464 2.
1305 1432 1341 1461 de
1365 1432 1420 1461 diis
1445 1432 1591 1468 evocatis,
1616 1431 1652 1460 de
1675 1430 1783 1469 quibus
1807 1431 1891 1469 plura
1915 1428 2045 1459 Macrob.

84 1472 201 1501 lib.111.
226 1472 263 1512 (c.
276 1474 304 1504 5.
331 1473 384 1501 Da
396 1473 434 1513 c.)
459 1476 519 1505 Sat.
544 1475 630 1504 Ant.
650 1477 746 1514 Aug.
791 1475 823 1502 In
849 1476 1124 1514 oppugnationibus
1148 1481 1215 1504 ante
1239 1476 1334 1504 omnia
1359 1476 1533 1504 Sacerdotes
1559 1475 1679 1502 Romani
1705 1475 1812 1509 Deum,
1839 1472 1923 1500 cuius
1945 1472 1975 1500 in
1998 1476 2047 1499 tu-

84 1516 144 1544 tela
162 1521 239 1544 esset
259 1516 424 1554 oppidum,
449 1517 530 1555 quod
555 1518 763 1553 obsidebatur,
788 1518 886 1544 verbis
911 1520 1062 1555 conceptis
1086 1518 1266 1553 evocabant,
1290 1519 1561 1556 promittebantque
1585 1518 1627 1545 illi
1652 1517 1777 1545 eundem
1800 1521 1850 1544 aut
1873 1514 2046 1553 ampliorem

83 1559 184 1587 locum
208 1558 391 1596 cultumque.
422 1559 511 1589 Dac.
550 1561 670 1588 Servius
691 1561 725 1587 II.
750 1561 821 1589 Aen.
847 1560 883 1587 ad
907 1561 955 1587 illa
980 1560 1086 1588 verba:
1118 1559 1276 1589 Excessere
1299 1571 1397 1588 omnes
1419 1560 1509 1588 aditis
1532 1561 1648 1599 arisque
1671 1558 1788 1588 relictis.
1828 1557 1912 1585 Adde
1934 1557 1996 1587 l.9.
2021 1558 2045 1593 §-

84 1601 161 1630 illud
183 1601 356 1630 notandum.
379 1605 409 1633 2.
434 1603 464 1629 in
487 1602 535 1631 fin.
561 1602 590 1631 ss'.
615 1603 651 1630 de
674 1613 773 1630 rerum
798 1602 884 1630 divis.
913 1601 1017 1631 Goth.
1055 1601 1180 1630 Conlata
1205 1607 1308 1630 conata
1333 1603 1379 1630 vel
1402 1610 1516 1631 concta.
1562 1601 1672 1630 Idem.

250 1642 447 1672 Potitium.
472 1645 531 1681 (Ad
555 1645 681 1683 p.207.)
708 1645 835 1673 Verbum
858 1643 1047 1682 profanasset
1072 1650 1115 1672 est
1139 1645 1218 1682 apud
1244 1645 1384 1672 Catonem
1410 1645 1445 1673 de
1468 1655 1499 1673 re
1522 1646 1633 1673 rustica
1658 1646 1696 1681 (c.
1712 1646 1762 1676 50.
1787 1648 1815 1672 et
1840 1643 1932 1678 132).
1971 1641 2045 1669 Item

85 1685 169 1724 quod
194 1684 244 1720 ait,
266 1696 306 1713 σα·
318 1684 449 1725 familia
472 1697 590 1714 nurnero
614 1686 783 1722 duodecim,
807 1692 976 1725 suspectum
1000 1692 1053 1716 est.
1085 1688 1157 1715 Nam
1176 1688 1273 1715 Livius
1295 1687 1344 1715 lib.
1360 1688 1409 1715 IX.
1427 1690 1464 1723 (c.
1480 1690 1542 1724 29.)
1559 1687 1661 1715 scribit
1685 1698 1721 1715 ex
1745 1686 1902 1714 duodecim
1926 1683 2045 1712 familiis

84 1728 207 1765 triginta
230 1727 355 1765 puberes
379 1728 485 1764 fuisse,
519 1733 548 1757 et
572 1729 666 1759 Valer.
692 1730 770 1759 Max.
794 1730 843 1758 lib.
859 1729 880 1757 I.
906 1732 1035 1767 cap-11.
1084 1730 1152 1757 Ideo
1177 1730 1273 1757 deleto
1296 1741 1336 1758 ια·
1359 1730 1533 1758 scriberem:
1567 1741 1632 1758 cum
1657 1737 1746 1757 essent
1761 1726 1905 1768 familiae
1927 1735 2045 1754 nurnero

86 1768 251 1799 duodecim.
289 1769 362 1797 Vide
381 1769 519 1800 Putitum.
541 1771 626 1802 Ant.
648 1772 740 1811 Aug.
780 1772 895 1800 Scribe:
921 1783 985 1800 cum
1007 1780 1097 1800 essent
1120 1783 1167 1800 eae
1180 1771 1327 1813 familiae
1350 1783 1467 1800 numero
1491 1771 1655 1800 duodecim.
1680 1771 1779 1800 scal.
1819 1769 1993 1799 Potitiorum
2018 1772 2045 1795 et

84 1813 272 1841 Pinariorum
295 1812 436 1840 familiam
461 1813 597 1842 Herculis
620 1814 781 1843 ministram
806 1815 895 1843 fuisse
920 1815 965 1842 vel
989 1815 1088 1852 pueris
1112 1819 1215 1843 notum
1240 1820 1290 1843 est.
1325 1815 1396 1844 Vide
1416 1815 1517 1852 virgil.
1541 1814 1591 1842 lib.
1607 1813 1682 1842 VIII.
1700 1813 1802 1851 (269.)
1819 1817 1848 1841 et
1870 1812 1942 1839 ibid.
1962 1811 2044 1838 Serv-

84 1854 163 1884 Vide
185 1860 215 1883 et
238 1855 359 1894 Dionys.
383 1855 533 1885 Halicarn.
555 1857 604 1885 lib.
618 1857 638 1885 1.
686 1858 726 1886 De
747 1868 813 1894 ara,
847 1867 921 1896 quae
950 1857 1072 1895 proprie
1103 1858 1231 1886 maxima
1262 1857 1430 1894 dicebatur,
1467 1858 1534 1886 vide
1557 1858 1640 1885 Serv.
1665 1857 1701 1885 ad
1729 1856 1805 1884 illud
1831 1854 1929 1892 virgil.
1957 1852 2042 1893 (Aen.

85 1897 172 1934 VIII,
195 1895 298 1936 271.):

624 1941 715 1972 Hanc
738 1953 820 1971 aram
844 1941 911 1972 luco
934 1943 1051 1978 statuit,
1078 1953 1152 1982 quae
1174 1943 1311 1971 maxima
1334 1954 1444 1982 semper

622 1984 745 2014 Dicetur
766 1984 851 2014 nobis
873 1993 898 2013 et
922 1985 975 2013 erit
999 1995 1073 2024 <litae
1095 1986 1231 2013 maxima
1252 1996 1370 2024 semper.

87 2025 124 2054 Et
147 2022 235 2055 Ovid.
259 2022 396 2064 (Fast.1,
419 2024 524 2067 581.):

624 2066 837 2109 constituitque
857 2067 930 2105 sibi,
961 2080 1034 2108 quae
1056 2070 1193 2098 maxima
1218 2068 1341 2105 dicitur,
1367 2080 1460 2099 aram.

87 2109 175 2138 Dac.
202 2107 402 2148 Profanasset.
433 2109 629 2150 Profanatum
653 2119 707 2147 est,
731 2111 811 2151 quod
834 2113 863 2140 in
886 2113 1020 2139 sacrario
1041 2110 1215 2150 polluctum.
1251 2112 1343 2139 Varro
1368 2112 1418 2140 lib.
1434 2112 1465 2139 V.
1488 2111 1525 2139 de
1548 2111 1580 2139 L.
1600 2111 1631 2140 L.
1656 2109 1719 2149 (lib.
1734 2109 1780 2137 VI.
1798 2119 1862 2147 pag.
1876 2111 1947 2140 230.
1964 2106 2039 2146 Sp)-

87 2151 196 2180 Idem.
240 2150 336 2191 Usque
358 2151 399 2180 ad
420 2153 553 2192 Appium
580 2152 745 2183 Claudium.
785 2154 864 2182 Idem
891 2154 989 2181 Livius
1013 2155 1061 2182 lib.
1077 2154 1125 2181 IX.
1150 2165 1212 2192 cap.
1227 2155 1293 2186 29,;
1323 2153 1431 2182 Eodem
1454 2153 1558 2193 Appio
1580 2160 1699 2181 auctore
1719 2150 1831 2180 Potitia
1851 2162 1936 2190 gens,
1961 2151 2040 2178 cuius

86 2193 127 2222 ad
149 2205 233 2222 aram
256 2195 422 2223 man-imam
446 2194 586 2223 Herculis
606 2195 759 2235 familiare
780 2195 976 2225 sacerdotium
997 2196 1113 2235 fuerat,
1147 2207 1243 2224 servos
1268 2195 1405 2235 publicos
1431 2196 1586 2224 ministerii
1608 2192 1762 2232 delegandi
1784 2205 1888 2223 caussa
1910 2191 2040 2221 solennia

86 2239 146 2265 eius
167 2236 247 2265 sacri
271 2235 418 2265 docuerat.
462 2236 606 2265 Traditur
627 2236 695 2265 inde
719 2237 800 2267 dictu
823 2237 958 2267 mirabile
979 2246 1005 2266 et
1028 2238 1108 2279 quod
1131 2237 1313 2267 dimovendis
1335 2246 1412 2267 statu
1435 2249 1486 2268 suo
1509 2239 1602 2266 sacris
1626 2236 1794 2276 religionem
1814 2236 1917 2277 facere
1935 2234 2036 2273 p035i¹›

86 2290 175 2318 quum
199 2277 354 2307 duodecim
374 2278 515 2318 familiae
537 2291 569 2307 ea
593 2287 759 2319 tempestate
782 2279 958 2309 Potitiorum
982 2288 1090 2317 essent‚·
1125 2281 1245 2320 puberes
1267 2280 1308 2308 ad
1332 2282 1468 2318 triginta,
1505 2291 1603 2309 omnes
1631 2280 1709 2307 intra
1732 2290 1839 2307 annum
1865 2288 1928 2306 cum
1950 2275 2037 2312 stirpe

85 2323 252 2350 extinctos:
276 2333 327 2349 nec
350 2333 452 2350 nomen
476 2330 589 2350 tantum
613 2321 785 2351 Potitiorum
810 2324 966 2358 interiisse,
990 2322 1040 2351 sed
1066 2322 1216 2352 Censorem
1239 2324 1326 2351 eliam
1344 2324 1494 2363 Appium,
1517 2323 1638 2351 memori
1656 2322 1748 2350 Deum
1772 2323 1817 2349 ira
1838 2326 1903 2358 post
1923 2316 2036 2354 aliquot

86 2373 180 2393 annos
202 2361 362 2392 luminibus
385 2372 514 2403 captum.
546 2364 623 2392 llaec
641 2365 703 2393 Liv.
736 2365 811 2394 Vide
829 2365 970 2394 Putitium
994 2365 1078 2394 infra.
1109 2366 1140 2393 ld
1165 2371 1261 2394 autem
1286 2367 1394 2394 accidit
1417 2375 1486 2394 ann.
1508 2365 1543 2393 ab
1569 2365 1601 2393 U.
1620 2365 1649 2392 C.
1675 2364 1801 2392 CDLXI.
1825 2363 1906 2390 Dae.
1943 2357 2036 2387 Pina-

87 2407 162 2443 rius,
184 2404 266 2446 quod
288 2417 346 2435 non
368 2405 476 2447 adfuit.
507 2407 634 2436 Pinariis
658 2412 687 2436 et
702 2409 817 2436 Potitiis
841 2408 1010 2437 ostenderat
1027 2409 1179 2445 Hercules,
1204 2414 1235 2437 ut
1253 2408 1310 2437 sibi
1331 2418 1417 2438 mane
1439 2413 1467 2438 et
1489 2407 1606 2446 vesperi
1629 2417 1713 2435 sacra
1736 2407 1874 2434 facerent.
1902 2402 2036 2431 Perfecto
