2263 2668
241 181 317 219 522
667 174 1013 210 COMMENTARII
1039 177 1088 211 IN
1114 175 1256 210 PAULI
1282 172 1479 209 DIACONI
1505 173 1763 210 EXCERPTA

243 275 300 305 Hic
321 275 382 304 duo
405 270 555 309 negativae
576 278 631 307 pro
655 277 713 296 una
737 267 944 306 accipiendae,
982 273 1018 297 ut
1039 268 1120 307 apud
1142 268 1269 298 Nonium
1292 268 1321 297 in
1344 266 1506 306 Negativas
1529 265 1603 296 duas
1625 268 1703 308 (pag.
1717 271 1790 301 530.
1815 271 1888 301 532.
1911 270 2022 306 Merc.).
2061 272 2096 300 Et
2119 272 2150 300 in
2172 272 2192 301 l,

244 318 360 348 duobus
382 312 522 350 negativis
545 312 617 342 237.
631 310 661 339 ff.
687 309 723 338 de
748 310 866 339 verbor.
889 311 985 348 signif.
1034 310 1138 341 Goth.

404 355 524 384 Nemo.
570 353 593 380 Δ
616 364 650 380 ne
672 363 727 391 pro
749 364 806 382 non
830 357 858 381 et
880 353 967 383 homo
990 354 1038 381 vel
1061 353 1161 390 hemo,
1190 358 1222 381 ut
1245 352 1357 390 antiqui
1381 351 1528 380 dicebant.
1574 352 1667 383 Nemo
1690 359 1789 383 autem
1813 359 1841 382 et
1863 352 1961 383 nullus
1985 364 2019 382 eo
2043 355 2192 393 differunt,

244 401 323 440 quod
351 408 432 426 nemo
462 395 498 424 de
525 405 655 434 persona
684 400 818 432 tantum,
855 394 953 425 nullus
984 401 1044 425 tam
1069 397 1105 425 de
1126 406 1158 425 re
1182 405 1270 434 quam
1294 395 1329 423 de
1351 404 1494 433 persona3
1533 395 1589 423 etsi
1611 407 1694 424 nemo
1717 395 1778 425 dies
1800 397 1911 425 alicubi
1933 407 1979 425 me
2003 397 2105 434 legisse
2127 409 2193 427 me-

243 443 324 472 mini.
368 439 458 469 Dac-

403 479 497 510 Neci
519 477 641 508 datus.
685 480 750 508 Non
773 484 887 509 tantun]
912 480 948 509 de
972 491 1024 517 eo,
1057 480 1108 519 qui
1130 490 1247 509 veneno
1271 479 1319 508 vel
1341 479 1418 507 fame
1441 483 1564 508 necatus
1587 485 1647 515 est,
1679 480 1732 509 sed
1754 487 1781 509 et
1803 490 1910 516 manu3
1937 485 1969 509 ut
1991 492 2102 510 necare.
2145 482 2193 511 Sic

237 525 319 567 ferro
347 531 374 552 et
398 522 479 564 fuste
506 533 607 551 necare
636 521 713 552 dixit
736 523 905 560 Sallustius,
941 523 1035 552 securi
1064 534 1166 553 necare
1188 523 1303 558 Livius,
1343 520 1508 550 verberibus
1535 529 1561 549 et
1589 521 1646 551 telo
1678 534 1782 552 necare
1806 524 1957 562 Ulpianus.
2004 524 2076 552 Vide
2105 524 2193 554 occi—

241 579 315 598 sum.
359 566 447 596 Dac.

404 607 679 636 Necessarium.
725 607 748 636 A
773 619 807 635 ne
830 613 859 636 et
881 618 976 644 cesso,
1000 607 1048 635 vel
1072 618 1087 635 a
1108 618 1160 636 nec
1183 612 1211 636 et
1234 617 1300 636 esse.
1340 606 1419 642 Quia
1442 606 1505 634 sine
1529 616 1563 634 eo
1588 617 1641 635 nec
1661 618 1724 636 esse
1745 618 1918 646 possumuS‚
1941 618 1995 636 nec
2018 608 2092 636 bene
2114 618 2192 644 esse3

241 650 309 680 inde
335 651 502 686 necessarii,
543 650 658 686 cognati
684 655 712 679 et
735 650 861 687 adfines,
899 655 926 679 et
949 647 1144 687 necessitudo,
1183 650 1338 678 vinculum
1368 648 1527 677 adfinitatis
1552 654 1580 677 et
1603 651 1794 686 cognationis.
1840 651 1952 679 Gloss.:
1990 650 2191 689 Necessitudo,

241 691 357 734 ἀνάγκη
381 692 455 723 κατὰ
477 692 595 729 φιλίαν,
619 694 768 731 καθῆκον.
799 693 872 721 Item
896 693 1064 728 necessarii,
1087 693 1210 729 οἰκεῖοι,
1235 689 1403 731 ἀναγκαῖοι.
1427 691 1517 720 Dac.
1559 690 1695 730 opillius.
1729 693 1854 732 Opilius.
1885 692 2050 723 Prohiberi.
2081 693 2191 722 Prohi-

240 736 320 765 bere.
350 734 544 764 Necessarius.
578 734 710 772 Οἰκεῐος,
734 733 905 775 ἀναγκαῖος.
950 733 985 763 In
1009 746 1081 775 quos
1103 735 1264 764 necessaria
1288 734 1400 775 officia.
1432 734 1470 762 Ut
1491 733 1675 773 haereditas,
1700 746 1790 774 quam
1814 736 1913 765 liberis
1936 735 2086 764 debemus.
2124 735 2190 765 Vid.

242 779 338 807 Instit.
359 777 396 806 de
417 776 578 805 haeredum
602 777 753 815 qualitate.
801 776 905 807 Goth.

402 817 620 858 Neglegens.
665 820 726 849 Nec
750 819 860 859 legens,
884 831 900 848 c
922 819 954 847 in
974 830 1010 858 g,
1032 823 1066 848 ut
1088 830 1138 849 nec
1160 820 1266 855 otium,
1290 818 1445 857 negotium.
1491 816 1663 857 Negligens‚
1688 820 1739 857 qui
1761 830 1821 848 non
1844 820 1932 858 legit,
1955 819 1987 848 id
2012 824 2056 849 est
2079 819 2191 858 deligit.

241 861 335 889 Varro
358 861 408 890 lib.
424 861 456 890 V.
481 861 516 889 de
541 862 571 889 L.
591 862 634 890 L.:
664 861 850 902 Negligentia
872 862 962 901 igitur
984 872 1024 890 ex
1046 872 1077 890 eo
1100 861 1180 902 quod
1202 863 1267 901 quis
1292 873 1350 889 non
1373 868 1473 889 utatur
1496 859 1623 890 dilectu.-
1655 860 1809 901 diligentia
1833 870 1951 898 contra,
1979 863 2049 902 quia
2071 861 2190 902 diligat,

240 903 295 933 Izoc
317 910 358 932 est
381 901 497 941 deligat.
519 903 608 934 Dac.
645 903 782 934 Electum.
815 905 970 933 Dilectum.
1001 904 1075 932 Vide
1100 915 1190 943 supra
1212 903 1368 933 Dilectum.
1418 901 1524 932 Goth.

403 944 478 973 Nec
506 946 737 977 coniunctio.
781 945 843 975 Nec
873 946 1113 976 coniunctionem.
1160 947 1193 974 [n
1225 946 1325 974 verbis
1347 945 1412 976 ΧΠ,
1436 945 1605 974 tabularum
1635 946 1753 974 relatis:
1790 946 1851 975 Ast
1879 947 1905 975 ei
1932 953 2030 975 custos
2058 946 2188 976 necescit.

240 986 330 1024 Item,
353 987 379 1016 si
401 985 508 1016 adorat
522 987 612 1029 furto
636 994 691 1018 etc.
716 990 867 1018 crederem
892 989 981 1017 scribi
1005 995 1160 1027 oportere,
1186 1000 1238 1017 nec
1260 990 1327 1025 esst,
1353 993 1381 1016 et
1406 988 1528 1016 verbum
1553 986 1662 1017 adorat
1684 988 1850 1026 significare
1872 996 1961 1028 agat,
1986 994 2019 1017 ut
2041 989 2118 1017 idem
2137 989 2190 1017 Fe-

239 1034 303 1058 stus
326 1029 429 1058 scribit
450 1030 542 1058 verbo
564 1030 697 1060 adorare.
742 1032 837 1060 Varro
861 1032 910 1060 lib.
922 1031 1000 1060 Vlll.
1023 1031 1059 1059 de
1084 1033 1165 1069 Ling.
1188 1032 1249 1061 Lat.
1273 1032 1355 1070 (pag.
1370 1033 1440 1063 530.
1456 1042 1515 1070 seq.
1541 1032 1620 1069 Sp.):
1657 1030 1729 1059 Sum
1753 1031 1834 1072 quod
1856 1043 1933 1060 nunc
1955 1030 2080 1068 dicitur,
2103 1030 2189 1060 dice-

240 1071 325 1100 batur
346 1083 439 1109 esum,
463 1079 489 1100 et
513 1073 543 1101 in
567 1073 700 1102 omnibus
719 1074 851 1114 personis
873 1073 1029 1103 constabat
1052 1073 1132 1114 quoti
1155 1073 1307 1102 dicebatur
1329 1085 1421 1109 esum,
1452 1085 1495 1109 es,
1526 1081 1585 1111 est‚·
1616 1084 1710 1111 eram,
1733 1085 1812 1109 eras,
1836 1081 1916 1112 erat‚·
1946 1085 2007 1109 ero,
2031 1075 2101 1110 eris,
2125 1074 2189 1104 erit.

238 1113 293 1142 Vel
315 1115 367 1142 esit
390 1114 536 1152 significat
559 1117 627 1152 erit,
653 1117 699 1145 vel
722 1118 758 1145 sit
783 1122 811 1145 et
835 1122 960 1154 utroque
984 1127 1053 1145 casu
1077 1117 1195 1144 videtur
1219 1116 1318 1144 deesse
1342 1117 1375 1144 si.
1419 1115 1480 1145 Ast
1503 1117 1530 1144 si
1551 1117 1576 1144 ei
1600 1123 1695 1144 custos
1719 1128 1771 1145 nec
1793 1117 1845 1145 esit
1895 1115 1952 1145 Sed
1976 1116 2045 1144 escit
2069 1126 2189 1154 quoque

238 1156 383 1193 significat
405 1158 475 1193 erit,
507 1158 539 1185 ut
561 1158 591 1185 in
615 1159 711 1187 littera
736 1158 778 1196 E,
808 1163 836 1187 et
859 1160 1021 1198 superescit.
1044 1159 1130 1188 Ant.
1155 1159 1249 1197 Aug.
1292 1159 1324 1187 In
1347 1159 1446 1187 verbis
1471 1159 1537 1187 XII.
1561 1158 1734 1187 tabularum
1758 1159 1914 1187 Turnebus
1938 1158 2093 1195 legendum
2119 1168 2188 1186 cen-

237 1203 297 1235 set,
326 1210 424 1228 carcer
446 1207 543 1228 custos
567 1212 618 1230 nec
640 1202 691 1230 esit
713 1212 769 1241 pro
793 1209 838 1230 ast
861 1202 887 1230 ei
909 1208 1006 1230 custos
1028 1213 1078 1230 nec
1102 1202 1164 1230 esit.
1211 1201 1300 1236 Quod
1330 1202 1402 1240 quid
1431 1202 1483 1238 sit,
1520 1211 1572 1238 ego
1602 1201 1773 1240 plane.non
1797 1212 1948 1240 assequor.
1981 1200 2081 1230 Scal.
2125 1199 2189 1229 Nec

236 1251 292 1280 pro
316 1252 372 1270 non
396 1242 427 1269 in
450 1241 504 1279 leg.
519 1242 584 1272 XII.
610 1243 685 1272 iab.:
725 1242 773 1272 Sei
791 1242 926 1283 furiosus
947 1244 1067 1279 existit,
1104 1252 1149 1272 ast
1173 1244 1198 1272 ei
1221 1251 1317 1272 custos
1339 1255 1391 1273 nec
1415 1245 1477 1272 esit.
1522 1243 1586 1271 Esit
1610 1254 1663 1282 pro
1687 1245 1747 1273 erit.
1772 1244 1859 1273 Dac.
1906 1243 1941 1272 Si
1963 1242 2069 1271 adorat
2086 1242 2187 1284 furto.

238 1283 313 1311 Vide
334 1282 483 1312 Δάοι-αντ.
527 1284 623 1324 Apud
646 1285 784 1315 Plautum
811 1287 841 1314 in
867 1285 1028 1324 phasmate.
1075 1286 1199 1314 Phasma
1231 1286 1386 1314 dicebatur
1414 1287 1483 1314 olim
1507 1287 1604 1314 Plauti
1634 1286 1749 1322 sabula,
1788 1297 1862 1325 quae
1890 1297 1971 1314 nunc
1995 1285 2187 1314 Mostellaria.

240 1325 337 1354 Locus
360 1331 403 1354 est
426 1327 515 1355 act.1.
539 1337 578 1356 sc.
592 1330 621 1360 3.
645 1328 686 1366 (v.
700 1327 773 1366 83).
819 1329 876 1356 sed
906 1333 934 1356 et
964 1329 1045 1366 apud
1070 1329 1205 1357 Plautum
1236 1334 1264 1356 et:
1292 1329 1368 1367 apud
1393 1329 1561 1367 Turpilium
1592 1329 1746 1365 legendum
1779 1334 1821 1357 est
1846 1337 1972 1357 necrecte
1994 1328 2080 1355 unica
2105 1337 2187 1363 voce,

237 1368 287 1397 vel
309 1376 433 1404 ner-ecte,
458 1374 486 1397 et
509 1369 538 1397 in
562 1370 660 1399 verbis
683 1371 812 1411 'l'urpilii
836 1370 995 1399 delendum
1020 1370 1108 1410 quod.
1133 1372 1223 1400 Dac.
1261 1371 1489 1400 Disiunctivam.
1521 1371 1601 1399 Idem
1626 1371 1737 1399 fatetur
1754 1372 1906 1409 Augustin.
1931 1372 1961 1398 in
1981 1371 2187 1399 Grammaticis

235 1412 400 1449 praeceptis
424 1410 503 1449 (pag.
515 1415 609 1444 2013.
632 1412 692 1452 P.)‚
717 1414 796 1451 quod
820 1418 916 1441 tamen
940 1423 998 1440 non
1023 1414 1186 1441 faterentur
1209 1414 1313 1442 nostri.
1360 1414 1400 1441 De
1424 1423 1483 1452 quo
1506 1414 1573 1441 vide
1599 1414 1744 1441 Alciaium
1770 1414 1800 1441 in
1825 1414 1840 1443 l.
1866 1414 1889 1441 si
1914 1413 1988 1451 quis.
2015 1415 2084 1443 133.
2097 1412 2128 1440 ff.
2150 1412 2187 1440 de

236 1452 353 1482 verbor.
377 1453 450 1491 sign.
475 1453 526 1483 Ab
550 1456 681 1495 antiquis
700 1466 755 1495 pro
780 1466 845 1485 non.
876 1456 905 1484 L.
921 1458 946 1486 1.
971 1456 993 1494 ᾗ
1018 1457 1053 1484 ad
1077 1455 1188 1484 fiscum.
1217 1456 1309 1487 18.ff.
1333 1461 1365 1484 ut
1388 1456 1550 1494 legatorum
1574 1456 1691 1483 nominc
1716 1456 1733 1484 l.
1747 1458 1778 1487 3.
1803 1457 1826 1483 si
1851 1456 1919 1485 duo.
1947 1458 1995 1486 10.
2010 1455 2038 1484 ff.
2064 1455 2099 1483 de
2116 1455 2186 1483 Car-

234 1495 373 1524 boniano.
410 1494 483 1526 Esit.
519 1497 593 1525 Vide
615 1507 704 1536 supra
730 1496 829 1536 Escit‚·
853 1503 881 1526 et
904 1499 981 1526 inl'ra
1005 1497 1177 1537 Superescit.
1216 1497 1251 1526 Si
1273 1497 1389 1527 adorat.
1431 1499 1505 1527 Vide
1528 1509 1618 1537 supra
1641 1497 1775 1527 adorare.
1823 1497 1927 1527 Goth.

399 1537 474 1567 Nec
503 1537 666 1568 mulieri.
710 1540 817 1568 Mulier
846 1541 876 1568 in
906 1542 1000 1568 veteri
1026 1540 1187 1578 proverbio
1212 1540 1326 1568 Graeco
1351 1545 1394 1569 est
1417 1542 1494 1569 inter
1517 1551 1565 1578 ea,
1605 1550 1681 1579 quae
1704 1541 1790 1570 facile
1811 1540 1945 1569 beneficii
1969 1540 2084 1579 accepti
2107 1539 2185 1568 obli-

236 1580 399 1610 viscuntur.
445 1581 637 1610 proverbium
662 1582 692 1611 id
716 1587 777 1611 est:

771 1620 900 1662 Μήποτ’
923 1618 958 1654 εὖ
978 1623 1076 1663 ἕρδειν
1099 1623 1238 1663 γέροντα,
1274 1619 1388 1663 μήποτ’
1412 1619 1452 1654 αὖ
1472 1622 1553 1660 τινὸς
1575 1622 1652 1655 κύνα

771 1665 826 1704 Mo}
849 1665 990 1705 γέροντα,
1023 1664 1063 1704 μὴ
1085 1670 1227 1705 γυναῖκα,
1259 1665 1299 1705 μή
1322 1666 1413 1697 λάλον
1436 1664 1627 1707 κωπηλάτην.

237 1703 336 1735 Scal.
366 1706 407 1735 De
430 1707 541 1745 gremio
565 1713 662 1737 autem
685 1709 762 1738 belle
785 1708 946 1737 admodum
970 1709 1104 1736 Catullus
1128 1707 1198 1748 (65,
1225 1711 1273 1739 19.
1287 1708 1400 1750 seqq.):

772 1751 810 1780 Ut
833 1751 953 1779 missum
975 1752 1075 1790 sponsi
1089 1750 1208 1791 furtivo
1231 1763 1346 1780 munere
1369 1750 1480 1780 malum

810 1792 962 1822 Procurrit
984 1800 1066 1822 casto
1088 1794 1210 1833 virginis
1231 1805 1245 1822 e
1264 1795 1386 1833 gremio,

770 1834 858 1874 Quod
881 1836 1002 1864 miserae
1024 1835 1133 1865 oblitae
1155 1835 1241 1865 molli
1261 1836 1314 1865 sub
1336 1843 1411 1864 veste
1433 1835 1575 1873 locatum,

809 1877 889 1906 Dum
913 1876 1038 1906 adventu
1061 1878 1163 1906 matris
1183 1878 1318 1918 prosilit,
1341 1879 1501 1915 excutitur,

766 1919 868 1959 Atque
890 1918 967 1948 illuct
989 1931 1082 1959 prono
1102 1931 1242 1960 praeceps
1265 1922 1364 1960 agitur
1387 1943 1393 1949 .
1417 1943 1423 1949 .
1447 1942 1452 1948 .
1478 1943 1484 1949 .
1508 1918 1641 1956 decursu,

239 1993 268 2022 D
809 1961 894 1992 Huic
915 1969 1017 1991 manat
1039 1963 1117 1991 tristi
1138 1964 1273 1992 conscius
1295 1975 1344 1993 ore
1365 1962 1462 1993 rubor.

276 2004 326 2023 ac.

399 2039 648 2083 Necunquam.
694 2044 782 2075 Forte
804 2056 819 2075 e
841 2046 924 2075 libris
949 2046 1132 2077 Pontificum.
1164 2046 1253 2076 Dae.
1297 2047 1467 2084 Legendum
1490 2046 1693 2087 Necunquem‚
1726 2045 1774 2074 vel
1796 2044 1996 2086 Necunquom.

400 2079 602 2122 Nequalia.
646 2086 691 2115 An
714 2099 729 2116 a
752 2100 787 2117 ne
809 2094 837 2117 et
860 2088 978 2129 qualia,
1002 2090 1049 2118 vel
1073 2100 1088 2117 a
1111 2101 1146 2118 ne
1168 2095 1197 2118 et
1219 2088 1371 2130 aequalia,
1396 2095 1428 2118 ut
1452 2090 1610 2127 legendum
1633 2089 1671 2116 sit
1695 2087 1850 2128 nequalia,
1874 2088 1990 2117 detrita.
2031 2089 2121 2117 Dae.

346 2162 353 2169 ,
399 2120 624 2169 Nequinum.
668 2130 703 2157 In
731 2131 861 2160 carmine
884 2132 958 2159 Livii
990 2142 1049 2160 non
1080 2137 1123 2160 est
1145 2133 1267 2161 verbum
1295 2134 1468 2172 nequinont,
1508 2137 1538 2160 et
1565 2141 1687 2167 vereor,
1723 2141 1759 2159 ne
1790 2141 1844 2169 pro
1869 2143 1958 2172 neque
1979 2142 2057 2160 nunc
2079 2131 2183 2171 nequi·-

238 2169 307 2190 nont
329 2166 368 2190 Slt
390 2165 585 2196 scribendum.
631 2171 713 2201 Ratio
737 2178 833 2202 autem
858 2174 997 2202 carminis
1020 2175 1106 2203 valde
1131 2175 1243 2203 incerta
1274 2181 1333 2210 est,
1374 2184 1553 2212 quacunque
1582 2175 1698 2202 ratione
1730 2173 1888 2204 scribatur.
1934 2174 2055 2203 Homeri
2077 2182 2182 2203 versus

238 2212 275 2232 εἴ
297 2204 442 2243 Odyssea,
471 2217 557 2245 quam
580 2211 679 2240 Livius
700 2216 799 2245 vertit.
823 2217 912 2246 Ant.
932 2216 1024 2255 Aug.
1070 2217 1166 2246 Verba
1190 2217 1265 2245 Livii
1290 2217 1453 2245 Andronici
1475 2217 1518 2245 sic
1540 2217 1682 2255 legenda:

382 2289 387 2294 ,
521 2291 526 2296 Ι
808 2257 921 2287 Partim
944 2266 1060 2295 errant,
1096 2261 1254 2300 nequinunt
1280 2257 1434 2288 Graeciam
1455 2258 1558 2288 redire.

237 2285 321 2317 Dac-
354 2288 428 2339 Vide
451 2291 587 2328 scahges·
611 2303 698 2331 s”Pra
722 2297 751 2324 in
775 2298 924 2339 Nequeunt
948 2311 1002 2339 pro
1026 2313 1084 2331 non
1106 2310 1179 2330 eunt.
1211 2301 1248 2331 L.
1285 2302 1341 2330 Alii
1364 2302 1464 2341 Neque
1487 2313 1572 2330 nunc.
1600 2301 1631 2329 A.
1673 2301 1721 2329 Sic
1743 2300 1820 2328 infra
1843 2298 2007 2330 Prodimm
2031 2309 2086 2338 pro
2108 2308 2179 2337 pro-

236 2328 344 2377 demin
366 2330 498 2380 s‘qm'm‘
522 2344 576 2372 Pro
599 2336 739 2373 redeuflss
764 2339 882 2369 obinunt
905 2353 960 2380 pro
984 2343 1102 2374 obeunt.
1139 2344 1286 2373 solinunt.
1308 2345 1329 2374 i.
1348 2354 1371 2372 e.
1396 2344 1499 2372 solent.
1540 2345 1584 2372 Ex
1607 2343 1665 2371 hoc
1688 2344 1754 2371 loco
1778 2343 1944 2371 verosimile
1967 2342 2039 2370 mihi
2060 2341 2110 2376 fit,
2132 2341 2179 2368 in-

235 2371 280 2399 fra
302 2382 333 2400 m
349 2371 452 2402 bolino
474 2385 533 2403 non
557 2376 694 2414 consulo,
718 2380 767 2408 sed
791 2381 866 2410 idem
888 2383 968 2422 quod
990 2385 1068 2413 soleo
1092 2388 1257 2421 loge-ndum.
1289 2386 1394 2415 Livius
1409 2387 1439 2415 in
1460 2384 1565 2426 Odyss.
1585 2386 1706 2414 Homeri
1722 2386 1833 2413 Graeca
1856 2385 1946 2413 verba
1970 2388 2048 2412 sunt.
2071 2381 2175 2412 Goth.

234 2413 422 2444 Hermann&
444 2426 580 2455 ‘’xpm-‘³⁸³
602 2424 688 2457 Putat
709 2430 747 2449 ex
769 2421 856 2452 Hom.
878 2425 985 2463 Odyss.
1001 2427 1058 2463 IV,
1081 2430 1155 2460 495.
1192 2429 1236 2458 Cf.
1259 2429 1359 2459 Herm.
1380 2429 1473 2458 Elem.
1497 2431 1593 2458 doctr.
1615 2433 1700 2458 metr.
1723 2430 1876 2466 pag-621.
