2263 2668
588 344 894 378 ADDENDA
937 346 1015 379 ΕΤ
1058 346 1500 382 CORRIGENDA.

80 486 85 491 .
233 443 451 492 Ad113ag.713.
498 443 642 474 Sedum.
689 443 737 473 Ibi
760 442 837 472 adde
859 442 948 474 haec:
978 447 1073 476 Stulte
1097 449 1230 486 quaerit,
1255 459 1346 488 quare
1369 448 1471 478 sedum
1494 452 1609 477 seratur
1630 448 1661 476 in
1684 449 1806 486 tegulis,
1830 453 1938 487 putans
1961 451 2017 478 sci-

67 487 135 514 hcet
165 485 203 514 ob
229 486 402 533 *rehgwnem
431 487 547 525 potius,
586 497 672 526 quam
704 492 839 515 naturam
868 486 948 515 illius
977 487 1086 519 herbae
1115 491 1173 520 hoc
1203 491 1275 522 fieri.
1308 490 1409 521 Scal.
1454 489 1563 520 Sedum
1589 491 1647 519 alio
1670 491 1789 520 nomine
1813 489 1892 520 Iovis
1915 491 2018 529 caulis,

67 537 181 576 semper
206 537 323 572 ngum‚
361 527 439 557 Iovis
463 528 556 557 barba
581 530 709 565 dicitur,
748 529 863 557 Gallice
888 528 1039 561 lonbarbe.
1084 533 1120 562 Et
1143 535 1173 562 in
1196 535 1304 572 tegulis
1326 535 1408 563 nasci
1431 538 1515 565 amat.
1539 549 1580 555 —
1604 533 1790 572 Quamquam
1814 533 1923 562 alicubi
1946 533 2017 563 mihi

65 571 169 609 leglsse
191 571 296 643 vjdeor
319 575 434 641 vetares
457 581 518 599 eam
540 572 572 600 in
595 573 701 611 tegulis
724 582 821 601 serere
845 572 948 601 solitos
972 573 1075 612 fuisse,
1111 577 1221 616 quippe
1249 577 1297 606 cui
1326 577 1386 606 vim
1416 577 1545 616 aliquam
1567 576 1766 606 sedandorum
1789 576 1946 606 fulminum
1969 577 2017 605 in-

65 623 127 642 esse
150 623 199 642 cre
225 618 318 642 erent.
401 623 453 642 ac.

222 665 289 702 Pag.
333 666 361 696 4.
386 673 414 693 V.
459 666 487 694 3.
512 663 547 691 ab
570 664 629 692 imo
653 675 708 703 pro
734 663 829 696 Gu.2.
854 665 907 703 leg.
934 663 988 694 Gu.
1004 669 1032 698 1.

228 731 270 737 —
335 717 364 747 9.
388 724 416 744 V.
441 716 490 747 20.
513 719 582 753 post
604 725 632 744 v.
658 714 776 745 Collina
799 716 875 745 adde
893 724 992 756 porta.

228 781 270 788 —
312 765 363 798 45,
386 775 415 794 v.
462 768 489 796 1.
511 764 574 803 lege
596 777 633 795 ac
652 767 679 795 si
698 768 843 807 propriis,
868 767 949 806 quod
971 778 1032 797 non
1054 769 1133 798 clare
1157 780 1329 810 expressum
1354 771 1483 801 videtur.

227 833 269 839 —
295 819 363 848 101.
387 826 414 845 V.
441 818 488 848 18.
510 816 572 854 lege
595 818 778 847 coniunctim
801 817 998 859 vehiculoque.

228 883 269 890 —
293 870 363 900 117.
387 877 414 897 V.
460 869 489 899 6.
512 877 570 906 pro
593 869 689 908 scapit
711 869 775 907 lege
798 867 901 898 scabit.

228 936 268 940 —
293 921 362 952 166.
387 929 413 948 V.
438 921 486 950 11.
507 929 564 958 pro
587 921 697 959 gagina
719 921 783 958 lege
803 920 924 959 pagina.

226 985 268 992 —-
292 972 361 1002 167.
384 979 414 998 V.
458 971 486 1001 3.
511 969 547 998 ab
571 970 630 999 imo
654 981 710 1010 pro
733 969 938 1000 Manticulari
959 986 1000 993 -
1023 972 1085 1009 lege
1108 971 1356 1003 Manticularum.

228 1036 269 1041 —-
295 1022 364 1053 173.
387 1025 448 1050 not.
461 1023 490 1052 7.
512 1031 570 1060 pro
594 1020 670 1050 Ριιυί
691 1022 755 1060 lege
777 1021 861 1051 Puri.

230 1087 265 1092 —
293 1073 363 1104 175.
386 1077 449 1101 not.
462 1073 490 1103 9.
516 1082 570 1111 pro
593 1072 709 1112 Mugor
728 1073 791 1111 lege
814 1071 927 1102 Maior.

226 1138 267 1144 -
289 1124 362 1154 302.
386 1132 415 1152 V.
441 1125 490 1155 10.
512 1133 568 1162 pro
590 1122 702 1153 vadsch
724 1122 823 1163 (vadj)
846 1124 910 1161 lege
932 1122 1035 1152 veisch
1058 1120 1157 1162 (vak‘).

226 1189 268 1195 —
291 1175 362 1206 305.
388 1184 416 1203 v.
460 1175 489 1205 3.
511 1185 567 1213 pro
595 1174 676 1204 Arut
698 1175 762 1213 lege
783 1174 868 1204 Ami.

225 1240 266 1245 -
289 1226 360 1256 341.
384 1235 412 1254 V.
435 1225 487 1257 25.
509 1235 565 1264 pro
588 1224 634 1254 ab
657 1233 802 1255 mutatam
825 1226 887 1264 lege
909 1223 951 1253 ad
971 1232 1125 1254 mutatam.

228 1293 264 1298 -——
289 1276 361 1308 355.
385 1287 412 1307 V.
457 1278 486 1308 9.
509 1276 541 1305 in
563 1276 621 1306 fine
644 1277 735 1305 adde:
762 1275 837 1305 unde
859 1273 1104 1313 kundalaſtrn)
1128 1276 1271 1312 annulus,
1299 1275 1482 1306 condalium.

223 1342 266 1348 ·-·
287 1329 359 1359 373.
383 1338 413 1357 v.
439 1331 485 1360 12.
511 1327 546 1356 ab
570 1328 638 1357 imo.
679 1327 764 1356 Adde
788 1325 940 1362 kumm27
965 1326 1047 1366 quod
1068 1325 1148 1366 apud
1169 1326 1318 1368 inferioris
1339 1325 1512 1356 Germaniae
1530 1324 1656 1365 populos
1680 1326 1708 1354 in
1734 1337 1785 1354 usu
1806 1332 1856 1353 est.

225 1393 268 1400 —-
290 1381 361 1410 414.
384 1389 412 1408 v.
459 1381 488 1411 5.
511 1378 547 1407 ab
561 1379 627 1407 ·imo
650 1389 706 1417 pro
730 1377 852 1406 buvense
874 1377 937 1415 lege
960 1376 1089 1409 buveuse.

222 1445 264 1450 —
286 1431 358 1461 467.
382 1439 409 1460 V.
436 1431 484 1461 12.
508 1440 564 1469 pro
588 1428 710 1472 (Injo?)
734 1429 796 1467 lege
820 1426 938 1468 (Irfi?).

223 1496 263 1502 -
285 1480 357 1513 573.
380 1491 409 1511 V.
432 1483 483 1513 21.
506 1491 563 1520 pro
586 1481 682 1511 Potin*
705 1481 766 1518 lege
787 1477 884 1508 Potin.

223 1548 264 1553 —
287 1534 359 1564 620.
383 1541 411 1560 V.
434 1534 487 1563 29.
509 1542 567 1571 pro
589 1530 669 1572 apud
691 1530 854 1560 Homerum
878 1531 950 1565 πᾶϊς
970 1530 1033 1568 lege
1056 1528 1137 1569 apud
1159 1527 1251 1558 Hom.
1274 1527 1354 1564 πάϊς.

224 1598 266 1603 -
288 1585 360 1615 664.
383 1592 411 1613 V.
437 1583 487 1614 15.
508 1593 563 1621 pro
587 1593 680 1611 rerum
703 1582 765 1620 lege
789 1591 895 1610 verum.

222 1649 265 1654 —
286 1634 358 1666 665.
382 1643 409 1662 V.
456 1635 484 1665 1.
508 1634 544 1662 ab
567 1634 626 1662 imo
649 1643 704 1672 pro
729 1633 845 1672 exigere
866 1631 930 1670 lege
953 1632 1067 1670 erigere.

224 1701 260 1706 -
287 1687 360 1717 682.
383 1695 412 1715 v.
438 1687 486 1716 17.
509 1695 566 1724 pro
590 1683 756 1724 ἐστρωνὲνη
780 1683 843 1721 lege
866 1681 1045 1722 ἐστρωμένη.

221 1751 262 1757 -
285 1738 357 1768 706.
381 1745 409 1766 V.
433 1738 483 1767 19.
506 1735 543 1764 ab
566 1735 626 1764 imo
649 1745 706 1774 pro
730 1735 792 1766 εἴπε
816 1734 879 1772 lege
902 1733 973 1764 εἰπέ.

225 1804 262 1808 -
287 1789 358 1820 713.
381 1797 409 1818 V.
438 1788 485 1819 14.
508 1788 544 1815 ab
568 1787 637 1816 imo.
663 1784 781 1815 Sedum.
806 1784 874 1814 vide
897 1794 998 1823 supra.

222 1854 264 1860 -
285 1840 358 1871 725.
383 1848 412 1869 V.
460 1841 487 1869 1.
512 1848 567 1877 pro
589 1836 765 1867 adiectivum
790 1837 853 1875 lege
876 1832 1056 1864 adverbium.
