2263 2668
540 149 604 182 DE
630 145 1012 182 SlGNlFICATIONE
1039 146 1322 184 VERBORUM.
1375 149 1517 182 LIBER
1543 149 1585 183 V.
1952 154 2030 189 415

95 242 205 272 Verum
228 240 306 280 apud
329 241 465 269 Plautum
489 241 561 270 mihi
583 251 699 280 semper
725 244 893 278 suspectum
923 239 978 267 fuit
1006 237 1170 277 exdorsua3
1210 250 1303 279 neque
1331 241 1407 270 enim
1430 241 1490 270 dici
1510 252 1596 281 posse
1618 243 1772 281 putabam,
1807 243 1879 282 quid
1902 251 1977 274 esset
1997 247 2028 276 in

93 284 225 324 piscibus
248 283 462 322 praeparandis
485 283 681 325 eandm-snare,
720 283 781 312 sive
805 283 926 311 dorsum
948 281 1147 318 confringere,
1188 284 1325 312 eximere.
1370 284 1467 319 Quare
1489 284 1619 322 legebam
1643 296 1785 322 exossaa,
1822 286 1853 314 id
1876 289 2027 325 sequentia

95 327 274 363 suadebant,
306 333 444 367 quantum
465 334 546 365 potes
569 332 596 355 et
618 333 757 354 exossata
772 324 834 366 fac
855 326 934 353 sient.
977 324 1078 361 Itaque
1102 324 1152 353 ubi
1175 325 1251 353 illud
1274 326 1402 364 primum
1425 328 1454 355 in
1477 332 1605 356 mentem
1629 328 1724 364 venit,
1760 339 1813 357 nec
1833 339 1926 360 mora.
1971 331 2027 359 Do-

95 370 224 398 ctissimo
249 374 277 398 et
294 369 465 397 acutissimo
489 369 529 397 ita
554 373 581 397 et
603 368 715 406 optimo
738 368 804 396 viro
827 365 1001 405 Tanaquillo
1023 366 1138 403 Fabro,
1161 378 1240 396 nunc
1262 371 1423 409 μακαρίτῃ,
1454 370 1638 411 μουσαγέῑῃ,
1661 375 1733 399 tunc
1756 381 1838 408 meo,
1862 381 1954 410 eoque
1975 383 2028 402 no-

94 412 190 448 mine,
222 417 256 440 ut
278 412 332 440 alia
355 411 445 439 multa
469 416 599 447 taceam,
630 411 665 439 de
688 420 733 438 me
756 410 864 449 optime
886 409 1005 445 merito,
1043 419 1134 437 meam
1156 411 1353 449 suspicionem
1378 412 1497 450 aperui,
1535 417 1622 450 atque
1644 413 1710 450 ille,
1743 418 1776 441 ut
1800 419 1863 442 erat
1885 414 1980 443 facilis
2000 421 2029 445 et

94 454 153 483 mei
174 464 288 491 amans,
325 458 462 482 conatum
484 453 622 490 laudare,
662 452 792 489 hortari,
828 450 956 490 mihique
981 451 1112 480 codicem
1136 462 1220 481 suum
1245 454 1412 490 ostendere,
1453 454 1501 482 ubi
1524 455 1598 483 illud
1622 455 1699 484 idem
1721 465 1807 484 manu
1830 466 1883 485 sua
1905 458 1952 485 vir
1975 457 2028 486 do-

97 497 243 526 ctissimus
265 500 464 535 praenotaret.
496 495 614 525 Adiecit
636 495 740 532 etiam,
763 496 803 524 ita
826 504 940 533 semper
960 493 995 522 de
1017 494 1148 532 piscibus
1172 500 1285 524 veteres
1309 497 1432 524 locutos.
1455 497 1549 525 Plaut.
1565 497 1672 536 Amph.
1688 497 1712 533 I,
1735 501 1762 530 1.
1778 499 1860 534 (161.
1877 504 1906 528 et
1922 499 2027 539 alibi.):

584 546 768 574 Exossatum
791 556 822 574 os
843 556 901 574 esse
923 551 1050 584 oportet,
1083 557 1165 585 quem
1186 546 1276 584 probe
1294 548 1476 586 percusseris,

583 587 697 618 IVIirum
722 589 778 616 nisi
799 587 846 616 Izic
868 598 912 615 me
933 588 1018 627 quasi
1038 598 1206 616 muraenam
1229 600 1367 618 exossare
1389 591 1509 628 cogitat,

587 629 671 660 Ultro
694 631 780 660 istinc
802 631 853 670 qui
874 637 991 659 eaeossat
1013 629 1150 660 homines.
1185 629 1264 660 Perii
1279 633 1305 660 si
1324 643 1368 660 me
1385 633 1538 671 aspexerit.

95 673 132 702 Et
154 673 291 702 Pseudol.
312 673 350 711 (Ι,
371 675 405 711 3,
430 671 530 711 147-)2

583 714 740 745 Exossaho
762 726 813 755 ego
835 712 919 743 illum
941 713 1073 745 similiter
1094 713 1193 744 itidem
1218 723 1248 744 ut
1272 726 1428 745 murenam.

95 758 142 786 Sic
165 758 283 788 Terent.
307 756 431 796 Adelph.
448 757 506 794 111,
528 758 557 789 3.
582 757 676 795 (24.):

588 799 732 838 Congrum
755 800 840 828 istum
863 800 1027 829 maximum
1049 799 1080 828 in
1106 810 1183 839 aqua
1207 800 1294 828 sinito
1318 797 1416 828 ludere

583 841 753 880 Paulisper,
785 841 835 871 uhi
855 853 906 881 ego
928 853 1045 878 venero,
1068 841 1271 879 exossabitur3

582 883 667 913 Prius
689 882 766 912 nolo.

92 925 171 954 Haec
193 930 318 965 propter
339 925 417 954 Festi
440 926 643 955 auctoritatem
667 926 810 964 pluribus.
836 925 920 955 Dae.
953 925 1036 955 Adde
1057 925 1184 954 Nonium
1208 926 1290 964 (pag.
1307 928 1353 957 17.
1371 924 1473 963 Mero.)
1496 925 1525 954 in
1542 924 1742 954 Exdorsuare.
1770 925 1876 955 Goth.
1907 927 2026 964 Magno-

92 978 161 1007 pere
191 968 305 997 fallitur
328 969 478 998 Dacerius.
521 969 694 998 Exossuare
723 979 782 997 non
805 968 931 1005 dicitur,
967 968 1019 997 sed
1041 979 1185 998 exossare.
1231 969 1325 997 Locus
1350 973 1444 996 autem
1470 968 1620 996 Plautinus
1643 969 1764 996 verbum
1787 968 1913 1007 requirit
1935 974 2027 998 tetra—

94 1010 250 1049 syllabum.

256 1051 389 1092 Exfir.
431 1053 528 1093 Earfit.
567 1053 655 1089 Vide,
680 1063 754 1091 quae
777 1053 846 1081 olim
869 1053 897 1081 in
922 1052 1125 1081 Coniectaneis
1148 1051 1225 1092 (pag.
1238 1054 1302 1089 77.)
1326 1063 1414 1091 super
1435 1051 1494 1080 hoc
1517 1052 1655 1080 diximus.
1678 1050 1775 1082 Scal.
1818 1052 1844 1081 A
1866 1051 1934 1084 θύω
1958 1054 2027 1082 ado-

92 1095 157 1131 leo,
180 1095 330 1133 sacrifico,
352 1100 376 1125 θ
399 1101 510 1124 mutato
534 1095 564 1123 in
577 1095 694 1136 f,fio,
720 1106 735 1123 a
760 1105 819 1133 quo
841 1096 920 1135 esrfio
944 1100 972 1124 et
995 1095 1097 1136 suffio,
1120 1095 1187 1124 inde
1210 1095 1337 1136 suffitus,
1361 1094 1570 1135 szgffimentum,
1594 1094 1675 1133 earfit.
1705 1094 1811 1122 Fabius
1828 1095 1928 1124 Pictor
1950 1096 2028 1135 apud

92 1137 218 1165 Nonium
243 1136 320 1176 (pag.
337 1141 407 1169 223.
424 1136 526 1176 Mero.)
549 1138 579 1165 in
602 1148 673 1166 voce
693 1136 750 1165 Sal
771 1143 871 1175 aperte
893 1148 946 1166 nos
970 1138 1071 1174 docet,
1096 1138 1166 1175 quid
1191 1138 1226 1166 sit
1250 1138 1333 1176 exfit.
1367 1137 1451 1175 Exfii
1475 1137 1588 1174 inquit,
1613 1141 1656 1164 est
1678 1135 1738 1165 sale
1759 1135 1926 1175 sordidum,
1949 1137 2029 1178 quod

93 1187 186 1208 ustum
210 1187 250 1208 est
273 1187 298 1208 et
321 1180 349 1209 in
373 1179 464 1208 ollam
485 1178 583 1209 rudem
608 1178 732 1220 fritilem
761 1179 902 1208 obiectum
933 1188 982 1210 esi.
1027 1179 1132 1209 Postea
1155 1179 1186 1209 id
1209 1178 1255 1208 sal
1279 1179 1416 1218 Virgines
1441 1178 1572 1208 Vestales
1593 1189 1671 1208 serra
1689 1178 1793 1218 ferrea
1814 1187 1921 1209 secant.
1965 1180 2028 1208 Hoc

91 1222 135 1250 sal
155 1232 235 1251 serra
258 1227 387 1251 secatum
409 1223 439 1250 in
462 1233 571 1251 serram
596 1222 791 1250 coniiciebant
815 1227 844 1250 et
865 1224 894 1250 in
918 1223 982 1250 susa
1005 1233 1079 1261 aqua
1108 1223 1168 1260 iugi
1199 1222 1323 1250 muriem
1353 1222 1527 1250 efficiebant.
1572 1221 1646 1250 Vide
1669 1221 1789 1250 Mur-ies.
1823 1221 1908 1251 Dae.
1953 1222 2027 1251 Male

91 1265 170 1302 apud
194 1265 319 1293 Nonium
350 1266 434 1302 (pag.
448 1263 540 1303 222.)
566 1265 654 1303 Tesfit
678 1265 745 1301 (ubi
769 1275 848 1292 nnnc
871 1265 982 1293 editur:
1019 1265 1122 1293 murias
1142 1266 1185 1304 fit
1208 1276 1248 1293 ex
1269 1263 1355 1301 sale).
1386 1262 1487 1293 Goilz.
1531 1263 1650 1305 Suffiiio
1680 1263 1716 1291 de
1744 1262 1941 1293 suffitionibus
1965 1264 2027 1293 dixi

92 1307 235 1344 quaedam
258 1307 295 1334 ad
320 1306 478 1335 Varronem
497 1307 529 1334 V.
554 1307 589 1334 de
612 1307 642 1334 L.
666 1308 696 1334 L.
720 1307 770 1343 (cf.
795 1312 877 1335 notas
902 1307 1078 1336 Gothosredi
1102 1307 1138 1335 ad
1163 1307 1247 1336 Varr.
1271 1317 1336 1345 pag.
1350 1307 1427 1343 34.).
1451 1305 1560 1334 Idem.
1596 1306 1640 1334 Cf.
1666 1306 1810 1334 Gesnerus
1833 1306 1863 1334 iu
1885 1306 2024 1335 thesauro

92 1349 145 1376 sub
168 1359 195 1379 v.
220 1348 350 1388 Ezrfir.
394 1349 466 1377 Mihi
489 1348 608 1377 videtur
630 1349 743 1387 syllaba
764 1360 849 1388 pur,
879 1360 953 1387 quae
976 1349 1124 1388 purgandi
1146 1349 1236 1378 habet
1258 1349 1426 1386 notionem,
1455 1348 1564 1390 infir
1584 1353 1712 1385 mutata,
1743 1352 1873 1377 ceterum
1896 1349 2026 1378 vocabu-

91 1391 152 1419 lum
176 1391 356 1419 declinatum
381 1401 460 1427 esse,
492 1396 524 1419 ut
547 1392 630 1421 assir.

250 1431 431 1462 Exiitius
459 1432 566 1469 iudex,
603 1444 685 1473 quem
715 1444 774 1461 una
801 1445 871 1473 pars
900 1431 990 1473 eligit.
1035 1434 1077 1462 lta
1107 1444 1183 1462 nova
1207 1434 1303 1472 glossa
1326 1433 1434 1471 legitur
1456 1433 1486 1461 in
1510 1432 1580 1461 Cod.
1606 1432 1762 1471 Lipsiensi,
1799 1433 1881 1460 cuius
1904 1437 2027 1472 propter

90 1475 225 1513 exiguam
247 1475 453 1504 auctoritatem
476 1476 603 1513 glossam
626 1476 712 1504 istam
737 1486 796 1504 non
819 1476 1000 1515 recepimus,
1028 1487 1102 1514 quae
1125 1487 1162 1505 ex
1186 1477 1286 1505 nescio
1311 1486 1369 1514 quo
1392 1476 1535 1514 glossario
1559 1475 1596 1503 ad
1619 1475 1777 1514 marginem
1800 1475 1950 1514 adscripta
1970 1485 2026 1514 po-

89 1521 152 1547 stca
173 1518 249 1547 inter
272 1517 367 1545 Paulli
389 1519 479 1546 verba
501 1518 634 1556 irrepsit.
680 1518 891 1547 Scribendum:
926 1516 1064 1546 Emlicius
1086 1518 1186 1547 iudex.
1232 1520 1273 1547 De
1296 1529 1327 1547 re
1350 1519 1414 1556 ipsa
1436 1518 1510 1547 nihil
1532 1517 1661 1549 invenio.

253 1558 474 1589 Escenclere.
518 1558 675 1590 Excedcre.
716 1561 790 1596 Lege
814 1560 894 1588 utin
920 1560 1011 1587 veteri
1034 1560 1110 1588 libro
1135 1560 1290 1590 escendere.
1329 1561 1464 1589 Glossae:
1487 1558 1626 1589 Escendit
1650 1559 1811 1600 συμβαίνει.
1853 1559 1942 1588 Dac.

251 1602 476 1640 Experiius.
521 1601 644 1639 Expers.
678 1603 698 1629 A
719 1603 825 1641 periri,
852 1601 931 1639 quod
955 1606 997 1629 est
1021 1603 1138 1638 conari,
1164 1601 1287 1639 discere,
1310 1607 1354 1631 est
1375 1603 1492 1642 peritus.
1528 1602 1600 1631 Inde
1622 1603 1766 1642 experiri,
1789 1602 1952 1640 experitus,
1975 1602 2026 1640 qui

91 1647 120 1671 et
142 1650 295 1681 experius3
318 1642 386 1670 vide
409 1642 558 1682 Exprwra,
581 1645 729 1683 expertia,
754 1649 783 1672 et
802 1643 925 1682 Expers.
958 1643 1159 1672 Glossarium:
1186 1645 1303 1684 Earpers
1325 1642 1448 1683 ἄπειρος
1469 1644 1519 1675 καὶ
1542 1644 1687 1683 ἔμπειρος.
1717 1644 1755 1673 Et
1776 1644 1851 1672 infra
1873 1642 2025 1683 Est-perles,

90 1684 192 1722 ignari.
229 1685 320 1713 Vides
343 1686 503 1723 emperitum
528 1695 588 1713 esse
612 1690 773 1724 expertem.
810 1686 881 1714 Nam
905 1697 944 1714 ex
967 1686 1056 1714 modo
1078 1686 1278 1724 privativum,
1300 1687 1389 1715 modo
1412 1687 1609 1723 intensivum,
1633 1692 1666 1715 ut
1688 1698 1716 1722 e,
1739 1687 1768 1714 in
1792 1691 1846 1716 etc.
1892 1685 1982 1715 Dac.

254 1725 477 1765 Explenunt.
522 1728 559 1755 Ut
582 1727 714 1756 redinunt
738 1738 793 1766 pro
817 1727 942 1757 redeunt.
973 1726 1044 1757 Pleo
1066 1734 1178 1766 autem,
1202 1728 1279 1756 unde
1301 1727 1423 1768 impleo,
1446 1727 1566 1769 expleo,
1591 1727 1737 1768 compleo,
1761 1726 1868 1768 repleo,
1891 1738 1907 1755 a
1927 1727 2024 1764 πλέος,

88 1768 204 1807 plenus.
247 1767 330 1797 Dae.

253 1808 439 1838 Exclutae.
484 1810 624 1847 Legebam
647 1809 790 1847 erclniae,
827 1818 948 1848 exutae,
987 1812 1048 1840 sive
1070 1812 1171 1850 potius
1195 1811 1356 1849 exduviae,
1392 1813 1522 1841 exuviae.
1566 1812 1623 1840 Sed
1652 1812 1771 1850 vulgata
1792 1812 1881 1840 lectio
1903 1812 2022 1840 retineri

88 1856 194 1891 potest.
238 1852 309 1880 Nam
339 1853 462 1881 exuviae
491 1852 563 1881 mhi!
588 1853 667 1881 aliud
698 1854 833 1892 proprie,
869 1864 956 1891 quam
985 1859 1080 1882 vestes
1110 1855 1254 1891 exdutae,
1292 1860 1324 1883 ut
1352 1855 1490 1892 indutae,
1527 1854 1676 1883 induviae.
1719 1853 1845 1883 Exduta
1867 1854 1903 1882 ab
1925 1852 2022 1883 exduo

91 1895 202 1924 Graece
225 1892 317 1926 ἔκδύω
341 1899 369 1922 et
392 1895 464 1923 eliso
488 1894 523 1931 d,
548 1907 641 1932 etz-uo,
664 1897 794 1925 exuviae.
818 1896 904 1925 Dae.
941 1894 1092 1924 Eas-durae.
1125 1897 1273 1925 Exclutae.
1321 1895 1425 1926 Goth.

253 1937 476 1976 Excipuum.
521 1937 608 1973 Quod
627 1938 791 1976 excipitur,
814 1938 992 1976 seinngitur,
1016 1944 1185 1976 separatum
1209 1940 1341 1978 excipere
1357 1940 1433 1967 enim
1450 1948 1595 1978 separare.
1623 1938 1724 1976 virgil.
1742 1937 1824 1974 (Aen.
1840 1937 1898 1974 IX,
1922 1936 2020 1974 270.):

88 1976 187 2018 Ipsum
204 1977 287 2008 illum
304 1977 430 2018 clypeum
447 1980 605 2020 cristasque
621 1980 749 2009 rubentes
763 1980 923 2019 Excipiam
939 1981 1019 2009 sor-ti.
1040 1980 1126 2010 Dac.
1160 1981 1248 2010 Aliud
1267 1982 1301 2009 ab
1319 1981 1484 2020 Excipulo,
1508 1981 1589 2020 quod
1605 1981 1717 2010 Glossis
1732 1980 1888 2018 ἐκδοχεῖον.
1916 1977 2019 2007 Goth.

251 2028 396 2058 Exciet.
443 2028 509 2059 Cieo
526 2041 630 2060 moveo
647 2042 660 2058 a
678 2032 790 2059 Graeco
808 2031 912 2068 κινέω,·
934 2032 1046 2068 exciet,
1070 2037 1206 2060 exmovet
1222 2037 1250 2060 et
1267 2032 1450 2070 exmovebit,
1474 2037 1506 2061 ut
1523 2032 1603 2072 apud
1617 2032 1711 2061 Plaut.
1726 2031 1812 2059 Truc.
1829 2029 1857 2066 I,
1883 2031 1909 2061 1.
1927 2028 1979 2068 (59
1992 2030 2018 2066 );

658 2080 750 2110 Suum
773 2093 874 2111 nomen
897 2093 979 2111 omne
1000 2093 1040 2111 σα)
1059 2089 1174 2121 pectore
1197 2083 1326 2112 exmovit
1348 2093 1421 2113 meo.

87 2128 141 2157 Da
151 2140 175 2159 c.
223 2127 274 2158 Cio
298 2134 327 2158 et
351 2128 417 2159 Cieo
441 2141 454 2158 a
478 2131 622 2160 Sanscrita
646 2133 746 2160 radice
769 2132 851 2173 klzja,
882 2143 975 2169 voco,
1005 2133 1198 2161 descendunt.

248 2179 454 2219 Est-palare.
499 2182 658 2210 Pacuvius:
682 2182 837 2221 Expaiani
860 2195 887 2211 se
910 2195 1021 2219 omnes,
1042 2182 1213 2223 publiceque
1234 2194 1264 2211 se
1285 2181 1446 2212 ostendunt.
1474 2182 1628 2222 Expaiani
1648 2194 1677 2211 se
1698 2181 1730 2210 id
1752 2186 1795 2211 est
1816 2181 2014 2221 expatiantur.

85 2221 149 2249 Hoc
171 2222 348 2250 vocabulum
373 2224 502 2252 retinent
526 2224 687 2260 Vascones,
720 2227 770 2263 qui
792 2225 895 2253 dicunt
916 2227 1055 2264 s'espaia,
1084 2224 1252 2260 s'estendre,
1278 2226 1435 2254 s'escarier.
1459 2225 1546 2256 Dac.
1589 2225 1693 2254 Festus
1714 2224 1823 2254 vitioso
1847 2223 1950 2252 codice
1973 2223 2015 2250 vi-

86 2265 173 2292 detur
196 2274 265 2292 usus
290 2269 318 2293 et
338 2264 490 2304 Expatare
511 2277 566 2304 pro
588 2266 754 2305 Expalrare
777 2268 896 2305 legisse,
924 2268 1001 2305 quod
1027 2268 1140 2295 Glossis
1162 2268 1307 2298 ἐπιτελεῖν.
1358 2266 1461 2298 Goth.

250 2306 512 2336 Exdecimata.
558 2308 739 2338 Edecimata.
764 2310 961 2338 Glossarium:
988 2309 1158 2345 Decimam,
1182 2310 1390 2346 Hammonem,
1414 2307 1586 2347 δόκιμον,
1610 2307 1819 2340 ἒπίλεκτον.
1852 2308 1957 2336 Tamen
1981 2304 2010 2330 in

87 2348 150 2377 aliis
178 2348 296 2383 glossis:
335 2348 531 2379 Edecumatus
556 2348 782 2388 ἀδέκαστος,
817 2349 1118 2390 ἀδωροδόκητος.
1149 2351 1248 2381 Scal.
1294 2352 1376 2387 Quae
1398 2362 1414 2380 e
1434 2351 1535 2380 multis
1558 2350 1671 2380 decima
1694 2351 1756 2380 sive
1777 2349 1876 2388 potius
1899 2355 1972 2384 quae
1995 2353 2010 2372 e

88 2390 207 2419 decimis
230 2389 342 2420 decima
365 2393 537 2430 capiuntur,
560 2393 591 2421 id
614 2398 657 2422 est
679 2394 780 2423 electa.
803 2394 985 2432 Hesychius:
1003 2392 1201 2431 Ἀδέκαστον,
1223 2391 1462 2435 ἀδωροδόκητον.
1485 2390 1502 2425 ὁ
1524 2391 1653 2430 δεκάδας
1672 2392 1713 2433 μὴ
1734 2389 1902 2431 λαμβάνων.
1921 2386 2006 2414 Dac-
