2263 2668
499 128 562 162 DE
589 127 980 163 SIGNIFICATIONE
1009 130 1292 166 VERBORUM.
1343 133 1491 167 LIBER
1515 133 1623 167 XVII.
1961 138 2037 173 687

83 222 121 253 Et
142 221 325 261 interpretor
347 220 383 249 de
403 220 531 250 Hectore
548 221 682 250 Paridem
704 223 892 259 increpante,
916 221 995 259 quod
1021 223 1145 252 evitaret
1162 224 1342 261 Menelaum,
1368 230 1398 255 et
1421 225 1492 255 dum
1515 226 1555 255 ait
1577 224 1651 266 quid
1672 225 1806 265 lascivis,
1829 228 1856 257 ei
1879 230 2035 261 mollitiem

83 264 250 304 exprobrat
273 269 302 292 et
324 264 360 293 ad
383 264 504 293 Homeri
526 265 602 293 illud
626 265 748 293 alludit:
772 263 851 298 εἶδος
873 261 973 302 ἄριστε
997 267 1178 305 γυναιμανές
1200 273 1254 296 etc.
1290 269 1362 297 Vide
1385 269 1504 300 Homer.
1527 270 1613 299 Iliad.
1629 267 1665 310 γ’.
1689 270 1802 309 (v.39.)
1823 270 1852 300 iu
1875 273 2033 313 principio.

82 305 195 336 Idem.
226 305 262 336 In
286 306 532 347 Hypobolimaeo.
569 308 664 336 Aliter
685 307 918 345 Hypobolimaeo
944 307 1098 337 Aeschino.
1122 309 1231 339 Idem.
1268 310 1334 339 Abi
1355 311 1423 340 hinc
1445 319 1476 341 tu
1497 311 1612 342 stolide.
1650 313 1777 342 Forsan:

664 350 730 379 Abi
751 349 820 378 hinc
842 356 873 378 tu
895 348 1002 378 stolide
1023 349 1112 388 illuc,
1142 360 1173 381 ut
1196 352 1250 381 tibi
1272 354 1308 381 sit
1329 361 1421 393 pater.

87 390 143 428 Ut,
165 391 198 420 id
221 396 266 420 est
287 390 347 422 ubi.
386 390 484 420 Stulte
504 390 555 419 abi
577 390 645 420 hinc
667 391 740 421 illuc
762 391 812 420 ubi
833 391 888 420 tibi
908 399 1022 431 patr-em
1046 395 1178 433 reperias.
1217 396 1254 424 Et
1274 396 1315 424 ita
1338 398 1472 435 spurium
1495 396 1600 425 innuit.
1639 398 1676 426 Et
1698 397 1766 426 inde
1787 408 1895 428 nomen
1917 400 2035 431 fabulae

82 432 339 474 Hypobolimaeus
359 433 544 467 Aeschinus,
566 434 597 462 id
621 439 666 463 est
689 433 851 464 Aeschinus
874 436 1099 474 supposititiu53
1128 434 1344 478 ὑποβολιμαῖος
1367 440 1443 468 enim
1466 440 1675 480 supposititius.
1698 439 1809 470 Idem.
1852 441 1890 471 Et
1913 443 1944 472 in
1965 443 2036 473 An-

83 473 216 506 dronico.
251 476 371 515 Optime
392 477 450 505 viri
474 476 556 504 docti
578 476 773 517 Androgyno.
818 475 927 505 Idem.

247 518 336 558 Stup
346 530 431 548 rum.
475 520 625 547 Sententia
649 521 752 559 Appii:
790 520 848 556 Qui
871 519 960 548 animi
982 520 1047 548 volt
1068 531 1132 550 sese
1156 527 1322 562 compotem
1346 534 1422 562 esse,
1453 534 1489 553 ne
1512 524 1585 563 quid
1608 525 1721 554 fraudis
1743 526 1901 565 stuprique
1923 527 2034 557 ferocia

81 561 188 599 pariat.
234 561 338 590 Naevii
360 571 463 590 versus
486 562 630 591 Saturuii:

661 604 783 645 Seseque
804 605 829 632 ei
848 604 941 644 perire
963 604 1114 634 mavolunt
1138 606 1257 644 ibidem,

661 647 756 686 Quam
779 658 845 676 cum
868 654 968 687 stupro
991 646 1084 676 redire
1106 648 1146 677 ad
1168 661 1235 679 suos
1256 649 1417 690 popularis.

80 687 169 716 Item:

661 730 715 760 Sin
736 730 806 760 illos
829 730 957 760 deseritis
975 730 1171 773 fortissumos
1194 735 1332 771 virorum,

327 787 329 789 ·
659 773 806 813 lllagnum
830 773 898 802 inde
919 781 1048 813 stuprum
1069 775 1161 815 poplo
1171 777 1244 815 fieri
1264 777 1398 816 pergetis.

79 813 118 843 Ut
139 824 155 842 a
178 813 323 853 prohibeo
343 814 500 855 proebrum
523 821 551 845 et
570 814 726 855 probrum,
756 817 798 845 sic
822 828 837 845 a
861 822 966 854 stupeo
988 825 1129 856 stuprum.
1155 818 1254 849 Scal.
1300 820 1356 848 Pro
1380 818 1511 858 qualibet
1533 818 1731 857 turpitudine.
1771 819 1853 848 Unde
1874 819 1906 848 in
1929 820 2033 858 glossis

78 858 242 895 exponitur
264 856 402 897 μιασμός.
433 858 520 888 Dae.
568 858 626 897 Qui
648 859 742 887 animi
765 881 772 888 .
798 881 805 888 .
831 881 838 888 .
865 881 872 888 .
898 867 1056 899 compotem
1080 872 1145 891 esse.
1190 862 1397 900 Supplendum
1424 861 1545 890 videtur
1573 871 1634 890 vox
1658 868 1782 901 exoptat
1804 873 1842 892 se.
1887 863 2032 901 Scaliger:

81 898 141 937 Qui
168 901 262 929 animi
289 899 351 930 volt
380 912 440 930 sese
466 909 628 941 compotem
651 913 709 930 esse
731 907 786 931 etc.
815 900 922 930 Idem.
965 902 1070 931 Naevii
1100 913 1204 932 versus
1232 905 1275 933 sic
1305 904 1506 942 distinguebat
1528 904 1673 943 Scaliger,
1710 910 1744 933 ut
1773 909 1870 934 essent
1891 905 2031 935 Saturnii.

78 940 201 972 Vossius
225 953 313 973 vero:

660 1003 696 1007 —-
743 1002 786 1007 —
830 984 868 1014 Se
890 997 974 1026 seque
994 987 1017 1015 ii
1036 988 1130 1026 perire
1151 986 1302 1017 mavolunt

655 1026 787 1064 Ibidem,
815 1040 902 1068 quam
926 1028 1020 1058 redire
1043 1041 1106 1059 cum
1130 1037 1230 1069 stupro
1253 1029 1295 1059 acl
1316 1041 1384 1060 suos

656 1069 828 1110 Populares.
850 1087 893 1092 —

76 1110 164 1140 item:

656 1171 698 1176 ——
743 1154 797 1183 Sin
821 1153 890 1184 illos
913 1154 1046 1185 deserant
1060 1155 1249 1198 fortissimos
1270 1158 1348 1185 viros

657 1196 806 1237 Il'Iagnum
828 1205 960 1238 stuprum
984 1206 1044 1227 tum
1064 1198 1175 1240 populo
1186 1200 1260 1240 fieri
1280 1200 1408 1239 pergitis.

75 1237 112 1268 Et
134 1237 224 1267 hosce
247 1242 415 1277 postremos
437 1238 478 1267 ita
500 1238 636 1268 Grotius:

654 1299 691 1304 -
739 1281 792 1311 Sin
815 1281 885 1311 illos
908 1281 1037 1312 deseritis
1049 1282 1238 1324 fortissimos
1259 1284 1346 1320 viros,

653 1324 859 1364 lmagnamque
880 1331 1010 1364 stuprum
1030 1325 1142 1366 populo
1152 1327 1228 1367 fieri
1247 1327 1377 1366 pergitis.

74 1363 184 1395 Idem.
226 1365 311 1394 Adde
333 1365 461 1394 Nonium
486 1365 564 1404 (pag.
578 1365 650 1397 456.
676 1367 778 1405 Mero.)
801 1368 832 1394 in
856 1365 1005 1405 Stuprum.
1032 1367 1139 1398 Goth.
1183 1368 1322 1409 Pergetis.
1360 1367 1518 1406 Pergentis.
1543 1365 1654 1396 Idem.
1700 1367 1741 1396 De
1765 1366 1870 1396 Naevii
1893 1366 2027 1397 versibus

73 1407 162 1437 adeas
185 1407 390 1437 Hermannum
412 1408 442 1436 in
465 1408 556 1436 Elem.
580 1408 677 1438 doctr.
701 1413 785 1438 metr.
808 1419 873 1448 pag.
888 1412 1056 1448 636.seqq.

238 1450 430 1491 Stuppam.
456 1449 514 1490 (Ad
539 1461 567 1489 p.
582 1450 667 1490 250.)
692 1452 717 1479 A
740 1452 849 1480 Dorico
872 1449 1001 1482 σπύππα.
1048 1452 1138 1482 Dac.

238 1492 365 1522 Stura.
409 1494 509 1522 Tertia
532 1493 640 1521 abhinc
663 1494 753 1530 linea,
780 1499 813 1522 ut
835 1497 892 1522 iam
917 1504 1008 1533 supra
1031 1495 1217 1532 notavimus,
1244 1495 1374 1534 pertinet
1397 1494 1434 1524 ad
1457 1504 1561 1524 vocem
1585 1493 1685 1524 Suber.
1709 1492 1809 1524 Scal.
1853 1495 1913 1523 Sex
1936 1493 2027 1522 milli-

72 1535 127 1564 bus
151 1533 187 1564 ab
209 1536 285 1565 urbe
308 1536 411 1565 abesse
433 1536 538 1564 scribit
560 1536 664 1564 Livius
687 1537 739 1567 lib.
753 1537 864 1565 XXVI.
908 1536 994 1567 Dac.

236 1577 365 1607 Suber.
388 1577 448 1618 (Ad
471 1589 501 1617 p.
514 1576 600 1619 250.)
625 1578 718 1607 Suber
740 1578 890 1617 hodieque
913 1579 1082 1608 natantibus
1105 1579 1239 1608 inservit.
1273 1579 1332 1608 Sed
1354 1579 1443 1607 nimis
1465 1584 1535 1608 nota
1557 1589 1604 1608 res
1625 1584 1678 1609 est.
1701 1578 1788 1609 Dac-
1830 1577 1905 1608 Vide
1927 1576 2026 1607 Sube-

71 1631 135 1651 nes·
183 1618 391 1691 GoS'tler-ila.
435 1663 494 1691 Pro
517 1662 641 1701 sterilis,
667 1668 701 1692 ut
723 1662 853 1692 sublima
875 1663 957 1702 apud
979 1664 1096 1693 Lucret.
1119 1673 1175 1703 pro
1197 1662 1340 1693 sublimis.
1377 1661 1501 1693 Gracila
1522 1664 1616 1692 Lucil.
1637 1673 1694 1702 pro
1715 1662 1834 1702 gracilis
1855 1667 1912 1692 etc.
1937 1661 2025 1691 Dae.

73 1702 160 1745 Cipit.
196 1703 254 1734 Atii
278 1706 416 1744 conc-ipit.
467 1703 573 1735 Goth.

236 1746 421 1787 Seplasia.
445 1747 503 1787 (Ad
526 1757 554 1786 p.
570 1746 654 1786 250.)
679 1748 753 1776 Vide
774 1748 906 1776 Nonium
930 1747 1057 1787 (p 225.
1082 1747 1184 1786 Mero.)
1208 1749 1240 1777 in
1263 1746 1437 1787 Stplasium.
1463 1745 1568 1779 Goth.
1608 1746 1752 1788 Pompon.
1772 1749 1804 1777 in
1826 1745 1892 1777 Ad.
1915 1747 2026 1776 citatus

70 1790 107 1819 ab
128 1789 232 1819 eodem
256 1790 352 1818 Nonio
377 1791 418 1829 (p.
431 1793 483 1823 96.
500 1790 603 1829 Merc.)
627 1791 656 1819 in
679 1790 825 1820 Datatim.
860 1790 935 1819 Vide
951 1792 1053 1828 (infra)
1071 1791 1101 1819 in
1119 1789 1263 1830 Seplasia.
1288 1789 1397 1821 ldem.
1430 1791 1530 1819 Platea
1547 1791 1679 1830 Capuae,
1704 1790 1733 1819 in
1757 1800 1815 1829 qua
1838 1789 2025 1828 unguentarii

70 1833 216 1871 negotiari
239 1833 393 1868 solebant,
417 1833 454 1862 de
479 1833 585 1871 quibus
608 1834 678 1862 vide
701 1832 863 1862 Varronem
881 1833 928 1862 VI.
954 1834 991 1862 de
1015 1834 1044 1861 L.
1065 1834 1096 1862 L.
1119 1833 1232 1872 (locum
1256 1844 1316 1862 non
1338 1833 1446 1872 reperi.
1481 1834 1547 1872 Pag.
1562 1833 1634 1865 431.
1652 1833 1704 1863 lib.
1716 1832 1794 1861 VIII.
1813 1843 1838 1861 c.
1851 1835 1901 1864 30.
1926 1841 2025 1861 sermo

70 1880 114 1905 est
136 1875 174 1906 de
196 1875 318 1905 taberna
342 1876 549 1912 unguentaria.
573 1875 628 1914 L.).
673 1875 751 1905 Hinc
772 1876 900 1905 Glossis:
931 1875 1129 1916 Seplasiurius
1151 1881 1181 1906 et
1203 1875 1417 1916 Seplassiarius
1441 1874 1656 1915 παντοπώλης,
1678 1878 1906 1906 παντοπωλεῖον
1927 1872 2023 1913 sepla-

69 1918 166 1958 sium3
193 1918 298 1947 iisdem
323 1917 522 1957 Seplasiarius
544 1916 735 1958 μυροπώλης.
779 1917 887 1948 Idem.

235 1960 462 1990 Stultorum.
509 1961 582 1990 Vide
608 1960 786 2000 Quirinalia.
813 1961 903 1991 Ant.
923 1961 1019 2000 Aug.
1064 1961 1154 1999 Lege:
1192 1959 1356 1990 Stultorum
1373 1959 1476 2002 feriae
1497 1958 1724 2001 appellabantur·
1748 1957 1934 1999 Quirinalia,
1971 1959 2023 1998 qui

68 2010 132 2033 erat
152 2002 215 2033 dies
236 2003 338 2032 Festus
363 2003 498 2042 Quirini,
533 2002 614 2044 quod
642 2015 674 2033 eo
703 2002 750 2032 die
775 2002 899 2042 Quirino
929 2004 1099 2042 sacrificant
1127 2004 1165 2040 ii,
1200 2003 1252 2043 qui
1278 2001 1392 2032 solenni
1414 2002 1461 2032 die
1481 2011 1533 2033 aut
1554 2014 1613 2032 non
1633 2009 1789 2043 potuerunt
1810 2013 1868 2031 rem
1890 1999 2022 2030 divinam

64 2045 183 2087 facere,
220 2053 272 2075 aut
300 2047 507 2086 ignoraverunt
535 2057 652 2075 suorum
672 2044 883 2087 for-nacoliam
910 2056 1062 2075 sacrorum
1088 2044 1180 2082 diem,
1216 2046 1402 2074 commissum
1423 2045 1575 2085 piaculum
1598 2044 1763 2085 expiabant
1784 2055 1898 2080 morae,
1934 2050 2021 2083 atque

67 2088 149 2129 quod
175 2089 236 2118 suis
263 2100 322 2118 non
344 2087 503 2130 fecerant,
540 2088 644 2129 quibus
669 2087 890 2128 permittebatur
908 2086 1001 2127 feriis
1028 2099 1145 2117 sacrum
1167 2087 1337 2130 faciebant.
1382 2088 1428 2117 Ita
1453 2099 1490 2118 ex
1514 2087 1637 2117 Schedia
1658 2088 1765 2127 planus
1787 2091 1831 2116 est
1853 2085 1902 2115 hic
1923 2086 2019 2119 locus,

67 2132 119 2170 qui
141 2131 269 2170 pessime
291 2132 322 2159 in
346 2132 410 2159 aliis
434 2131 516 2160 editt.
541 2136 683 2169 acceptus
706 2136 767 2167 eet,
796 2136 831 2159 ut.
854 2136 883 2160 et
905 2131 935 2159 in
959 2131 1164 2169 Etymologico
1190 2131 1288 2159 Vossii
1309 2130 1340 2159 in
1362 2141 1437 2160 voce
1462 2129 1638 2170 Quirinalia.
1681 2130 1770 2159 Dac.

233 2172 424 2202 Sanctum.
448 2172 507 2213 (Ad
530 2184 560 2213 p.
574 2172 658 2214 250.)
682 2175 762 2204 Sext.
787 2174 945 2212 Pompeius
968 2173 1126 2210 docuerat,
1149 2173 1223 2212 quid
1244 2175 1388 2202 Sanctum
1411 2179 1486 2203 esset
1508 2183 1546 2203 ex
1565 2172 1640 2204 Aelii
1662 2176 1692 2201 et
1714 2172 1841 2201 aliorum
1863 2168 2015 2200 sententia.

66 2215 221 2254 Plerisque
243 2215 340 2244 visum
363 2226 425 2245 esse
448 2226 516 2244 cum
541 2226 637 2255 poena
660 2216 790 2245 multave
812 2217 850 2245 sit
872 2216 1010 2255 imposita
1033 2216 1065 2245 id
1087 2216 1220 2246 violanti.
1265 2217 1307 2245 Ita
1337 2227 1437 2246 muros
1462 2221 1581 2246 sanctos
1603 2215 1663 2244 dici
1686 2220 1715 2244 et
1735 2214 1885 2244 Tribunos
1906 2210 2015 2250 plebis;

65 2258 137 2287 hinc
159 2258 327 2287 sanctiones
349 2259 466 2296 legum,
496 2259 577 2297 quod
599 2259 630 2287 in
653 2258 698 2287 his
721 2269 834 2297 poenae
858 2265 961 2288 contra
984 2260 1081 2297 legum
1104 2259 1264 2288 violatores
1287 2259 1474 2296 sanciantur,
1508 2260 1588 2297 ipsas
1611 2267 1732 2297 quoque
1755 2257 1833 2296 leges
1855 2259 1905 2283 aut
1926 2262 2015 2290 roga-

66 2301 162 2330 tiones
184 2305 300 2329 sanctas
322 2301 398 2337 dici,
434 2302 516 2339 quod
539 2311 586 2330 eas
611 2301 734 2341 impune
757 2302 923 2340 transgredi
947 2312 1006 2330 non
1028 2302 1107 2330 licet.
1151 2302 1230 2331 Haec
1253 2307 1282 2331 et
1304 2301 1350 2330 his
1373 2302 1479 2330 similia
1500 2301 1623 2338 Festus,
1655 2305 1690 2330 ut
1711 2300 1898 2329 arbitramur·
1926 2294 2014 2324 ΑΜ-

65 2343 160 2383 Aug.
197 2345 356 2379 Sanctum,
379 2344 490 2382 inquit,
513 2345 636 2383 ponitur
658 2349 773 2373 tantum
797 2354 851 2383 pro
875 2355 925 2381 eo,
951 2344 1030 2383 quod
1053 2344 1199 2374 sancitum
1223 2349 1284 2381 est,
1311 2344 1391 2373 unde
1413 2349 1443 2374 et
1464 2344 1563 2382 legum
1584 2344 1751 2373 sanctiones
1773 2346 1801 2369 et
1823 2341 1941 2367 sanctae
1962 2346 2014 2366 ro-

67 2387 199 2425 gationes
221 2391 251 2415 et
272 2386 424 2415 Tribunus
446 2387 555 2426 plebis,
584 2388 636 2426 qui
659 2387 832 2416 concionem
854 2388 986 2426 rogavit,
1015 2393 1136 2417 sanctus
1157 2387 1276 2417 dicitur.
1319 2388 1460 2416 Sanctum
1483 2387 1622 2426 proprie,
1651 2385 1732 2424 quod
1755 2392 1806 2411 nec
1829 2389 1946 2410 sacrum
1969 2382 2014 2409 eflt
