2263 2668
225 181 301 216 448
650 171 995 209 COMMENTARII
1019 170 1068 204 IN
1093 171 1236 207 PAULI
1262 172 1458 208 DIACONI
1483 171 1737 206 EXCERPTA

225 273 357 306 culorum
377 269 424 300 vel
442 267 567 298 siderum
589 266 745 296 transitum
766 270 943 302 naturasque
965 261 1134 302 descripsit,
1155 264 1266 295 coelum
1290 264 1386 295 dictus
1407 272 1449 294 est
1470 265 1622 300 sustinere,
1645 265 1715 305 quia
1738 273 1866 305 nepotem
1886 278 1967 296 suum
1983 268 2163 299 Mercurium

225 325 252 346 et
273 313 428 345 Herculem
452 310 582 339 docuisse
605 307 729 343 dicitur,
766 303 842 334 unde
864 312 889 332 et
913 303 1056 334 Hercules
1078 306 1189 336 coelum
1212 307 1250 336 ab
1273 307 1399 337 Atlante
1420 314 1581 346 susceptum
1605 308 1773 335 sustinuisse
1796 316 1932 337 narratur
1951 319 2068 349 propter
2090 310 2164 341 coeli

226 358 374 388 scientiam
397 351 547 382 traditam.
593 349 715 380 Constat
736 349 810 377 enim
835 345 992 376 Herculem
1014 346 1219 389 philosophum
1233 350 1342 392 fuisse.
1387 351 1534 378 Atlantem
1558 360 1620 378 esse
1643 349 1814 386 Enochum,
1847 351 1898 389 qui
1921 353 2094 390 astrologiae
2116 354 2166 382 in-

228 406 333 429 ventor
356 397 427 431 fuit,
450 394 541 423 refert
559 392 666 422 Euseb.
689 402 726 420 ex
744 391 908 429 Eupolemo
932 389 968 417 de
991 389 1121 428 ludaeis,
1144 392 1194 421 ubi
1219 395 1259 420 ait
1281 391 1481 420 ,abrahamum
1504 392 1694 430 astrologiam
1718 397 1746 420 et
1769 393 1841 421 alias
1863 393 1999 422 scientias
2016 394 2167 434 heliopoli

228 444 380 471 docentem
408 436 568 465 affirmasse
590 434 788 472 Babylonios:
830 430 890 472 Τὴν
917 429 1034 471 εὕρεσιν
1061 429 1158 464 αὐτῶν
1181 436 1221 471 εἰς
1241 432 1331 473 Ἑνώχ
1354 432 1556 473 ἀναπέμπειν,
1591 434 1640 464 καὶ
1660 436 1769 464 τοῦτον
1791 432 1951 474 εὖρηκὲναι
1973 439 2093 476 πρῶτον
2112 435 2167 475 τὴν

227 481 430 521 ἀστρολογίαν.
466 479 503 506 Et
525 488 583 506 non
606 477 701 505 multo
723 481 806 516 post:
820 473 970 512 ’Έλληνας
992 474 1084 514 λέγειν
1107 474 1159 507 τὸν
1178 474 1319 507 ’Aricina
1342 474 1502 516 εὑρηκέναι
1525 474 1734 517 ἀστρολογίαν,
1760 476 1835 508 εἶναι
1857 478 1906 508 καὶ
1927 476 1980 509 τὸν
2002 476 2095 510 αὑτὸν
2115 477 2168 510 τὸν

225 522 328 563 Ἑνώχ.
376 524 437 552 Τοῦ
466 521 496 551 ὁὲ
517 517 610 560 Ἑνώχ
637 519 775 560 γενέσθαι
796 516 864 548 ὐἱὸν
889 517 1121 557 Μαθουσαλάμ,
1161 516 1196 550 ὅν
1225 518 1322 550 πάντα
1345 518 1388 550 δι’
1410 517 1541 560 ἀγγέλων
1569 522 1648 549 θεοῦ
1676 522 1789 560 γνῶναι
1815 521 1862 551 καὶ
1885 517 1966 560 ἡμᾶς
1988 519 2082 558 οὕτως
2103 521 2169 552 ἔπι-

228 570 348 608 γνῶναι.
394 564 483 593 Dac.
703 603 709 608 1
735 603 740 608 ¹
841 603 847 608 .
978 602 984 608 .
1010 601 1016 607 .

390 604 560 635 Hernici.
605 603 711 643 Populi
732 613 762 631 1n
785 603 883 638 Latio,
914 601 1037 630 Lavmio
1060 608 1089 632 et
1112 603 1201 633 Albae
1223 603 1403 643 propinqui,
1437 604 1479 632 sic
1503 603 1576 632 dieti
1599 614 1613 631 a
1637 604 1731 639 saxis,
1764 614 1838 642 quae
1861 604 1966 634 hernae
1987 605 2102 634 Sabinis
2125 605 2170 634 di-

229 655 354 687 cuntur,
391 648 470 677 unde
490 647 608 684 Virga:
648 645 765 674 hernica
787 655 867 674 sama
890 644 965 672 dixit
987 645 1047 673 VH.
1071 646 1140 676 Aen.
1165 646 1289 686 (684.)‚
1327 646 1379 674 ubi
1400 647 1535 675 Servius:
1559 645 1735 676 Sabinorum
1767 646 1868 686 lingua
1894 658 1974 676 saxa
1995 648 2100 677 hernae
2120 658 2171 677 vo-

230 701 343 724 camur,
391 688 519 730 Quidam
548 688 615 718 dux
636 699 759 727 magnus
782 686 908 716 Sabinos
931 685 966 714 (ie
987 688 1046 716 suis
1067 687 1140 717 locis
1162 687 1260 717 elicuit
1282 696 1307 717 et
1330 688 1464 717 habitare
1484 700 1579 718 secum
1597 688 1679 729 fecit
1700 690 1821 718 saxosis
1842 690 1871 718 in
1894 690 2056 727 montibus,
2095 688 2171 720 unde

231 736 312 765 dicta
335 741 400 763 sunt
423 732 543 761 hernica
565 730 633 760 Zoca
655 737 680 759 et
700 728 804 770 populi
825 728 957 758 Hernici.
980 729 1068 759 Dac-
1106 731 1253 759 Convenit
1272 731 1389 770 giri(s),
1420 742 1519 767 mons,
1551 733 1684 768 Sanscr.‚
1713 736 1742 760 et
1763 731 1852 768 lzora,
1881 742 1983 770 mons,
2013 733 2109 770 Slav..‚
2138 737 2172 761 ut

230 778 390 807 videantur
412 773 537 803 Hernici
558 773 659 813 potius
679 773 813 801 montani
836 782 914 807 esse,
947 776 976 800 et
997 771 1100 801 hernae
1121 784 1180 801 non
1204 784 1289 810 saxa,
1315 775 1364 802 sed
1388 781 1497 803 montes
1520 773 1693 811 significare.

393 815 621 846 Histriones.
666 815 707 843 De
729 814 908 843 histrionum
932 814 1045 852 origine
1069 816 1172 844 melius
1196 816 1355 854 aliquando
1377 816 1477 844 Livius
1499 816 1549 844 lib.
1563 816 1626 846 vn.
1652 815 1722 855 (2.):
1762 814 1831 844 Sine
1854 817 1983 845 carmine
2004 815 2083 853 ullo,
2113 816 2173 845 sine

230 858 438 890 imitandorum
468 859 630 887 carminum
659 864 727 886 actu
756 856 888 886 ludiones
914 867 954 885 ex
978 855 1118 886 Hetruria
1147 859 1238 887 acciti
1259 857 1300 886 ad
1321 857 1451 887 tibicinis
1481 857 1584 888 modos
1613 857 1768 894 saltantes,
1801 857 1882 887 haud
1904 857 2057 888 indecoros
2079 865 2174 888 motus

230 914 309 932 more
333 901 449 931 Thusco
473 899 593 931 dabant.
638 898 754 928 Imitari
776 897 880 927 deinde
901 910 947 927 eos
969 900 1098 928 iuventus
1120 900 1207 929 simul
1228 900 1388 929 inconditis
1410 902 1484 929 inter
1505 913 1533 930 se
1555 899 1701 930 iocularia
1715 899 1877 942 fundentes
1898 900 2026 930 versibus
2048 911 2174 941 coepere,

231 956 283 974 nec
305 943 410 973 absoni
431 954 449 971 α
472 953 541 972 voce
563 951 657 972 motus
679 949 777 977 eratin
814 948 935 980 accepia
957 942 1054 981 itaque
1076 954 1132 979 res,
1170 944 1340 983 saepiusque
1361 942 1531 982 usurpando
1553 943 1687 972 excitata
1709 941 1872 971 vernaculis
1895 942 2072 983 artificibus,
2104 943 2175 984 quia

232 988 319 1016 hister
336 986 453 1015 Thusco
474 984 559 1014 verbo
582 983 664 1014 ludio
687 991 808 1012 vocatur
831 994 932 1012 nomen
955 983 1144 1013 histrionibus
1166 984 1301 1013 inclitum.
1326 985 1414 1015 Dae.
1446 986 1558 1014 Glossis
1581 983 1772 1024 παντόμιμοι.
1799 983 1904 1016 Goth.
1935 986 2015 1014 Duae
2038 991 2106 1014 sunt
2127 995 2176 1014 ra-

232 1030 313 1059 dices
333 1028 517 1064 Sanscritae,
554 1038 570 1056 a
593 1027 701 1065 quibus
723 1036 751 1054 v.
773 1025 861 1054 hister
883 1025 1041 1055 deductum
1065 1037 1127 1055 esse
1151 1033 1262 1066 potest,
1301 1027 1398 1056 hrisch
1422 1032 1449 1056 et
1471 1028 1543 1066 kas3
1578 1033 1738 1066 utrumque
1763 1027 1908 1066 significat
1930 1026 2039 1066 ridere,
2071 1028 2175 1065 iocari,

232 1071 338 1101 laetum
366 1082 432 1099 esse.
478 1070 660 1099 Probabilius
688 1073 786 1097 tamen
817 1072 875 1106 est,
914 1068 949 1097 ab
977 1068 1029 1097 lias
1058 1069 1239 1099 descendere
1267 1070 1387 1099 verbale
1415 1069 1524 1108 Ιιαεινί,
1563 1071 1643 1109 quod
1666 1070 1812 1109 significat
1834 1070 1972 1108 risorem,
2005 1071 2175 1107 iocatorem,

232 1114 311 1144 unde
333 1114 494 1142 Etruscum
516 1112 617 1148 hister,
641 1111 733 1140 ludio.

398 1154 562 1184 Herceus
584 1154 740 1194 Iupiter.
784 1153 834 1181 Sic
856 1152 969 1190 dictus,
992 1153 1074 1191 quod
1096 1154 1172 1183 intra
1196 1159 1370 1194 conseptum
1393 1155 1552 1194 parietem,
1576 1155 1625 1194 qui
1648 1154 1734 1195 ἕρκος
1755 1155 1882 1193 dicitur,
1904 1154 2067 1184 colebatur.
2090 1154 2177 1184 Ovid.

233 1201 262 1229 in
286 1199 358 1228 rbin.
378 1197 490 1237 (286.);

898 1238 951 1268 Cui
971 1238 1048 1268 nihil
1067 1239 1176 1270 Hercei
1195 1240 1309 1281 profuit
1330 1252 1384 1270 ara
1408 1240 1496 1270 Iovis.

234 1285 363 1324 Ideoque
386 1282 575 1318 domesticus,
601 1280 722 1312 cortaZis
744 1286 773 1310 et
794 1282 923 1321 sepiitius
944 1282 1057 1321 Iupiter
1079 1283 1199 1313 (licitur.
1222 1284 1309 1313 Dac.
1356 1284 1440 1312 Adde
1462 1284 1539 1312 infra
1561 1282 1719 1313 Peneirale.
1767 1281 1872 1313 Goth.

400 1324 645 1365 HippagineS.
688 1321 894 1364 Ἰππαγωγούς
916 1325 1023 1353 Graeci
1046 1331 1165 1355 vocant.
1200 1325 1352 1364 Aristoph.
1375 1327 1407 1354 in
1428 1326 1527 1364 Equit.
1552 1325 1663 1364 (599.):
1697 1326 1753 1361 Εἰς
1776 1324 1828 1361 τὰς
1850 1322 2042 1364 ἱππαγωγοὺς
2064 1323 2180 1362 εἰσεπή-

236 1371 298 1400 δων
321 1366 477 1408 ἀνδρικῶς.
521 1368 565 1396 Ab
594 1367 688 1403 ἵππος
717 1376 810 1405 equus
834 1371 862 1395 et
884 1364 946 1406 ὂὶγω
969 1367 1048 1396 duco
1070 1367 1251 1408 hippagogas
1274 1368 1351 1397 dixit
1373 1368 1474 1397 Livius
1497 1367 1627 1407 (XLIV,
1652 1369 1720 1405 28.)
1744 1365 1903 1407 ἱππαγωγοὶ
1924 1369 2013 1397 πλοῖα
2035 1367 2180 1396 Herodot.

235 1411 341 1450 Polyb.
363 1405 522 1450 [nnnymig.
545 1409 633 1438 Dac.
678 1410 769 1437 Antea
793 1410 868 1437 male
889 1410 1012 1445 ἵππους.
1058 1408 1163 1440 Goth.
1284 1421 1289 1426 ·

401 1451 602 1492 Hirtipili.
646 1450 799 1490 Hircipili.
838 1451 897 1487 Qui
920 1452 998 1490 pilus
1020 1451 1130 1480 habent
1152 1453 1262 1481 similes
1283 1452 1415 1481 hircinis.
1450 1452 1483 1480 In
1505 1452 1627 1490 antiqua
1651 1451 1862 1480 Mediolanensi
1884 1450 2006 1488 legitur:
2036 1449 2182 1490 Hircipili

237 1495 389 1524 densorum
410 1493 538 1534 pilorum
561 1493 699 1523 homines.
736 1494 841 1522 Graeci
865 1499 973 1523 vocant
995 1492 1175 1534 δασύτριχες.
1216 1496 1250 1523 In
1273 1495 1343 1525 edit.
1367 1495 1478 1523 Veneta
1502 1495 1567 1523 Ant.
1593 1494 1760 1532 Augustin.:
1789 1492 1935 1533 Hircipili
1956 1491 2078 1522 duorum
2099 1492 2181 1533 pilo-

237 1549 300 1567 rum
328 1537 466 1567 homines.
509 1537 575 1565 Non
603 1536 728 1564 dubium
759 1541 818 1573 est,
857 1537 928 1574 quin
958 1538 1101 1575 scriptum
1124 1537 1214 1566 suerit
1236 1536 1374 1566 durorum
1395 1536 1524 1576 pilorum
1547 1536 1686 1565 homines.
1731 1537 1809 1574 Ergo
1830 1535 1963 1575 hircipili
1985 1533 2181 1576 τραχύτριχες,

238 1590 329 1619 quare
351 1580 457 1609 melius
479 1579 579 1607 forsan
603 1577 748 1618 hirsipili,
777 1584 811 1607 ut
832 1579 862 1606 in
886 1579 945 1607 MS.
966 1579 1050 1607 Pauli
1074 1579 1140 1607 cod.
1164 1580 1246 1609 Voss.
1290 1579 1370 1608 Dae

400 1619 653 1661 Hirquiialli.
699 1621 771 1648 Vide
792 1621 822 1648 in
844 1619 1002 1660 Irquitalli.
1047 1621 1226 1650 Censorinus
1248 1631 1312 1659 cap.
1325 1621 1354 1651 4.
1379 1620 1415 1648 de
1439 1620 1486 1648 die
1508 1620 1609 1648 natali.
1657 1619 1731 1648 Voae
1759 1620 1886 1648 crassior
1914 1626 1940 1647 et
1962 1619 2125 1660 inaequalis
2145 1621 2183 1660 fi¹

243 1664 353 1693 homini
372 1662 432 1693 ΙΙΙ.
455 1661 650 1692 hebdomada.
684 1661 755 1691 Hoc
776 1661 951 1691 Aristoteles
973 1661 1103 1702 appellat
1125 1664 1335 1704 τραγίζειν,
1360 1663 1475 1702 antiqui
1496 1663 1589 1691 nostri
1610 1660 1824 1701 hirquitallire‚
1845 1668 1871 1689 et
1893 1660 1960 1690 inde
1981 1662 2060 1701 ipsos
2079 1670 2184 1702 putant

239 1705 426 1747 hirquitallus
453 1704 613 1745 appellari,
651 1703 731 1744 quod
753 1712 823 1734 tunc
845 1716 950 1744 corpus
971 1704 1084 1733 hircum
1106 1705 1182 1734 olere
1203 1706 1336 1744 incipiat.
1382 1705 1480 1733 Velius
1504 1705 1619 1742 Longus
1641 1704 1718 1742 (pag.
1731 1705 1824 1736 2223.
1849 1703 1893 1733 ed.
1916 1703 2066 1743 Pulsch.):
2102 1703 2186 1734 Hinc

241 1755 362 1777 tractum
386 1756 443 1784 est,
477 1755 508 1779 ut
527 1758 592 1785 eos,
625 1748 676 1787 qui
697 1755 761 1776 sunt
785 1748 815 1776 in
837 1746 942 1776 adulta
964 1755 1057 1776 aetate
1078 1747 1266 1788 hirquitallos
1287 1759 1430 1777 vocemus.
1455 1746 1559 1776 Fulv.
1588 1746 1664 1775 Urs.
1710 1747 1845 1775 Glossae:
1881 1744 2043 1786 Irquitalus
2065 1745 2186 1785 νηπιώ-

241 1803 334 1826 τατος.
375 1792 427 1820 Et:
464 1789 561 1830 Irquis
589 1801 719 1828 τραγιων
747 1801 819 1825 παις
845 1787 921 1828 α’ρχη
944 1791 1097 1829 νηβιοσος.
1142 1791 1217 1828 Lege
1239 1791 1367 1829 τραγιών
1389 1793 1459 1825 παῖς
1480 1787 1576 1828 ἀρχὴν
1597 1786 1749 1827 ἦβιώσας,
1787 1789 1834 1817 vel
1858 1791 1976 1829 τραγαῒν
1998 1792 2068 1826 παῖς
2090 1786 2188 1829 ἀκμὴν

242 1829 370 1871 ήβώσας.
395 1831 496 1862 Scal.
541 1832 592 1861 His
615 1832 708 1868 adde,
737 1842 814 1870 quae
839 1833 875 1860 de
899 1831 1018 1860 hircoso
1041 1833 1147 1872 scripsi
1170 1833 1207 1861 ad
1231 1833 1249 1862 l.
1266 1835 1312 1864 12.
1336 1833 1367 1860 in
1389 1832 1438 1862 fin.
1463 1832 1492 1861 ff.
1515 1832 1552 1860 de
1574 1831 1721 1860 aedilicio.
1770 1830 1875 1860 Goth.

406 1874 512 1904 Hira.
558 1875 653 1904 Plaut.
679 1876 761 1913 Capt.
779 1875 819 1905 11.
845 1879 872 1905 1.
898 1876 999 1911 (Cure.
1017 1875 1060 1907 11,
1087 1879 1120 1911 1,
1146 1875 1228 1913 23,):

819 1915 951 1946 Radices
973 1915 1072 1946 cordis
1090 1925 1224 1956 pereunt,
1261 1917 1341 1946 hirae
1362 1928 1460 1945 omnes
1483 1914 1590 1944 dolent.

251 1956 293 1983 Ab
317 1956 393 1993 hira,
416 1958 526 1996 hirula,
549 1958 633 1990 billa.
666 1959 781 1988 Dicitur
802 1964 831 1988 et
853 1958 957 1988 Izillum
981 1960 1011 1987 in
1034 1965 1138 1988 neutro
1162 1970 1284 1997 genere,
1308 1959 1389 1998 quod
1411 1959 1503 1987 Varro
1526 1958 1561 1986 ab
1585 1956 1646 1987 hilo
1670 1958 1803 1993 derivat,
1827 1957 1859 1986 id
1881 1962 1924 1985 est
1947 1957 2077 1986 minimo.
2099 1957 2187 1987 Dac.

253 1998 292 2024 l)e
314 2008 343 2026 v.
363 1999 437 2027 [lilla
461 2002 497 2029 cf.
523 2003 594 2030 Non.
619 2012 684 2040 pag.
701 2005 770 2034 122.
795 2002 885 2030 Mero.

413 2040 641 2081 Hippacare.
688 2047 723 2072 At
745 2044 850 2073 Isidori
876 2044 1013 2073 Glossae:
1037 2044 1204 2084 Hippitare.
1229 2043 1327 2073 Scal.
1365 2044 1389 2072 A
1413 2043 1526 2072 Graeco
1548 2042 1641 2078 ἵππος
1664 2052 1765 2081 equuS.
1804 2041 1838 2070 In
1857 2041 1964 2071 Isidori
1986 2041 2092 2080 glossis
2114 2042 2188 2080 legi-

252 2086 315 2109 tur:
348 2080 519 2120 Hippicnre‚
543 2088 680 2121 oscitare,
705 2085 823 2116 baclare.
867 2087 958 2117 Dae.

415 2122 551 2154 Hilum.
595 2128 720 2157 Hillum.
753 2130 934 2158 Glossarium
959 2131 1020 2158 sine
1044 2129 1235 2167 aspiratione:
1259 2127 1348 2157 Illum
1371 2125 1529 2166 νάρθηκος
1550 2125 1583 2158 τὰ
1605 2125 1697 2162 ἐντός.
1731 2127 1765 2155 Et
1782 2126 1824 2154 ita
1846 2125 1877 2154 in
1893 2126 2015 2163 Plauto,
2039 2130 2072 2154 ut
2093 2130 2190 2154 osten-

254 2165 357 2194 demus
380 2164 553 2202 aliquando‚
577 2169 600 2195 si
621 2170 696 2198 Deus
720 2171 834 2201 faverit.
857 2170 958 2202 scal.
998 2173 1145 2200 Minulum
1167 2171 1260 2207 illud,
1284 2170 1364 2208 quod
1388 2181 1478 2208 grano
1501 2170 1583 2199 sabae
1606 2169 1757 2198 adhaeret.
1795 2168 1890 2197 Varro
1913 2168 1943 2197 in
1965 2178 2064 2197 rerum
2086 2167 2191 2196 huma-

254 2217 358 2235 narum
383 2206 468 2253 libris
487 2208 527 2235 sic
552 2209 719 2240 intestinum
741 2215 944 2242 tenuissimum
967 2214 1025 2243 dici
1050 2219 1151 2252 putat,
1174 2214 1255 2252 quod
1277 2212 1381 2242 hillum
1404 2218 1540 2243 vocatur,
1579 2212 1638 2240 Alii
1661 2212 1822 2241 medullam
1843 2211 1950 2248 ferale,
1973 2221 2060 2249 quam
2082 2210 2190 2250 aspho-

256 2250 344 2278 (181υῦ
367 2250 471 2276 Gffleffl
494 2256 617 2285 meant,
654 2254 701 2280 eui
724 2257 881 2291 posteriori
903 2258 1066 2285 sententiae
1091 2257 1211 2284 Glossae
1234 2256 1423 2284 consentiunt
1445 2266 1534 2294 supra
1557 2255 1674 2284 allatae.
1720 2254 1777 2283 Sed
1800 2253 1886 2282 facile
1907 2253 2053 2293 probatur
2074 2258 2189 2282 veteres

257 2291 375 2329 quidvis
397 2291 600 2319 tenuissimum
624 2293 727 2322 billum
749 2297 872 2334 dixisse,
903 2304 933 2326 ut
956 2300 1081 2327 vestium
1105 2299 1180 2337 pilos
1203 2298 1328 2326 Ennius:

786 2338 866 2375 Quae
889 2339 984 2376 dedit,
1010 2342 1070 2379 ipse
1091 2342 1169 2379 capii
1192 2352 1280 2380 neque
1302 2337 1436 2379 dispendi
1455 2337 1534 2379 facit
1556 2337 1658 2368 hilum.

260 2377 283 2404 Α
303 2387 336 2404 ne
358 2379 387 2403 et
407 2374 496 2404 hilum
520 2375 641 2405 nihilum
664 2387 715 2415 per
735 2389 885 2418 apocopen
908 2382 989 2412 nihil.
1013 2383 1102 2413 Dac.
1134 2381 1253 2411 Hillum
1270 2382 1364 2411 Nouio
1387 2381 1465 2421 (pag.
1481 2380 1563 2420 121.)
1585 2386 1614 2411 et
1628 2381 1728 2410 Hilum
1752 2379 1928 2419 promiscue.
1955 2377 2056 2408 Goth.
2089 2377 2189 2416 Nihil,-

259 2417 328 2447 vide
345 2417 421 2446 infra
442 2417 545 2447 Nihili.
589 2417 701 2449 Idem.
