<?xml version="1.0" encoding="UTF-8"?>
<!DOCTYPE html PUBLIC "-//W3C//DTD XHTML 1.0 Transitional//EN"
    "http://www.w3.org/TR/xhtml1/DTD/xhtml1-transitional.dtd">
<html xmlns="http://www.w3.org/1999/xhtml" xml:lang="en" lang="en">
 <head>
  <title>
</title>
<meta http-equiv="Content-Type" content="text/html;charset=utf-8" />
  <meta name='ocr-system' content='tesseract 3.04.00' />
  <meta name='ocr-capabilities' content='ocr_page ocr_carea ocr_par ocr_line ocrx_word'/>
</head>
<body>
  <div class='ocr_page' id='page_1' title='image "./corpusgrammatico01linduoft_0343.png"; bbox 0 0 2263 2668; ppageno 0'>
   <div class='ocr_carea' id='block_1_1' title="bbox 67 124 2030 836">
    <p class='ocr_par' dir='ltr' id='par_1_1' title="bbox 561 124 2026 163">
     <span class='ocr_line' id='line_1_1' title="bbox 561 124 2026 163; baseline -0.002 0"><span class='ocrx_word' id='word_1_1' title='bbox 561 129 652 163; x_wconf 84' lang='lat' dir='ltr'>ARS</span> <span class='ocrx_word' id='word_1_2' title='bbox 679 128 743 161; x_wconf 90' lang='lat' dir='ltr'>DE</span> <span class='ocrx_word' id='word_1_3' title='bbox 771 126 961 162; x_wconf 87' lang='lat' dir='ltr'>NOMINE</span> <span class='ocrx_word' id='word_1_4' title='bbox 986 124 1054 159; x_wconf 87' lang='lat' dir='ltr'>ET</span> <span class='ocrx_word' id='word_1_5' title='bbox 1079 124 1255 160; x_wconf 86' lang='lat' dir='ltr'>VERBO.</span> <span class='ocrx_word' id='word_1_6' title='bbox 1314 125 1458 161; x_wconf 85' lang='lat' dir='ltr'>SEGM.</span> <span class='ocrx_word' id='word_1_7' title='bbox 1486 127 1528 161; x_wconf 92' lang='lat'>11.</span> <span class='ocrx_word' id='word_1_8' title='bbox 1952 127 2026 160; x_wconf 75' lang='lat'>327</span> 
     </span>
    </p>

    <p class='ocr_par' dir='ltr' id='par_1_2' title="bbox 67 218 2030 836">
     <span class='ocr_line' id='line_1_2' title="bbox 236 218 2030 268; baseline -0.003 -9"><span class='ocrx_word' id='word_1_9' title='bbox 236 225 271 259; x_wconf 79' lang='lat'>8.</span> <span class='ocrx_word' id='word_1_10' title='bbox 322 224 379 258; x_wconf 85' lang='lat' dir='ltr'>Er</span> <span class='ocrx_word' id='word_1_11' title='bbox 395 223 525 268; x_wconf 76' lang='lat' dir='ltr'>syllaba</span> <span class='ocrx_word' id='word_1_12' title='bbox 542 222 651 263; x_wconf 84' lang='lat' dir='ltr'>finita,</span> <span class='ocrx_word' id='word_1_13' title='bbox 679 222 825 266; x_wconf 80' lang='lat' dir='ltr'>exceptis</span> <span class='ocrx_word' id='word_1_14' title='bbox 844 220 975 254; x_wconf 90' lang='lat' dir='ltr'>duobus</span> <span class='ocrx_word' id='word_1_15' title='bbox 993 218 1142 252; x_wconf 87' lang='lat' dir='ltr'>feminini</span> <span class='ocrx_word' id='word_1_16' title='bbox 1161 219 1308 263; x_wconf 82' lang='lat' dir='ltr'>generis,</span> <span class='ocrx_word' id='word_1_17' title='bbox 1335 218 1422 254; x_wconf 88' lang='lat' dir='ltr'>haec</span> <span class='ocrx_word' id='word_1_18' title='bbox 1438 226 1560 261; x_wconf 84' lang='lat' dir='ltr'>mater,</span> <span class='ocrx_word' id='word_1_19' title='bbox 1583 220 1675 255; x_wconf 86' lang='lat' dir='ltr'>haec</span> <span class='ocrx_word' id='word_1_20' title='bbox 1695 221 1833 262; x_wconf 87' lang='lat' dir='ltr'>mulier,</span> <span class='ocrx_word' id='word_1_21' title='bbox 1862 225 1894 253; x_wconf 89' lang='lat' dir='ltr'>et</span> <span class='ocrx_word' id='word_1_22' title='bbox 1909 222 2030 253; x_wconf 84' lang='lat' dir='ltr'>neutris</span> 
     </span>
     <span class='ocr_line' id='line_1_3' title="bbox 71 269 2026 318; baseline -0.004 -6"><span class='ocrx_word' id='word_1_23' title='bbox 71 276 170 312; x_wconf 61' lang='lat' dir='ltr'>hisffl:</span> <span class='ocrx_word' id='word_1_24' title='bbox 202 277 272 312; x_wconf 88' lang='lat' dir='ltr'>hoc</span> <span class='ocrx_word' id='word_1_25' title='bbox 299 278 398 317; x_wconf 78' lang='lat' dir='ltr'>uber,</span> <span class='ocrx_word' id='word_1_26' title='bbox 431 276 545 315; x_wconf 88' lang='lat' dir='ltr'>suber,</span> <span class='ocrx_word' id='word_1_27' title='bbox 582 285 752 318; x_wconf 86' lang='lat' dir='ltr'>papaver,</span> <span class='ocrx_word' id='word_1_28' title='bbox 787 273 948 312; x_wconf 86' lang='lat' dir='ltr'>cadaver,</span> <span class='ocrx_word' id='word_1_29' title='bbox 981 271 1085 311; x_wconf 89' lang='lat' dir='ltr'>laser,</span> <span class='ocrx_word' id='word_1_30' title='bbox 1118 271 1231 311; x_wconf 88' lang='lat' dir='ltr'>tuber,</span> <span class='ocrx_word' id='word_1_31' title='bbox 1258 271 1352 311; x_wconf 90' lang='lat' dir='ltr'>siler,</span> <span class='ocrx_word' id='word_1_32' title='bbox 1379 272 1474 315; x_wconf 86' lang='lat' dir='ltr'>siser,</span> <span class='ocrx_word' id='word_1_33' title='bbox 1503 269 1633 314; x_wconf 82' lang='lat' dir='ltr'>cicer²⁹,</span> <span class='ocrx_word' id='word_1_34' title='bbox 1661 274 1742 315; x_wconf 90' lang='lat' dir='ltr'>iter,</span> <span class='ocrx_word' id='word_1_35' title='bbox 1769 283 1856 315; x_wconf 90' lang='lat' dir='ltr'>quae</span> <span class='ocrx_word' id='word_1_36' title='bbox 1891 271 2026 318; x_wconf 63' lang='lat'>[1594]</span> 
     </span>
     <span class='ocr_line' id='line_1_4' title="bbox 72 322 2028 366; baseline -0.004 -2"><span class='ocrx_word' id='word_1_37' title='bbox 72 331 184 364; x_wconf 86' lang='lat' dir='ltr'>omnia</span> <span class='ocrx_word' id='word_1_38' title='bbox 198 330 314 363; x_wconf 77' lang='lat' dir='ltr'><strong>tertiae</strong></span> <span class='ocrx_word' id='word_1_39' title='bbox 329 333 402 361; x_wconf 77' lang='lat' dir='ltr'>sunt</span> <span class='ocrx_word' id='word_1_40' title='bbox 417 326 644 361; x_wconf 77' lang='lat' dir='ltr'>declinationis</span> <span class='ocrx_word' id='word_1_41' title='bbox 653 322 688 366; x_wconf 78' lang='lat'>3⁰,</span> <span class='ocrx_word' id='word_1_42' title='bbox 716 329 846 359; x_wconf 87' lang='lat' dir='ltr'>caetera</span> <span class='ocrx_word' id='word_1_43' title='bbox 862 322 1034 357; x_wconf 80' lang='lat' dir='ltr'>masculini</span> <span class='ocrx_word' id='word_1_44' title='bbox 1048 327 1120 355; x_wconf 85' lang='lat' dir='ltr'>sunt</span> <span class='ocrx_word' id='word_1_45' title='bbox 1135 323 1283 366; x_wconf 86' lang='lat' dir='ltr'>generis,</span> <span class='ocrx_word' id='word_1_46' title='bbox 1311 322 1375 355; x_wconf 90' lang='lat' dir='ltr'>alia</span> <span class='ocrx_word' id='word_1_47' title='bbox 1394 324 1577 366; x_wconf 81' lang='lat' dir='ltr'>secundae,</span> <span class='ocrx_word' id='word_1_48' title='bbox 1608 324 1673 356; x_wconf 89' lang='lat' dir='ltr'>alia</span> <span class='ocrx_word' id='word_1_49' title='bbox 1692 324 1806 357; x_wconf 79' lang='lat' dir='ltr'>tertiae</span> <span class='ocrx_word' id='word_1_50' title='bbox 1829 323 2028 356; x_wconf 88' lang='lat' dir='ltr'>declinatio—</span> 
     </span>
     <span class='ocr_line' id='line_1_5' title="bbox 70 373 2027 423; baseline -0.004 -8"><span class='ocrx_word' id='word_1_51' title='bbox 70 383 128 416; x_wconf 89' lang='lat' dir='ltr'>nis.</span> <span class='ocrx_word' id='word_1_52' title='bbox 180 381 368 414; x_wconf 86' lang='lat' dir='ltr'>Masculina</span> <span class='ocrx_word' id='word_1_53' title='bbox 395 381 496 423; x_wconf 80' lang='lat' dir='ltr'>igitur</span> <span class='ocrx_word' id='word_1_54' title='bbox 521 378 554 410; x_wconf 90' lang='lat' dir='ltr'>in</span> <span class='ocrx_word' id='word_1_55' title='bbox 576 388 614 410; x_wconf 81' lang='lat' dir='ltr'>er</span> <span class='ocrx_word' id='word_1_56' title='bbox 639 377 804 420; x_wconf 81' lang='lat' dir='ltr'>syllabam</span> <span class='ocrx_word' id='word_1_57' title='bbox 823 375 1018 416; x_wconf 83' lang='lat' dir='ltr'>desinentia,</span> <span class='ocrx_word' id='word_1_58' title='bbox 1046 374 1070 406; x_wconf 87' lang='lat' dir='ltr'>si</span> <span class='ocrx_word' id='word_1_59' title='bbox 1091 373 1217 407; x_wconf 87' lang='lat' dir='ltr'>faciunt</span> <span class='ocrx_word' id='word_1_60' title='bbox 1242 385 1281 406; x_wconf 84' lang='lat' dir='ltr'>ex</span> <span class='ocrx_word' id='word_1_61' title='bbox 1304 385 1339 406; x_wconf 88' lang='lat' dir='ltr'>se</span> <span class='ocrx_word' id='word_1_62' title='bbox 1364 375 1536 415; x_wconf 84' lang='lat' dir='ltr'>feminina,</span> <span class='ocrx_word' id='word_1_63' title='bbox 1565 387 1588 408; x_wconf 84' lang='lat' dir='ltr'><em>a</em></span> <span class='ocrx_word' id='word_1_64' title='bbox 1614 376 1725 408; x_wconf 85' lang='lat' dir='ltr'>littera</span> <span class='ocrx_word' id='word_1_65' title='bbox 1749 375 1939 417; x_wconf 79' lang='lat' dir='ltr'>terminata,</span> <span class='ocrx_word' id='word_1_66' title='bbox 1975 386 2027 408; x_wconf 83' lang='lat' dir='ltr'>se-</span> 
     </span>
     <span class='ocr_line' id='line_1_6' title="bbox 71 425 2025 473; baseline -0.008 -6"><span class='ocrx_word' id='word_1_67' title='bbox 71 433 173 468; x_wconf 90' lang='lat' dir='ltr'>cundi</span> <span class='ocrx_word' id='word_1_68' title='bbox 190 437 264 466; x_wconf 82' lang='lat' dir='ltr'>sunt</span> <span class='ocrx_word' id='word_1_69' title='bbox 284 432 422 473; x_wconf 77' lang='lat' dir='ltr'>ordinis,</span> <span class='ocrx_word' id='word_1_70' title='bbox 450 435 485 463; x_wconf 84' lang='lat' dir='ltr'>ut</span> <span class='ocrx_word' id='word_1_71' title='bbox 502 429 559 462; x_wconf 91' lang='lat' dir='ltr'>hic</span> <span class='ocrx_word' id='word_1_72' title='bbox 577 425 766 473; x_wconf 82' lang='lat' dir='ltr'>pulcher³¹,</span> <span class='ocrx_word' id='word_1_73' title='bbox 795 432 879 470; x_wconf 85' lang='lat' dir='ltr'>ater,</span> <span class='ocrx_word' id='word_1_74' title='bbox 905 428 1018 471; x_wconf 88' lang='lat' dir='ltr'>niger;</span> <span class='ocrx_word' id='word_1_75' title='bbox 1046 436 1188 468; x_wconf 90' lang='lat' dir='ltr'>quorum</span> <span class='ocrx_word' id='word_1_76' title='bbox 1206 425 1362 457; x_wconf 86' lang='lat' dir='ltr'>feminina</span> <span class='ocrx_word' id='word_1_77' title='bbox 1377 431 1466 468; x_wconf 87' lang='lat' dir='ltr'>sunt,</span> <span class='ocrx_word' id='word_1_78' title='bbox 1493 427 1654 471; x_wconf 86' lang='lat' dir='ltr'>pulchra,</span> <span class='ocrx_word' id='word_1_79' title='bbox 1683 432 1770 469; x_wconf 83' lang='lat' dir='ltr'>atra,</span> <span class='ocrx_word' id='word_1_80' title='bbox 1797 427 1903 471; x_wconf 86' lang='lat' dir='ltr'>nigra.</span> <span class='ocrx_word' id='word_1_81' title='bbox 1950 426 2025 458; x_wconf 78' lang='lat' dir='ltr'>No-</span> 
     </span>
     <span class='ocr_line' id='line_1_7' title="bbox 69 475 2025 528; baseline -0.004 -10"><span class='ocrx_word' id='word_1_82' title='bbox 69 490 157 518; x_wconf 84' lang='lat' dir='ltr'>tatur</span> <span class='ocrx_word' id='word_1_83' title='bbox 173 488 359 528; x_wconf 84' lang='lat' dir='ltr'>sequester,</span> <span class='ocrx_word' id='word_1_84' title='bbox 385 481 478 526; x_wconf 86' lang='lat' dir='ltr'>quod</span> <span class='ocrx_word' id='word_1_85' title='bbox 495 486 664 524; x_wconf 85' lang='lat' dir='ltr'>sequestra</span> <span class='ocrx_word' id='word_1_86' title='bbox 682 480 762 513; x_wconf 88' lang='lat' dir='ltr'>facit</span> <span class='ocrx_word' id='word_1_87' title='bbox 777 479 988 519; x_wconf 82' lang='lat' dir='ltr'>femininum,</span> <span class='ocrx_word' id='word_1_88' title='bbox 1017 481 1050 510; x_wconf 86' lang='lat' dir='ltr'>et</span> <span class='ocrx_word' id='word_1_89' title='bbox 1073 481 1119 509; x_wconf 90' lang='lat' dir='ltr'>est</span> <span class='ocrx_word' id='word_1_90' title='bbox 1141 477 1256 510; x_wconf 82' lang='lat' dir='ltr'>tertiae</span> <span class='ocrx_word' id='word_1_91' title='bbox 1276 477 1502 510; x_wconf 79' lang='lat' dir='ltr'>declinationis</span> <span class='ocrx_word' id='word_1_92' title='bbox 1512 475 1544 511; x_wconf 76' lang='lat'>³².</span> <span class='ocrx_word' id='word_1_93' title='bbox 1598 475 1728 520; x_wconf 80' lang='lat' dir='ltr'>Quae³³</span> <span class='ocrx_word' id='word_1_94' title='bbox 1743 489 1782 510; x_wconf 86' lang='lat' dir='ltr'>ex</span> <span class='ocrx_word' id='word_1_95' title='bbox 1805 490 1839 511; x_wconf 89' lang='lat' dir='ltr'>se</span> <span class='ocrx_word' id='word_1_96' title='bbox 1857 481 1913 510; x_wconf 90' lang='lat' dir='ltr'>aut</span> <span class='ocrx_word' id='word_1_97' title='bbox 1932 477 2025 511; x_wconf 86' lang='lat' dir='ltr'>nulla</span> 
     </span>
     <span class='ocr_line' id='line_1_8' title="bbox 69 526 2024 577; baseline -0.005 -7"><span class='ocrx_word' id='word_1_98' title='bbox 69 537 197 570; x_wconf 85' lang='lat' dir='ltr'>faciunt</span> <span class='ocrx_word' id='word_1_99' title='bbox 221 535 395 577; x_wconf 83' lang='lat' dir='ltr'>feminina,</span> <span class='ocrx_word' id='word_1_100' title='bbox 425 538 482 566; x_wconf 83' lang='lat' dir='ltr'>aut</span> <span class='ocrx_word' id='word_1_101' title='bbox 506 533 539 565; x_wconf 92' lang='lat' dir='ltr'>in</span> <span class='ocrx_word' id='word_1_102' title='bbox 559 533 589 565; x_wconf 75' lang='lat' dir='ltr'>is</span> <span class='ocrx_word' id='word_1_103' title='bbox 608 533 771 576; x_wconf 75' lang='lat' dir='ltr'>syllabam</span> <span class='ocrx_word' id='word_1_104' title='bbox 797 527 970 572; x_wconf 77' lang='lat' dir='ltr'>mittunt³⁴,</span> <span class='ocrx_word' id='word_1_105' title='bbox 998 528 1114 561; x_wconf 78' lang='lat' dir='ltr'>tertiae</span> <span class='ocrx_word' id='word_1_106' title='bbox 1141 533 1215 561; x_wconf 87' lang='lat' dir='ltr'>sunt</span> <span class='ocrx_word' id='word_1_107' title='bbox 1237 526 1509 572; x_wconf 77' lang='lat' dir='ltr'>declinationis³⁵‚</span> <span class='ocrx_word' id='word_1_108' title='bbox 1536 529 1592 564; x_wconf 89' lang='lat' dir='ltr'>hic</span> <span class='ocrx_word' id='word_1_109' title='bbox 1619 535 1732 574; x_wconf 89' lang='lat' dir='ltr'>pater,</span> <span class='ocrx_word' id='word_1_110' title='bbox 1759 530 1877 572; x_wconf 85' lang='lat' dir='ltr'>frater,</span> <span class='ocrx_word' id='word_1_111' title='bbox 1898 540 2024 573; x_wconf 87' lang='lat' dir='ltr'>passer,</span> 
     </span>
     <span class='ocr_line' id='line_1_9' title="bbox 69 579 2025 632; baseline -0.004 -12"><span class='ocrx_word' id='word_1_112' title='bbox 69 584 257 632; x_wconf 77' lang='lat' dir='ltr'>passeris³⁶,</span> <span class='ocrx_word' id='word_1_113' title='bbox 295 596 405 624; x_wconf 80' lang='lat' dir='ltr'>anser,</span> <span class='ocrx_word' id='word_1_114' title='bbox 438 595 567 626; x_wconf 75' lang='lat' dir='ltr'>carcer,</span> <span class='ocrx_word' id='word_1_115' title='bbox 602 595 726 628; x_wconf 80' lang='lat' dir='ltr'>agger,</span> <span class='ocrx_word' id='word_1_116' title='bbox 760 594 853 621; x_wconf 87' lang='lat' dir='ltr'>acer;</span> <span class='ocrx_word' id='word_1_117' title='bbox 885 593 961 615; x_wconf 89' lang='lat' dir='ltr'>nam</span> <span class='ocrx_word' id='word_1_118' title='bbox 988 580 1181 613; x_wconf 88' lang='lat' dir='ltr'>femininum</span> <span class='ocrx_word' id='word_1_119' title='bbox 1209 579 1288 613; x_wconf 89' lang='lat' dir='ltr'>facit</span> <span class='ocrx_word' id='word_1_120' title='bbox 1314 579 1402 614; x_wconf 88' lang='lat' dir='ltr'>haec</span> <span class='ocrx_word' id='word_1_121' title='bbox 1428 581 1526 623; x_wconf 88' lang='lat' dir='ltr'>acris,</span> <span class='ocrx_word' id='word_1_122' title='bbox 1562 586 1597 614; x_wconf 86' lang='lat' dir='ltr'>ut</span> <span class='ocrx_word' id='word_1_123' title='bbox 1623 581 1799 614; x_wconf 86' lang='lat' dir='ltr'>Horatius:</span> <span class='ocrx_word' id='word_1_124' title='bbox 1845 580 2025 626; x_wconf 80' lang='lat' dir='ltr'>[Solvitur</span> 
     </span>
     <span class='ocr_line' id='line_1_10' title="bbox 70 629 2026 683; baseline -0.008 -10"><span class='ocrx_word' id='word_1_125' title='bbox 70 640 165 673; x_wconf 75' lang='lat' dir='ltr'>acris</span> <span class='ocrx_word' id='word_1_126' title='bbox 185 634 364 683; x_wconf 62' lang='grc' dir='ltr'>Ῐιίοητες]Ἠ</span> <span class='ocrx_word' id='word_1_127' title='bbox 386 636 443 670; x_wconf 87' lang='lat' dir='ltr'>hic</span> <span class='ocrx_word' id='word_1_128' title='bbox 466 636 597 676; x_wconf 84' lang='lat' dir='ltr'>alacer,</span> <span class='ocrx_word' id='word_1_129' title='bbox 624 635 756 676; x_wconf 87' lang='lat' dir='ltr'>alacris,</span> <span class='ocrx_word' id='word_1_130' title='bbox 784 635 935 676; x_wconf 80' lang='lat' dir='ltr'>volucer,</span> <span class='ocrx_word' id='word_1_131' title='bbox 962 632 1152 673; x_wconf 87' lang='lat' dir='ltr'>mediocer,</span> <span class='ocrx_word' id='word_1_132' title='bbox 1180 631 1287 675; x_wconf 88' lang='lat' dir='ltr'>celer,</span> <span class='ocrx_word' id='word_1_133' title='bbox 1318 638 1485 675; x_wconf 80' lang='lat' dir='ltr'>equester,</span> <span class='ocrx_word' id='word_1_134' title='bbox 1512 633 1677 676; x_wconf 85' lang='lat' dir='ltr'>pedester,</span> <span class='ocrx_word' id='word_1_135' title='bbox 1704 632 1868 677; x_wconf 84' lang='lat' dir='ltr'>pedestris</span> <span class='ocrx_word' id='word_1_136' title='bbox 1878 629 1912 664; x_wconf 71' lang='lat'>³3.</span> <span class='ocrx_word' id='word_1_137' title='bbox 1952 632 2026 665; x_wconf 80' lang='lat' dir='ltr'>Ex..</span> 
     </span>
     <span class='ocr_line' id='line_1_11' title="bbox 69 681 2022 734; baseline -0.003 -11"><span class='ocrx_word' id='word_1_138' title='bbox 69 691 236 734; x_wconf 83' lang='lat' dir='ltr'>cipiuntur</span> <span class='ocrx_word' id='word_1_139' title='bbox 262 684 414 733; x_wconf 82' lang='lat' dir='ltr'>pauca³⁹,</span> <span class='ocrx_word' id='word_1_140' title='bbox 452 699 538 731; x_wconf 78' lang='lat' dir='ltr'>quae</span> <span class='ocrx_word' id='word_1_141' title='bbox 566 688 715 730; x_wconf 86' lang='lat' dir='ltr'>quamvis</span> <span class='ocrx_word' id='word_1_142' title='bbox 742 687 775 718; x_wconf 91' lang='lat' dir='ltr'>in</span> <span class='ocrx_word' id='word_1_143' title='bbox 802 686 994 718; x_wconf 86' lang='lat' dir='ltr'>femininum</span> <span class='ocrx_word' id='word_1_144' title='bbox 1017 695 1123 728; x_wconf 84' lang='lat' dir='ltr'>genus</span> <span class='ocrx_word' id='word_1_145' title='bbox 1151 695 1175 716; x_wconf 83' lang='lat' dir='ltr'><em>a</em></span> <span class='ocrx_word' id='word_1_146' title='bbox 1201 681 1447 716; x_wconf 71' lang='lat' dir='ltr'>terminatum⁴⁰</span> <span class='ocrx_word' id='word_1_147' title='bbox 1471 684 1605 718; x_wconf 85' lang='lat' dir='ltr'>minime</span> <span class='ocrx_word' id='word_1_148' title='bbox 1631 688 1812 725; x_wconf 83' lang='lat' dir='ltr'>transeant,</span> <span class='ocrx_word' id='word_1_149' title='bbox 1854 683 2022 717; x_wconf 85' lang='lat' dir='ltr'>secundae</span> 
     </span>
     <span class='ocr_line' id='line_1_12' title="bbox 67 735 2019 782; baseline -0.004 -8"><span class='ocrx_word' id='word_1_150' title='bbox 67 747 179 774; x_wconf 82' lang='lat' dir='ltr'>tamen</span> <span class='ocrx_word' id='word_1_151' title='bbox 204 745 278 774; x_wconf 85' lang='lat' dir='ltr'>sunt</span> <span class='ocrx_word' id='word_1_152' title='bbox 304 739 552 781; x_wconf 81' lang='lat' dir='ltr'>declinationis,</span> <span class='ocrx_word' id='word_1_153' title='bbox 579 744 616 771; x_wconf 87' lang='lat' dir='ltr'>ut</span> <span class='ocrx_word' id='word_1_154' title='bbox 639 738 695 771; x_wconf 91' lang='lat' dir='ltr'>hic</span> <span class='ocrx_word' id='word_1_155' title='bbox 722 749 824 782; x_wconf 86' lang='lat' dir='ltr'>puer,</span> <span class='ocrx_word' id='word_1_156' title='bbox 852 748 971 782; x_wconf 85' lang='lat' dir='ltr'>gener,</span> <span class='ocrx_word' id='word_1_157' title='bbox 999 746 1111 777; x_wconf 90' lang='lat' dir='ltr'>socer,</span> <span class='ocrx_word' id='word_1_158' title='bbox 1138 735 1237 777; x_wconf 90' lang='lat' dir='ltr'>liber,</span> <span class='ocrx_word' id='word_1_159' title='bbox 1265 736 1401 777; x_wconf 88' lang='lat' dir='ltr'>Auster,</span> <span class='ocrx_word' id='word_1_160' title='bbox 1430 747 1527 779; x_wconf 87' lang='lat' dir='ltr'>aper,</span> <span class='ocrx_word' id='word_1_161' title='bbox 1554 747 1692 777; x_wconf 85' lang='lat' dir='ltr'>cancer,</span> <span class='ocrx_word' id='word_1_162' title='bbox 1719 737 1878 775; x_wconf 88' lang='lat' dir='ltr'>oleaster,</span> <span class='ocrx_word' id='word_1_163' title='bbox 1906 745 2019 778; x_wconf 89' lang='lat' dir='ltr'>caper,</span> 
     </span>
     <span class='ocr_line' id='line_1_13' title="bbox 69 782 2021 836; baseline -0.004 -10"><span class='ocrx_word' id='word_1_164' title='bbox 69 793 194 836; x_wconf 86' lang='lat' dir='ltr'>culter,</span> <span class='ocrx_word' id='word_1_165' title='bbox 236 789 383 834; x_wconf 70' lang='lat' dir='ltr'>raster41,</span> <span class='ocrx_word' id='word_1_166' title='bbox 420 791 526 823; x_wconf 80' lang='lat' dir='ltr'>faber.</span> <span class='ocrx_word' id='word_1_167' title='bbox 588 789 702 823; x_wconf 89' lang='lat' dir='ltr'>Unum</span> <span class='ocrx_word' id='word_1_168' title='bbox 736 789 896 822; x_wconf 81' lang='lat' dir='ltr'>invenitur</span> <span class='ocrx_word' id='word_1_169' title='bbox 931 787 1113 822; x_wconf 83' lang='lat' dir='ltr'>communis</span> <span class='ocrx_word' id='word_1_170' title='bbox 1143 787 1292 831; x_wconf 82' lang='lat' dir='ltr'>generis,</span> <span class='ocrx_word' id='word_1_171' title='bbox 1334 787 1427 830; x_wconf 90' lang='lat' dir='ltr'>quod</span> <span class='ocrx_word' id='word_1_172' title='bbox 1459 787 1547 819; x_wconf 85' lang='lat' dir='ltr'>iuxta</span> <span class='ocrx_word' id='word_1_173' title='bbox 1573 789 1735 821; x_wconf 86' lang='lat' dir='ltr'>rationem</span> <span class='ocrx_word' id='word_1_174' title='bbox 1762 782 2021 820; x_wconf 69' lang='lat' dir='ltr'>connnunium⁴²</span> 
     </span>
    </p>
   </div>
   <div class='ocr_carea' id='block_1_2' title="bbox 67 837 1827 885">
    <p class='ocr_par' dir='ltr' id='par_1_3' title="bbox 67 837 1827 885">
     <span class='ocr_line' id='line_1_14' title="bbox 67 837 1827 885; baseline -0.004 -8"><span class='ocrx_word' id='word_1_175' title='bbox 67 844 156 878; x_wconf 86' lang='lat' dir='ltr'>tertii</span> <span class='ocrx_word' id='word_1_176' title='bbox 180 849 230 877; x_wconf 87' lang='lat' dir='ltr'>est</span> <span class='ocrx_word' id='word_1_177' title='bbox 255 843 395 885; x_wconf 89' lang='lat' dir='ltr'>ordinis,</span> <span class='ocrx_word' id='word_1_178' title='bbox 430 847 466 875; x_wconf 87' lang='lat' dir='ltr'>ut</span> <span class='ocrx_word' id='word_1_179' title='bbox 492 842 549 876; x_wconf 91' lang='lat' dir='ltr'>hic</span> <span class='ocrx_word' id='word_1_180' title='bbox 575 846 609 874; x_wconf 85' lang='lat' dir='ltr'>et</span> <span class='ocrx_word' id='word_1_181' title='bbox 634 841 720 875; x_wconf 90' lang='lat' dir='ltr'>haec</span> <span class='ocrx_word' id='word_1_182' title='bbox 746 837 919 885; x_wconf 72' lang='lat' dir='ltr'>pauper⁴³.</span> <span class='ocrx_word' id='word_1_183' title='bbox 973 839 1120 881; x_wconf 80' lang='lat' dir='ltr'>Quidam</span> <span class='ocrx_word' id='word_1_184' title='bbox 1143 838 1301 872; x_wconf 87' lang='lat' dir='ltr'>adiiciunt</span> <span class='ocrx_word' id='word_1_185' title='bbox 1326 838 1384 872; x_wconf 91' lang='lat' dir='ltr'>hic</span> <span class='ocrx_word' id='word_1_186' title='bbox 1405 843 1438 872; x_wconf 85' lang='lat' dir='ltr'>et</span> <span class='ocrx_word' id='word_1_187' title='bbox 1460 838 1547 872; x_wconf 87' lang='lat' dir='ltr'>haec</span> <span class='ocrx_word' id='word_1_188' title='bbox 1572 840 1672 883; x_wconf 89' lang='lat' dir='ltr'>uber,</span> <span class='ocrx_word' id='word_1_189' title='bbox 1707 839 1827 872; x_wconf 75' lang='lat' dir='ltr'>uberis.</span> 
     </span>
    </p>
   </div>
   <div class='ocr_carea' id='block_1_3' title="bbox 66 898 2020 1316">
    <p class='ocr_par' dir='ltr' id='par_1_4' title="bbox 66 898 2020 1105">
     <span class='ocr_line' id='line_1_15' title="bbox 230 898 2018 948; baseline -0.004 -10"><span class='ocrx_word' id='word_1_190' title='bbox 230 905 266 942; x_wconf 83' lang='lat'>9.</span> <span class='ocrx_word' id='word_1_191' title='bbox 320 905 362 939; x_wconf 81' lang='lat' dir='ltr'>Ir</span> <span class='ocrx_word' id='word_1_192' title='bbox 388 905 515 948; x_wconf 83' lang='lat' dir='ltr'>syllaba</span> <span class='ocrx_word' id='word_1_193' title='bbox 547 900 773 937; x_wconf 71' lang='lat' dir='ltr'>terminatur⁴⁴</span> <span class='ocrx_word' id='word_1_194' title='bbox 797 915 898 936; x_wconf 89' lang='lat' dir='ltr'>unum</span> <span class='ocrx_word' id='word_1_195' title='bbox 932 901 1200 945; x_wconf 84' lang='lat' dir='ltr'>monosyllabum</span> <span class='ocrx_word' id='word_1_196' title='bbox 1228 901 1360 946; x_wconf 83' lang='lat' dir='ltr'>generis</span> <span class='ocrx_word' id='word_1_197' title='bbox 1387 901 1558 934; x_wconf 88' lang='lat' dir='ltr'>masculini</span> <span class='ocrx_word' id='word_1_198' title='bbox 1584 901 1750 935; x_wconf 87' lang='lat' dir='ltr'>secundae</span> <span class='ocrx_word' id='word_1_199' title='bbox 1777 898 2018 939; x_wconf 84' lang='lat' dir='ltr'>declinationis,</span> 
     </span>
     <span class='ocr_line' id='line_1_16' title="bbox 66 950 2019 1001; baseline -0.005 -11"><span class='ocrx_word' id='word_1_200' title='bbox 66 956 125 990; x_wconf 80' lang='lat' dir='ltr'>liic</span> <span class='ocrx_word' id='word_1_201' title='bbox 150 956 216 1000; x_wconf 83' lang='lat' dir='ltr'>vir,</span> <span class='ocrx_word' id='word_1_202' title='bbox 251 962 284 990; x_wconf 89' lang='lat' dir='ltr'>et</span> <span class='ocrx_word' id='word_1_203' title='bbox 309 954 430 1001; x_wconf 70' lang='lat' dir='ltr'>quae¹5</span> <span class='ocrx_word' id='word_1_204' title='bbox 456 968 496 990; x_wconf 82' lang='lat' dir='ltr'>ex</span> <span class='ocrx_word' id='word_1_205' title='bbox 518 955 578 988; x_wconf 94' lang='lat' dir='ltr'>illo</span> <span class='ocrx_word' id='word_1_206' title='bbox 603 960 866 999; x_wconf 84' lang='lat' dir='ltr'>componuntur,</span> <span class='ocrx_word' id='word_1_207' title='bbox 901 959 938 987; x_wconf 84' lang='lat' dir='ltr'>ut</span> <span class='ocrx_word' id='word_1_208' title='bbox 964 954 1021 987; x_wconf 90' lang='lat' dir='ltr'>hic</span> <span class='ocrx_word' id='word_1_209' title='bbox 1048 953 1196 995; x_wconf 85' lang='lat' dir='ltr'>semivir,</span> <span class='ocrx_word' id='word_1_210' title='bbox 1231 950 1428 994; x_wconf 70' lang='lat' dir='ltr'>duumvir⁴¹⁶‚</span> <span class='ocrx_word' id='word_1_211' title='bbox 1461 953 1624 993; x_wconf 85' lang='lat' dir='ltr'>triumvir,</span> <span class='ocrx_word' id='word_1_212' title='bbox 1659 952 1853 996; x_wconf 67' lang='lat' dir='ltr'>septemvir,</span> <span class='ocrx_word' id='word_1_213' title='bbox 1881 951 2019 983; x_wconf 87' lang='lat' dir='ltr'>decem-</span> 
     </span>
     <span class='ocr_line' id='line_1_17' title="bbox 66 998 2020 1053; baseline -0.005 -11"><span class='ocrx_word' id='word_1_214' title='bbox 66 1009 136 1053; x_wconf 77' lang='lat' dir='ltr'>vir,</span> <span class='ocrx_word' id='word_1_215' title='bbox 171 1009 269 1047; x_wconf 81' lang='lat' dir='ltr'>levir3</span> <span class='ocrx_word' id='word_1_216' title='bbox 315 1021 401 1052; x_wconf 91' lang='lat' dir='ltr'>quae</span> <span class='ocrx_word' id='word_1_217' title='bbox 429 1007 574 1041; x_wconf 83' lang='lat' dir='ltr'>eiusdem</span> <span class='ocrx_word' id='word_1_218' title='bbox 603 1012 675 1039; x_wconf 88' lang='lat' dir='ltr'>sunt</span> <span class='ocrx_word' id='word_1_219' title='bbox 702 1006 938 1039; x_wconf 83' lang='lat' dir='ltr'>declinationis.</span> <span class='ocrx_word' id='word_1_220' title='bbox 990 1005 1105 1039; x_wconf 91' lang='lat' dir='ltr'>Unum</span> <span class='ocrx_word' id='word_1_221' title='bbox 1131 1010 1306 1049; x_wconf 88' lang='lat' dir='ltr'>praeterea</span> <span class='ocrx_word' id='word_1_222' title='bbox 1333 1004 1438 1038; x_wconf 89' lang='lat' dir='ltr'>neutri</span> <span class='ocrx_word' id='word_1_223' title='bbox 1465 1005 1596 1049; x_wconf 83' lang='lat' dir='ltr'>generis</span> <span class='ocrx_word' id='word_1_224' title='bbox 1622 1010 1791 1048; x_wconf 88' lang='lat' dir='ltr'>repertum</span> <span class='ocrx_word' id='word_1_225' title='bbox 1818 998 1917 1044; x_wconf 65' lang='lat' dir='ltr'>est,³¹</span> <span class='ocrx_word' id='word_1_226' title='bbox 1944 1012 2020 1034; x_wconf 90' lang='lat' dir='ltr'>mo-</span> 
     </span>
     <span class='ocr_line' id='line_1_18' title="bbox 66 1058 872 1105; baseline -0.005 -11"><span class='ocrx_word' id='word_1_227' title='bbox 66 1061 247 1105; x_wconf 86' lang='lat' dir='ltr'>nosyllabis</span> <span class='ocrx_word' id='word_1_228' title='bbox 272 1061 447 1103; x_wconf 86' lang='lat' dir='ltr'>insertum,</span> <span class='ocrx_word' id='word_1_229' title='bbox 488 1059 557 1092; x_wconf 91' lang='lat' dir='ltr'>hoc</span> <span class='ocrx_word' id='word_1_230' title='bbox 576 1059 609 1092; x_wconf 82' lang='lat' dir='ltr'>ir</span> <span class='ocrx_word' id='word_1_231' title='bbox 630 1058 872 1092; x_wconf 89' lang='lat' dir='ltr'>indeclinabile.</span> 
     </span>
    </p>

    <p class='ocr_par' dir='ltr' id='par_1_5' title="bbox 66 1110 2019 1316">
     <span class='ocr_line' id='line_1_19' title="bbox 234 1110 2018 1163; baseline -0.006 -11"><span class='ocrx_word' id='word_1_232' title='bbox 234 1120 293 1154; x_wconf 85' lang='lat'>10.</span> <span class='ocrx_word' id='word_1_233' title='bbox 351 1119 403 1154; x_wconf 85' lang='lat' dir='ltr'>Or</span> <span class='ocrx_word' id='word_1_234' title='bbox 425 1119 552 1163; x_wconf 87' lang='lat' dir='ltr'>syllaba</span> <span class='ocrx_word' id='word_1_235' title='bbox 579 1119 671 1151; x_wconf 89' lang='lat' dir='ltr'>finita</span> <span class='ocrx_word' id='word_1_236' title='bbox 697 1118 868 1152; x_wconf 89' lang='lat' dir='ltr'>masculini</span> <span class='ocrx_word' id='word_1_237' title='bbox 894 1121 967 1150; x_wconf 87' lang='lat' dir='ltr'>sunt</span> <span class='ocrx_word' id='word_1_238' title='bbox 993 1115 1124 1162; x_wconf 83' lang='lat' dir='ltr'>generis</span> <span class='ocrx_word' id='word_1_239' title='bbox 1150 1119 1184 1148; x_wconf 90' lang='lat' dir='ltr'>et</span> <span class='ocrx_word' id='word_1_240' title='bbox 1212 1115 1330 1149; x_wconf 85' lang='lat' dir='ltr'>tertiae</span> <span class='ocrx_word' id='word_1_241' title='bbox 1357 1115 1604 1158; x_wconf 88' lang='lat' dir='ltr'>declinationis,</span> <span class='ocrx_word' id='word_1_242' title='bbox 1644 1118 1680 1147; x_wconf 89' lang='lat' dir='ltr'>ut</span> <span class='ocrx_word' id='word_1_243' title='bbox 1705 1113 1762 1147; x_wconf 90' lang='lat' dir='ltr'>hic</span> <span class='ocrx_word' id='word_1_244' title='bbox 1789 1113 1891 1154; x_wconf 87' lang='lat' dir='ltr'>odor,</span> <span class='ocrx_word' id='word_1_245' title='bbox 1932 1110 2018 1152; x_wconf 91' lang='lat' dir='ltr'>olor,</span> 
     </span>
     <span class='ocr_line' id='line_1_20' title="bbox 67 1162 2019 1215; baseline -0.005 -11"><span class='ocrx_word' id='word_1_246' title='bbox 67 1183 179 1214; x_wconf 84' lang='lat' dir='ltr'>amor,</span> <span class='ocrx_word' id='word_1_247' title='bbox 206 1168 362 1215; x_wconf 64' lang='lat' dir='ltr'>liquorffi.</span> <span class='ocrx_word' id='word_1_248' title='bbox 414 1171 572 1215; x_wconf 86' lang='lat' dir='ltr'>Exceptis</span> <span class='ocrx_word' id='word_1_249' title='bbox 598 1171 718 1212; x_wconf 88' lang='lat' dir='ltr'>tribus,</span> <span class='ocrx_word' id='word_1_250' title='bbox 746 1181 832 1213; x_wconf 84' lang='lat' dir='ltr'>quae</span> <span class='ocrx_word' id='word_1_251' title='bbox 858 1181 953 1202; x_wconf 88' lang='lat' dir='ltr'>sexus</span> <span class='ocrx_word' id='word_1_252' title='bbox 979 1169 1012 1201; x_wconf 90' lang='lat' dir='ltr'>in</span> <span class='ocrx_word' id='word_1_253' title='bbox 1038 1168 1197 1201; x_wconf 86' lang='lat' dir='ltr'>feminino</span> <span class='ocrx_word' id='word_1_254' title='bbox 1224 1164 1382 1213; x_wconf 30' lang='lat' dir='ltr'>generet¹⁹</span> <span class='ocrx_word' id='word_1_255' title='bbox 1409 1167 1576 1210; x_wconf 86' lang='lat' dir='ltr'>defendit,</span> <span class='ocrx_word' id='word_1_256' title='bbox 1608 1165 1754 1198; x_wconf 83' lang='lat' dir='ltr'>eiusdem</span> <span class='ocrx_word' id='word_1_257' title='bbox 1776 1170 1888 1197; x_wconf 87' lang='lat' dir='ltr'>tamen</span> <span class='ocrx_word' id='word_1_258' title='bbox 1912 1162 2019 1195; x_wconf 89' lang='lat' dir='ltr'>decli-</span> 
     </span>
     <span class='ocr_line' id='line_1_21' title="bbox 66 1212 2014 1266; baseline -0.006 -10"><span class='ocrx_word' id='word_1_259' title='bbox 66 1220 248 1266; x_wconf 71' lang='lat' dir='ltr'>nationis-²²⁰,</span> <span class='ocrx_word' id='word_1_260' title='bbox 281 1227 317 1256; x_wconf 93' lang='lat' dir='ltr'>ut</span> <span class='ocrx_word' id='word_1_261' title='bbox 342 1223 430 1256; x_wconf 90' lang='lat' dir='ltr'>haec</span> <span class='ocrx_word' id='word_1_262' title='bbox 455 1234 556 1264; x_wconf 85' lang='lat' dir='ltr'>uxor,</span> <span class='ocrx_word' id='word_1_263' title='bbox 592 1233 702 1264; x_wconf 90' lang='lat' dir='ltr'>soror,</span> <span class='ocrx_word' id='word_1_264' title='bbox 731 1217 874 1254; x_wconf 82' lang='lat' dir='ltr'>arbor⁵¹.</span> <span class='ocrx_word' id='word_1_265' title='bbox 927 1221 973 1254; x_wconf 81' lang='lat' dir='ltr'>Et</span> <span class='ocrx_word' id='word_1_266' title='bbox 998 1220 1119 1253; x_wconf 82' lang='lat' dir='ltr'>neutris</span> <span class='ocrx_word' id='word_1_267' title='bbox 1145 1219 1213 1260; x_wconf 80' lang='lat' dir='ltr'>his,</span> <span class='ocrx_word' id='word_1_268' title='bbox 1249 1219 1350 1260; x_wconf 86' lang='lat' dir='ltr'>ador,</span> <span class='ocrx_word' id='word_1_269' title='bbox 1384 1231 1548 1260; x_wconf 85' lang='lat' dir='ltr'>marmor,</span> <span class='ocrx_word' id='word_1_270' title='bbox 1584 1214 1755 1261; x_wconf 77' lang='lat' dir='ltr'>aequor⁵²,</span> <span class='ocrx_word' id='word_1_271' title='bbox 1783 1227 1851 1251; x_wconf 80' lang='lat' dir='ltr'>cor,</span> <span class='ocrx_word' id='word_1_272' title='bbox 1882 1212 2014 1261; x_wconf 80' lang='lat'>[1695]</span> 
     </span>
     <span class='ocr_line' id='line_1_22' title="bbox 67 1269 2014 1316; baseline -0.005 -10"><span class='ocrx_word' id='word_1_273' title='bbox 67 1275 214 1315; x_wconf 83' lang='lat' dir='ltr'>Quidam</span> <span class='ocrx_word' id='word_1_274' title='bbox 245 1279 276 1307; x_wconf 89' lang='lat' dir='ltr'>et</span> <span class='ocrx_word' id='word_1_275' title='bbox 308 1274 376 1308; x_wconf 90' lang='lat' dir='ltr'>hoc</span> <span class='ocrx_word' id='word_1_276' title='bbox 410 1275 492 1307; x_wconf 92' lang='lat' dir='ltr'>ebur</span> <span class='ocrx_word' id='word_1_277' title='bbox 522 1274 576 1306; x_wconf 86' lang='lat' dir='ltr'>vel</span> <span class='ocrx_word' id='word_1_278' title='bbox 602 1275 701 1316; x_wconf 91' lang='lat' dir='ltr'>ebor,</span> <span class='ocrx_word' id='word_1_279' title='bbox 744 1273 848 1305; x_wconf 88' lang='lat' dir='ltr'>robur</span> <span class='ocrx_word' id='word_1_280' title='bbox 882 1272 935 1305; x_wconf 93' lang='lat' dir='ltr'>vel</span> <span class='ocrx_word' id='word_1_281' title='bbox 970 1273 1091 1315; x_wconf 89' lang='lat' dir='ltr'>robor,</span> <span class='ocrx_word' id='word_1_282' title='bbox 1132 1271 1242 1304; x_wconf 88' lang='lat' dir='ltr'>femur</span> <span class='ocrx_word' id='word_1_283' title='bbox 1268 1271 1321 1304; x_wconf 76' lang='lat' dir='ltr'>vel</span> <span class='ocrx_word' id='word_1_284' title='bbox 1348 1271 1474 1312; x_wconf 81' lang='lat' dir='ltr'>femor,</span> <span class='ocrx_word' id='word_1_285' title='bbox 1517 1269 1757 1303; x_wconf 88' lang='lat' dir='ltr'>rationabiliter</span> <span class='ocrx_word' id='word_1_286' title='bbox 1788 1270 2014 1300; x_wconf 83' lang='lat' dir='ltr'>annumerant.</span> 
     </span>
    </p>
   </div>
   <div class='ocr_carea' id='block_1_4' title="bbox 64 1324 2015 1418">
    <p class='ocr_par' dir='ltr' id='par_1_6' title="bbox 64 1324 2015 1418">
     <span class='ocr_line' id='line_1_23' title="bbox 64 1324 1034 1370; baseline -0.003 -11"><span class='ocrx_word' id='word_1_287' title='bbox 64 1325 179 1359; x_wconf 87' lang='lat' dir='ltr'>Unum</span> <span class='ocrx_word' id='word_1_288' title='bbox 215 1331 264 1359; x_wconf 88' lang='lat' dir='ltr'>est</span> <span class='ocrx_word' id='word_1_289' title='bbox 298 1326 482 1360; x_wconf 83' lang='lat' dir='ltr'>communis</span> <span class='ocrx_word' id='word_1_290' title='bbox 509 1325 656 1370; x_wconf 82' lang='lat' dir='ltr'>generis,</span> <span class='ocrx_word' id='word_1_291' title='bbox 701 1324 759 1358; x_wconf 90' lang='lat' dir='ltr'>hic</span> <span class='ocrx_word' id='word_1_292' title='bbox 785 1330 817 1357; x_wconf 89' lang='lat' dir='ltr'>et</span> <span class='ocrx_word' id='word_1_293' title='bbox 843 1324 930 1359; x_wconf 84' lang='lat' dir='ltr'>haec</span> <span class='ocrx_word' id='word_1_294' title='bbox 957 1329 1034 1357; x_wconf 90' lang='lat' dir='ltr'>auto</span> 
     </span>
     <span class='ocr_line' id='line_1_24' title="bbox 968 1368 2015 1418; baseline -0.011 -7"><span class='ocrx_word' id='word_1_295' title='bbox 968 1376 1014 1411; x_wconf 84' lang='lat' dir='ltr'>Et</span> <span class='ocrx_word' id='word_1_296' title='bbox 1040 1375 1150 1409; x_wconf 88' lang='lat' dir='ltr'>omnia</span> <span class='ocrx_word' id='word_1_297' title='bbox 1176 1375 1209 1407; x_wconf 90' lang='lat' dir='ltr'>in</span> <span class='ocrx_word' id='word_1_298' title='bbox 1235 1374 1323 1409; x_wconf 89' lang='lat' dir='ltr'>hanc</span> <span class='ocrx_word' id='word_1_299' title='bbox 1351 1375 1516 1418; x_wconf 85' lang='lat' dir='ltr'>syllabam</span> <span class='ocrx_word' id='word_1_300' title='bbox 1543 1373 1741 1414; x_wconf 80' lang='lat' dir='ltr'>desinentia,</span> <span class='ocrx_word' id='word_1_301' title='bbox 1770 1382 1788 1404; x_wconf 91' lang='grc' dir='ltr'><strong><em>ο</em></strong></span> <span class='ocrx_word' id='word_1_302' title='bbox 1811 1372 1844 1403; x_wconf 89' lang='lat' dir='ltr'>in</span> <span class='ocrx_word' id='word_1_303' title='bbox 1871 1368 2015 1412; x_wconf 88' lang='lat' dir='ltr'>obliquis</span> 
     </span>
    </p>
   </div>
   <div class='ocr_carea' id='block_1_5' title="bbox 65 1373 916 1423">
    <p class='ocr_par' dir='ltr' id='par_1_7' title="bbox 65 1373 916 1423">
     <span class='ocr_line' id='line_1_25' title="bbox 65 1373 916 1423; baseline -0.001 -13"><span class='ocrx_word' id='word_1_304' title='bbox 65 1389 211 1420; x_wconf 85' lang='lat' dir='ltr'>memor,</span> <span class='ocrx_word' id='word_1_305' title='bbox 239 1383 272 1411; x_wconf 89' lang='lat' dir='ltr'>et</span> <span class='ocrx_word' id='word_1_306' title='bbox 297 1379 522 1423; x_wconf 84' lang='lat' dir='ltr'>compositum</span> <span class='ocrx_word' id='word_1_307' title='bbox 549 1389 589 1410; x_wconf 80' lang='lat' dir='ltr'>ex</span> <span class='ocrx_word' id='word_1_308' title='bbox 616 1388 656 1410; x_wconf 90' lang='lat' dir='ltr'>eo</span> <span class='ocrx_word' id='word_1_309' title='bbox 668 1373 703 1419; x_wconf 71' lang='lat'>⁵⁴,</span> <span class='ocrx_word' id='word_1_310' title='bbox 729 1377 916 1410; x_wconf 86' lang='lat' dir='ltr'>immemor.</span> 
     </span>
    </p>
   </div>
   <div class='ocr_carea' id='block_1_6' title="bbox 62 1510 1018 2442">
    <p class='ocr_par' dir='ltr' id='par_1_8' title="bbox 62 1510 1018 2442">
     <span class='ocr_line' id='line_1_26' title="bbox 65 1510 1015 1550; baseline -0.001 -12"><span class='ocrx_word' id='word_1_311' title='bbox 65 1511 177 1539; x_wconf 78' lang='lat' dir='ltr'>mulier</span> <span class='ocrx_word' id='word_1_312' title='bbox 197 1516 306 1539; x_wconf 80' lang='lat' dir='ltr'>neutra</span> <span class='ocrx_word' id='word_1_313' title='bbox 325 1516 398 1538; x_wconf 69' lang='lat' dir='ltr'>sunt</span> <span class='ocrx_word' id='word_1_314' title='bbox 412 1511 443 1541; x_wconf 86' lang='lat' dir='ltr'>P.</span> <span class='ocrx_word' id='word_1_315' title='bbox 465 1510 555 1549; x_wconf 85' lang='lat' dir='ltr'>signis</span> <span class='ocrx_word' id='word_1_316' title='bbox 575 1510 788 1550; x_wconf 81' lang='lat' dir='ltr'>parentheticis</span> <span class='ocrx_word' id='word_1_317' title='bbox 805 1515 872 1539; x_wconf 89' lang='lat' dir='ltr'>ante</span> <span class='ocrx_word' id='word_1_318' title='bbox 887 1520 915 1540; x_wconf 88' lang='lat' dir='ltr'>v.</span> <span class='ocrx_word' id='word_1_319' title='bbox 933 1520 1015 1538; x_wconf 77' lang='lat' dir='ltr'>exce-</span> 
     </span>
     <span class='ocr_line' id='line_1_27' title="bbox 62 1553 1018 1592; baseline -0.001 -11"><span class='ocrx_word' id='word_1_320' title='bbox 62 1555 128 1592; x_wconf 74' lang='lat' dir='ltr'>ptis</span> <span class='ocrx_word' id='word_1_321' title='bbox 142 1558 170 1582; x_wconf 86' lang='lat' dir='ltr'>et</span> <span class='ocrx_word' id='word_1_322' title='bbox 185 1558 252 1592; x_wconf 86' lang='lat' dir='ltr'>post</span> <span class='ocrx_word' id='word_1_323' title='bbox 268 1564 297 1583; x_wconf 88' lang='lat' dir='ltr'>v.</span> <span class='ocrx_word' id='word_1_324' title='bbox 311 1554 418 1581; x_wconf 81' lang='lat' dir='ltr'>mulier</span> <span class='ocrx_word' id='word_1_325' title='bbox 435 1553 568 1582; x_wconf 80' lang='lat' dir='ltr'>admotis.</span> <span class='ocrx_word' id='word_1_326' title='bbox 590 1555 678 1582; x_wconf 79' lang='lat' dir='ltr'>Haec</span> <span class='ocrx_word' id='word_1_327' title='bbox 692 1560 795 1590; x_wconf 80' lang='lat' dir='ltr'>mater,</span> <span class='ocrx_word' id='word_1_328' title='bbox 816 1554 892 1582; x_wconf 76' lang='lat' dir='ltr'>haec</span> <span class='ocrx_word' id='word_1_329' title='bbox 906 1554 1018 1580; x_wconf 70' lang='lat' dir='ltr'>muller</span> 
     </span>
     <span class='ocr_line' id='line_1_28' title="bbox 65 1595 1017 1635; baseline -0.001 -11"><span class='ocrx_word' id='word_1_330' title='bbox 65 1597 182 1624; x_wconf 78' lang='lat' dir='ltr'>neutris</span> <span class='ocrx_word' id='word_1_331' title='bbox 193 1596 242 1624; x_wconf 75' lang='grc' dir='ltr'>Ιιίε</span> <span class='ocrx_word' id='word_1_332' title='bbox 255 1597 311 1624; x_wconf 82' lang='lat' dir='ltr'>lzoc</span> <span class='ocrx_word' id='word_1_333' title='bbox 325 1596 413 1624; x_wconf 69' lang='lat' dir='ltr'>urhe}-</span> <span class='ocrx_word' id='word_1_334' title='bbox 421 1595 509 1635; x_wconf 82' lang='lat' dir='ltr'>(corr.</span> <span class='ocrx_word' id='word_1_335' title='bbox 518 1596 600 1635; x_wconf 78' lang='lat' dir='ltr'>uber)</span> <span class='ocrx_word' id='word_1_336' title='bbox 610 1597 696 1624; x_wconf 71' lang='lat' dir='ltr'>suber</span> <span class='ocrx_word' id='word_1_337' title='bbox 706 1602 760 1627; x_wconf 83' lang='lat' dir='ltr'>cet.</span> <span class='ocrx_word' id='word_1_338' title='bbox 772 1597 827 1627; x_wconf 88' lang='lat' dir='ltr'>Gu.</span> <span class='ocrx_word' id='word_1_339' title='bbox 850 1598 937 1624; x_wconf 70' lang='lat' dir='ltr'>Haec</span> <span class='ocrx_word' id='word_1_340' title='bbox 949 1607 1017 1623; x_wconf 78' lang='lat' dir='ltr'>mcc-</span> 
     </span>
     <span class='ocr_line' id='line_1_29' title="bbox 66 1639 1016 1677; baseline -0.001 -10"><span class='ocrx_word' id='word_1_341' title='bbox 66 1645 125 1676; x_wconf 78' lang='lat' dir='ltr'>ter,</span> <span class='ocrx_word' id='word_1_342' title='bbox 147 1639 222 1667; x_wconf 69' lang='lat' dir='ltr'>hacc</span> <span class='ocrx_word' id='word_1_343' title='bbox 235 1640 344 1667; x_wconf 61' lang='lat' dir='ltr'>mulier</span> <span class='ocrx_word' id='word_1_344' title='bbox 356 1645 381 1666; x_wconf 80' lang='lat' dir='ltr'>el</span> <span class='ocrx_word' id='word_1_345' title='bbox 396 1641 510 1667; x_wconf 68' lang='lat' dir='ltr'>neutris</span> <span class='ocrx_word' id='word_1_346' title='bbox 523 1639 572 1667; x_wconf 61' lang='lat' dir='ltr'>llis</span> <span class='ocrx_word' id='word_1_347' title='bbox 584 1640 641 1667; x_wconf 77' lang='lat' dir='ltr'>stoc</span> <span class='ocrx_word' id='word_1_348' title='bbox 655 1639 742 1677; x_wconf 82' lang='lat' dir='ltr'>uber,</span> <span class='ocrx_word' id='word_1_349' title='bbox 764 1639 821 1667; x_wconf 78' lang='lat' dir='ltr'>hoc</span> <span class='ocrx_word' id='word_1_350' title='bbox 834 1639 930 1667; x_wconf 73' lang='lat' dir='ltr'>suber.</span> <span class='ocrx_word' id='word_1_351' title='bbox 943 1639 1016 1667; x_wconf 90' lang='lat' dir='ltr'>Ven.</span> 
     </span>
     <span class='ocr_line' id='line_1_30' title="bbox 64 1681 1014 1721; baseline -0.003 -10"><span class='ocrx_word' id='word_1_352' title='bbox 64 1684 134 1711; x_wconf 74' lang='lat' dir='ltr'>Asc.</span> <span class='ocrx_word' id='word_1_353' title='bbox 178 1683 249 1710; x_wconf 81' lang='lat' dir='ltr'>Hoc</span> <span class='ocrx_word' id='word_1_354' title='bbox 269 1681 392 1720; x_wconf 79' lang='lat' dir='ltr'>singulis</span> <span class='ocrx_word' id='word_1_355' title='bbox 418 1682 585 1710; x_wconf 79' lang='lat' dir='ltr'>nominibus</span> <span class='ocrx_word' id='word_1_356' title='bbox 606 1683 637 1711; x_wconf 88' lang='lat' dir='ltr'>in</span> <span class='ocrx_word' id='word_1_357' title='bbox 660 1693 741 1721; x_wconf 85' lang='lat' dir='ltr'>seqq.</span> <span class='ocrx_word' id='word_1_358' title='bbox 762 1682 963 1721; x_wconf 85' lang='lat' dir='ltr'>praepositum</span> <span class='ocrx_word' id='word_1_359' title='bbox 984 1681 1014 1709; x_wconf 85' lang='lat' dir='ltr'>in</span> 
     </span>
     <span class='ocr_line' id='line_1_31' title="bbox 63 1724 1016 1762; baseline -0.003 -9"><span class='ocrx_word' id='word_1_360' title='bbox 63 1724 136 1754; x_wconf 91' lang='lat' dir='ltr'>Ven.</span> <span class='ocrx_word' id='word_1_361' title='bbox 152 1724 220 1753; x_wconf 82' lang='lat' dir='ltr'>Asc.</span> <span class='ocrx_word' id='word_1_362' title='bbox 238 1724 268 1754; x_wconf 90' lang='lat' dir='ltr'>P.</span> <span class='ocrx_word' id='word_1_363' title='bbox 295 1740 336 1746; x_wconf 89' lang='lat'><em>-</em></span> <span class='ocrx_word' id='word_1_364' title='bbox 365 1725 414 1762; x_wconf 73' lang='lat'>29)</span> <span class='ocrx_word' id='word_1_365' title='bbox 439 1726 516 1753; x_wconf 70' lang='lat' dir='ltr'>Siler</span> <span class='ocrx_word' id='word_1_366' title='bbox 528 1725 584 1753; x_wconf 77' lang='lat' dir='ltr'>hoc</span> <span class='ocrx_word' id='word_1_367' title='bbox 600 1727 675 1753; x_wconf 68' lang='lat' dir='ltr'>cicer</span> <span class='ocrx_word' id='word_1_368' title='bbox 688 1725 718 1754; x_wconf 86' lang='lat' dir='ltr'>P.</span> <span class='ocrx_word' id='word_1_369' title='bbox 763 1726 844 1753; x_wconf 65' lang='lat' dir='ltr'>Siser</span> <span class='ocrx_word' id='word_1_370' title='bbox 863 1725 919 1752; x_wconf 78' lang='lat' dir='ltr'>hoc</span> <span class='ocrx_word' id='word_1_371' title='bbox 940 1726 1016 1751; x_wconf 56' lang='lat' dir='ltr'>cicer</span> 
     </span>
     <span class='ocr_line' id='line_1_32' title="bbox 64 1764 1015 1807; baseline 0 -13"><span class='ocrx_word' id='word_1_372' title='bbox 64 1766 121 1794; x_wconf 76' lang='lat' dir='ltr'>hoc</span> <span class='ocrx_word' id='word_1_373' title='bbox 136 1768 208 1795; x_wconf 69' lang='lat' dir='ltr'>citer</span> <span class='ocrx_word' id='word_1_374' title='bbox 223 1764 291 1807; x_wconf 80' lang='lat' dir='ltr'>(sie)</span> <span class='ocrx_word' id='word_1_375' title='bbox 308 1766 380 1796; x_wconf 88' lang='lat' dir='ltr'>Ven.</span> <span class='ocrx_word' id='word_1_376' title='bbox 397 1767 464 1797; x_wconf 85' lang='lat' dir='ltr'>Asc.</span> <span class='ocrx_word' id='word_1_377' title='bbox 509 1768 547 1797; x_wconf 87' lang='lat' dir='ltr'>Et</span> <span class='ocrx_word' id='word_1_378' title='bbox 559 1768 631 1795; x_wconf 66' lang='lat' dir='ltr'>siler</span> <span class='ocrx_word' id='word_1_379' title='bbox 645 1772 674 1796; x_wconf 82' lang='lat' dir='ltr'>et</span> <span class='ocrx_word' id='word_1_380' title='bbox 688 1769 762 1795; x_wconf 69' lang='lat' dir='ltr'>siser</span> <span class='ocrx_word' id='word_1_381' title='bbox 776 1768 884 1796; x_wconf 85' lang='lat' dir='ltr'>desunt</span> <span class='ocrx_word' id='word_1_382' title='bbox 899 1767 928 1795; x_wconf 93' lang='lat' dir='ltr'>in</span> <span class='ocrx_word' id='word_1_383' title='bbox 947 1767 1015 1802; x_wconf 85' lang='lat' dir='ltr'>Gu.‚</span> 
     </span>
     <span class='ocr_line' id='line_1_33' title="bbox 66 1809 1018 1849; baseline -0.001 -12"><span class='ocrx_word' id='word_1_384' title='bbox 66 1809 205 1848; x_wconf 77' lang='lat' dir='ltr'>absorpta</span> <span class='ocrx_word' id='word_1_385' title='bbox 221 1821 234 1838; x_wconf 88' lang='lat' dir='ltr'>a</span> <span class='ocrx_word' id='word_1_386' title='bbox 251 1810 338 1838; x_wconf 83' lang='lat' dir='ltr'>simili</span> <span class='ocrx_word' id='word_1_387' title='bbox 354 1811 548 1845; x_wconf 62' lang='lat' dir='ltr'>vicen—30)</span> <span class='ocrx_word' id='word_1_388' title='bbox 563 1810 627 1838; x_wconf 90' lang='lat' dir='ltr'>Hoc</span> <span class='ocrx_word' id='word_1_389' title='bbox 642 1811 709 1839; x_wconf 90' lang='lat' dir='ltr'>loco</span> <span class='ocrx_word' id='word_1_390' title='bbox 725 1811 810 1849; x_wconf 82' lang='lat' dir='ltr'>plene</span> <span class='ocrx_word' id='word_1_391' title='bbox 827 1809 1018 1846; x_wconf 77' lang='lat' dir='ltr'>distinguitur</span> 
     </span>
     <span class='ocr_line' id='line_1_34' title="bbox 65 1851 1014 1892; baseline 0.001 -13"><span class='ocrx_word' id='word_1_392' title='bbox 65 1851 95 1879; x_wconf 88' lang='lat' dir='ltr'>in</span> <span class='ocrx_word' id='word_1_393' title='bbox 112 1851 142 1880; x_wconf 84' lang='lat' dir='ltr'>P.</span> <span class='ocrx_word' id='word_1_394' title='bbox 161 1867 204 1874; x_wconf 91' lang='lat'>—</span> <span class='ocrx_word' id='word_1_395' title='bbox 224 1856 270 1887; x_wconf 78' lang='lat'>31)</span> <span class='ocrx_word' id='word_1_396' title='bbox 287 1853 440 1881; x_wconf 75' lang='lat' dir='ltr'>Genitivos</span> <span class='ocrx_word' id='word_1_397' title='bbox 452 1853 591 1891; x_wconf 73' lang='lat' dir='ltr'>pulchri,</span> <span class='ocrx_word' id='word_1_398' title='bbox 615 1855 691 1890; x_wconf 79' lang='lat' dir='ltr'>atri,</span> <span class='ocrx_word' id='word_1_399' title='bbox 715 1855 798 1892; x_wconf 66' lang='lat' dir='ltr'>nigri</span> <span class='ocrx_word' id='word_1_400' title='bbox 814 1852 928 1881; x_wconf 84' lang='lat' dir='ltr'>addunt</span> <span class='ocrx_word' id='word_1_401' title='bbox 941 1852 1014 1880; x_wconf 88' lang='lat' dir='ltr'>Ven.</span> 
     </span>
     <span class='ocr_line' id='line_1_35' title="bbox 64 1893 1016 1929; baseline 0.002 -7"><span class='ocrx_word' id='word_1_402' title='bbox 64 1894 135 1923; x_wconf 77' lang='lat' dir='ltr'>Asc,</span> <span class='ocrx_word' id='word_1_403' title='bbox 151 1893 182 1922; x_wconf 92' lang='lat' dir='ltr'>P.</span> <span class='ocrx_word' id='word_1_404' title='bbox 204 1909 246 1916; x_wconf 90' lang='lat'>-—</span> <span class='ocrx_word' id='word_1_405' title='bbox 266 1898 312 1929; x_wconf 66' lang='lat'>32)</span> <span class='ocrx_word' id='word_1_406' title='bbox 336 1895 448 1924; x_wconf 78' lang='lat' dir='ltr'>Verba:</span> <span class='ocrx_word' id='word_1_407' title='bbox 471 1897 512 1924; x_wconf 75' lang='lat' dir='ltr'>Et</span> <span class='ocrx_word' id='word_1_408' title='bbox 527 1902 569 1924; x_wconf 70' lang='lat' dir='ltr'>est</span> <span class='ocrx_word' id='word_1_409' title='bbox 585 1897 690 1924; x_wconf 76' lang='lat' dir='ltr'>tertiae</span> <span class='ocrx_word' id='word_1_410' title='bbox 705 1895 811 1924; x_wconf 74' lang='lat' dir='ltr'>declin.</span> <span class='ocrx_word' id='word_1_411' title='bbox 825 1906 882 1923; x_wconf 88' lang='lat' dir='ltr'>om.</span> <span class='ocrx_word' id='word_1_412' title='bbox 895 1895 950 1924; x_wconf 93' lang='lat' dir='ltr'>Gu.</span> <span class='ocrx_word' id='word_1_413' title='bbox 973 1909 1016 1916; x_wconf 85' lang='lat'>-·</span> 
     </span>
     <span class='ocr_line' id='line_1_36' title="bbox 65 1937 1016 1973; baseline 0.003 -10"><span class='ocrx_word' id='word_1_414' title='bbox 65 1938 113 1972; x_wconf 81' lang='lat'>33)</span> <span class='ocrx_word' id='word_1_415' title='bbox 136 1937 176 1964; x_wconf 82' lang='lat' dir='ltr'>El</span> <span class='ocrx_word' id='word_1_416' title='bbox 193 1947 270 1973; x_wconf 77' lang='lat' dir='ltr'>qnae</span> <span class='ocrx_word' id='word_1_417' title='bbox 283 1947 316 1964; x_wconf 76' lang='lat' dir='ltr'>cx</span> <span class='ocrx_word' id='word_1_418' title='bbox 331 1947 360 1964; x_wconf 68' lang='lat' dir='ltr'>se</span> <span class='ocrx_word' id='word_1_419' title='bbox 374 1938 405 1967; x_wconf 91' lang='lat' dir='ltr'>P.</span> <span class='ocrx_word' id='word_1_420' title='bbox 423 1943 449 1965; x_wconf 80' lang='lat' dir='ltr'>et</span> <span class='ocrx_word' id='word_1_421' title='bbox 466 1949 524 1968; x_wconf 85' lang='lat' dir='ltr'>om.</span> <span class='ocrx_word' id='word_1_422' title='bbox 539 1939 611 1967; x_wconf 85' lang='lat' dir='ltr'>Ven.</span> <span class='ocrx_word' id='word_1_423' title='bbox 627 1940 694 1968; x_wconf 82' lang='lat' dir='ltr'>Asc.</span> <span class='ocrx_word' id='word_1_424' title='bbox 715 1940 771 1967; x_wconf 89' lang='lat' dir='ltr'>Gn.</span> <span class='ocrx_word' id='word_1_425' title='bbox 802 1954 838 1960; x_wconf 89' lang='lat'>——</span> <span class='ocrx_word' id='word_1_426' title='bbox 869 1938 914 1970; x_wconf 77' lang='lat'>34)</span> <span class='ocrx_word' id='word_1_427' title='bbox 939 1937 1016 1964; x_wconf 66' lang='lat' dir='ltr'>filil-</span> 
     </span>
     <span class='ocr_line' id='line_1_37' title="bbox 65 1978 1015 2019; baseline -0.001 -13"><span class='ocrx_word' id='word_1_428' title='bbox 65 1984 134 2007; x_wconf 74' lang='lat' dir='ltr'>tunt</span> <span class='ocrx_word' id='word_1_429' title='bbox 151 1979 226 2006; x_wconf 81' lang='lat' dir='ltr'>male</span> <span class='ocrx_word' id='word_1_430' title='bbox 238 1979 361 2008; x_wconf 83' lang='lat' dir='ltr'>om.Gu.</span> <span class='ocrx_word' id='word_1_431' title='bbox 378 1995 415 2001; x_wconf 89' lang='lat'>--</span> <span class='ocrx_word' id='word_1_432' title='bbox 430 1978 476 2019; x_wconf 81' lang='lat'>35)</span> <span class='ocrx_word' id='word_1_433' title='bbox 492 1981 582 2010; x_wconf 78' lang='lat' dir='ltr'>Recte</span> <span class='ocrx_word' id='word_1_434' title='bbox 598 1981 642 2009; x_wconf 84' lang='lat' dir='ltr'>sic</span> <span class='ocrx_word' id='word_1_435' title='bbox 659 1982 725 2017; x_wconf 88' lang='lat' dir='ltr'>Gu.,</span> <span class='ocrx_word' id='word_1_436' title='bbox 741 1981 796 2009; x_wconf 86' lang='lat' dir='ltr'>nisi</span> <span class='ocrx_word' id='word_1_437' title='bbox 814 1979 895 2019; x_wconf 84' lang='lat' dir='ltr'>qnod</span> <span class='ocrx_word' id='word_1_438' title='bbox 911 1978 1015 2006; x_wconf 85' lang='lat' dir='ltr'>ordine</span> 
     </span>
     <span class='ocr_line' id='line_1_38' title="bbox 65 2020 1017 2052; baseline -0.001 -2"><span class='ocrx_word' id='word_1_439' title='bbox 65 2022 184 2051; x_wconf 79' lang='lat' dir='ltr'>inverso</span> <span class='ocrx_word' id='word_1_440' title='bbox 209 2020 282 2049; x_wconf 77' lang='lat' dir='ltr'>decl.</span> <span class='ocrx_word' id='word_1_441' title='bbox 304 2027 375 2049; x_wconf 77' lang='lat' dir='ltr'>sunt</span> <span class='ocrx_word' id='word_1_442' title='bbox 395 2027 459 2050; x_wconf 81' lang='lat' dir='ltr'>tert.</span> <span class='ocrx_word' id='word_1_443' title='bbox 502 2025 578 2051; x_wconf 78' lang='lat' dir='ltr'>Sunt</span> <span class='ocrx_word' id='word_1_444' title='bbox 602 2023 683 2052; x_wconf 84' lang='lat' dir='ltr'>deest</span> <span class='ocrx_word' id='word_1_445' title='bbox 704 2025 732 2051; x_wconf 93' lang='lat' dir='ltr'>in</span> <span class='ocrx_word' id='word_1_446' title='bbox 747 2024 819 2052; x_wconf 91' lang='lat' dir='ltr'>Ven.</span> <span class='ocrx_word' id='word_1_447' title='bbox 836 2023 903 2050; x_wconf 80' lang='lat' dir='ltr'>Asc.</span> <span class='ocrx_word' id='word_1_448' title='bbox 920 2021 950 2049; x_wconf 90' lang='lat' dir='ltr'>P.</span> <span class='ocrx_word' id='word_1_449' title='bbox 975 2036 1017 2042; x_wconf 91' lang='lat'>—</span> 
     </span>
     <span class='ocr_line' id='line_1_39' title="bbox 64 2062 1013 2103; baseline -0.003 -11"><span class='ocrx_word' id='word_1_450' title='bbox 64 2067 112 2099; x_wconf 72' lang='lat'>36)</span> <span class='ocrx_word' id='word_1_451' title='bbox 136 2065 266 2101; x_wconf 77' lang='lat' dir='ltr'>integras</span> <span class='ocrx_word' id='word_1_452' title='bbox 282 2063 475 2101; x_wconf 77' lang='lat' dir='ltr'>genitivorum</span> <span class='ocrx_word' id='word_1_453' title='bbox 492 2066 599 2094; x_wconf 79' lang='lat' dir='ltr'>formas</span> <span class='ocrx_word' id='word_1_454' title='bbox 616 2066 738 2103; x_wconf 82' lang='lat' dir='ltr'>singulis</span> <span class='ocrx_word' id='word_1_455' title='bbox 758 2064 926 2094; x_wconf 83' lang='lat' dir='ltr'>nominibus</span> <span class='ocrx_word' id='word_1_456' title='bbox 942 2062 1013 2090; x_wconf 82' lang='lat' dir='ltr'>sub-</span> 
     </span>
     <span class='ocr_line' id='line_1_40' title="bbox 63 2105 1014 2147; baseline -0.002 -13"><span class='ocrx_word' id='word_1_457' title='bbox 63 2106 127 2135; x_wconf 84' lang='lat' dir='ltr'>iicit</span> <span class='ocrx_word' id='word_1_458' title='bbox 143 2107 172 2135; x_wconf 84' lang='lat' dir='ltr'>P.</span> <span class='ocrx_word' id='word_1_459' title='bbox 192 2107 265 2134; x_wconf 62' lang='lat' dir='ltr'>stris</span> <span class='ocrx_word' id='word_1_460' title='bbox 281 2111 309 2134; x_wconf 86' lang='lat' dir='ltr'>et</span> <span class='ocrx_word' id='word_1_461' title='bbox 324 2107 368 2133; x_wconf 69' lang='lat' dir='ltr'>ris</span> <span class='ocrx_word' id='word_1_462' title='bbox 384 2116 478 2145; x_wconf 84' lang='lat' dir='ltr'>usque</span> <span class='ocrx_word' id='word_1_463' title='bbox 492 2113 630 2147; x_wconf 82' lang='lat' dir='ltr'>repetunt</span> <span class='ocrx_word' id='word_1_464' title='bbox 644 2108 717 2138; x_wconf 81' lang='lat' dir='ltr'>Ven.</span> <span class='ocrx_word' id='word_1_465' title='bbox 735 2108 799 2137; x_wconf 68' lang='lat' dir='ltr'>Aac.</span> <span class='ocrx_word' id='word_1_466' title='bbox 837 2105 932 2135; x_wconf 84' lang='lat' dir='ltr'>Semel</span> <span class='ocrx_word' id='word_1_467' title='bbox 948 2110 1014 2133; x_wconf 84' lang='lat' dir='ltr'>tan-</span> 
     </span>
     <span class='ocr_line' id='line_1_41' title="bbox 64 2148 1015 2187; baseline -0.003 -10"><span class='ocrx_word' id='word_1_468' title='bbox 64 2153 127 2178; x_wconf 82' lang='lat' dir='ltr'>tum</span> <span class='ocrx_word' id='word_1_469' title='bbox 142 2149 376 2177; x_wconf 75' lang='lat' dir='ltr'>terminationem</span> <span class='ocrx_word' id='word_1_470' title='bbox 401 2158 463 2187; x_wconf 83' lang='lat' dir='ltr'>gen.</span> <span class='ocrx_word' id='word_1_471' title='bbox 480 2150 623 2179; x_wconf 83' lang='lat' dir='ltr'>adiectam</span> <span class='ocrx_word' id='word_1_472' title='bbox 640 2150 731 2178; x_wconf 77' lang='lat' dir='ltr'>habet</span> <span class='ocrx_word' id='word_1_473' title='bbox 744 2149 810 2178; x_wconf 83' lang='lat' dir='ltr'>voci</span> <span class='ocrx_word' id='word_1_474' title='bbox 823 2159 945 2187; x_wconf 65' lang='lat' dir='ltr'>passer,</span> <span class='ocrx_word' id='word_1_475' title='bbox 971 2148 1015 2175; x_wconf 57' lang='grc' dir='ltr'>νίς</span> 
     </span>
     <span class='ocr_line' id='line_1_42' title="bbox 65 2190 1014 2231; baseline -0.002 -12"><span class='ocrx_word' id='word_1_476' title='bbox 65 2192 123 2219; x_wconf 88' lang='lat' dir='ltr'>Gu.</span> <span class='ocrx_word' id='word_1_477' title='bbox 144 2191 226 2220; x_wconf 83' lang='lat' dir='ltr'>Idem</span> <span class='ocrx_word' id='word_1_478' title='bbox 241 2191 425 2228; x_wconf 78' lang='lat' dir='ltr'>Cod.srater</span> <span class='ocrx_word' id='word_1_479' title='bbox 439 2192 549 2221; x_wconf 83' lang='lat' dir='ltr'>omittit</span> <span class='ocrx_word' id='word_1_480' title='bbox 563 2198 592 2221; x_wconf 86' lang='lat' dir='ltr'>et</span> <span class='ocrx_word' id='word_1_481' title='bbox 608 2203 679 2230; x_wconf 80' lang='lat' dir='ltr'>ager</span> <span class='ocrx_word' id='word_1_482' title='bbox 693 2202 747 2231; x_wconf 85' lang='lat' dir='ltr'>pro</span> <span class='ocrx_word' id='word_1_483' title='bbox 762 2202 856 2229; x_wconf 67' lang='lat' dir='ltr'>agge-r</span> <span class='ocrx_word' id='word_1_484' title='bbox 870 2190 1014 2228; x_wconf 79' lang='lat' dir='ltr'>scriptum</span> 
     </span>
     <span class='ocr_line' id='line_1_43' title="bbox 62 2233 1015 2271; baseline -0.002 -9"><span class='ocrx_word' id='word_1_485' title='bbox 62 2233 161 2264; x_wconf 81' lang='lat' dir='ltr'>habet,</span> <span class='ocrx_word' id='word_1_486' title='bbox 191 2249 234 2256; x_wconf 90' lang='lat'>-—-</span> <span class='ocrx_word' id='word_1_487' title='bbox 260 2236 307 2269; x_wconf 80' lang='lat'>37)</span> <span class='ocrx_word' id='word_1_488' title='bbox 333 2233 435 2264; x_wconf 76' lang='lat' dir='ltr'>llorat.</span> <span class='ocrx_word' id='word_1_489' title='bbox 455 2234 544 2264; x_wconf 75' lang='lat' dir='ltr'>Odar.</span> <span class='ocrx_word' id='word_1_490' title='bbox 564 2235 627 2264; x_wconf 85' lang='lat' dir='ltr'>Lib.</span> <span class='ocrx_word' id='word_1_491' title='bbox 642 2235 669 2271; x_wconf 85' lang='grc' dir='ltr'>Ι,</span> <span class='ocrx_word' id='word_1_492' title='bbox 693 2235 726 2270; x_wconf 84' lang='grc'>4,</span> <span class='ocrx_word' id='word_1_493' title='bbox 752 2236 778 2265; x_wconf 91' lang='grc'>1.</span> <span class='ocrx_word' id='word_1_494' title='bbox 823 2233 926 2262; x_wconf 80' lang='lat' dir='ltr'>Paullo</span> <span class='ocrx_word' id='word_1_495' title='bbox 949 2237 1015 2261; x_wconf 74' lang='lat' dir='ltr'>ante</span> 
     </span>
     <span class='ocr_line' id='line_1_44' title="bbox 63 2275 1015 2313; baseline -0.001 -9"><span class='ocrx_word' id='word_1_496' title='bbox 63 2276 114 2304; x_wconf 77' lang='lat' dir='ltr'>hic</span> <span class='ocrx_word' id='word_1_497' title='bbox 128 2287 212 2313; x_wconf 77' lang='lat' dir='ltr'>acer,</span> <span class='ocrx_word' id='word_1_498' title='bbox 239 2276 333 2304; x_wconf 62' lang='lat' dir='ltr'>lmiua=</span> <span class='ocrx_word' id='word_1_499' title='bbox 347 2277 429 2303; x_wconf 62' lang='lat' dir='ltr'>acris</span> <span class='ocrx_word' id='word_1_500' title='bbox 448 2276 512 2305; x_wconf 82' lang='lat' dir='ltr'>Asc.</span> <span class='ocrx_word' id='word_1_501' title='bbox 529 2276 600 2305; x_wconf 84' lang='lat' dir='ltr'>Ven.</span> <span class='ocrx_word' id='word_1_502' title='bbox 617 2278 650 2307; x_wconf 86' lang='lat' dir='ltr'>P.</span> <span class='ocrx_word' id='word_1_503' title='bbox 672 2292 715 2298; x_wconf 90' lang='lat'>·--</span> <span class='ocrx_word' id='word_1_504' title='bbox 735 2279 780 2311; x_wconf 84' lang='lat'>38)</span> <span class='ocrx_word' id='word_1_505' title='bbox 805 2275 936 2303; x_wconf 79' lang='lat' dir='ltr'>Genitivi</span> <span class='ocrx_word' id='word_1_506' title='bbox 951 2280 1015 2304; x_wconf 85' lang='lat' dir='ltr'>ter-</span> 
     </span>
     <span class='ocr_line' id='line_1_45' title="bbox 62 2317 1014 2355; baseline -0.001 -7"><span class='ocrx_word' id='word_1_507' title='bbox 62 2319 238 2348; x_wconf 77' lang='lat' dir='ltr'>minutiones</span> <span class='ocrx_word' id='word_1_508' title='bbox 256 2318 341 2348; x_wconf 88' lang='lat' dir='ltr'>etiam</span> <span class='ocrx_word' id='word_1_509' title='bbox 358 2317 389 2348; x_wconf 84' lang='grc'>11.</span> <span class='ocrx_word' id='word_1_510' title='bbox 404 2319 422 2347; x_wconf 95' lang='lat' dir='ltr'>l.</span> <span class='ocrx_word' id='word_1_511' title='bbox 439 2318 563 2355; x_wconf 77' lang='lat' dir='ltr'>singulis</span> <span class='ocrx_word' id='word_1_512' title='bbox 581 2318 749 2347; x_wconf 85' lang='lat' dir='ltr'>nominibus</span> <span class='ocrx_word' id='word_1_513' title='bbox 766 2318 927 2346; x_wconf 80' lang='lat' dir='ltr'>subiiciunt</span> <span class='ocrx_word' id='word_1_514' title='bbox 943 2318 1014 2347; x_wconf 89' lang='lat' dir='ltr'>Ven.</span> 
     </span>
     <span class='ocr_line' id='line_1_46' title="bbox 63 2360 1014 2400; baseline -0.004 -10"><span class='ocrx_word' id='word_1_515' title='bbox 63 2362 132 2392; x_wconf 80' lang='lat' dir='ltr'>Asc.</span> <span class='ocrx_word' id='word_1_516' title='bbox 148 2363 188 2399; x_wconf 88' lang='lat' dir='ltr'>P.,</span> <span class='ocrx_word' id='word_1_517' title='bbox 206 2371 280 2400; x_wconf 77' lang='lat' dir='ltr'>quas</span> <span class='ocrx_word' id='word_1_518' title='bbox 297 2372 353 2390; x_wconf 87' lang='lat' dir='ltr'>om.</span> <span class='ocrx_word' id='word_1_519' title='bbox 370 2362 427 2390; x_wconf 91' lang='lat' dir='ltr'>Gu.</span> <span class='ocrx_word' id='word_1_520' title='bbox 444 2361 497 2389; x_wconf 82' lang='lat' dir='ltr'>nisi</span> <span class='ocrx_word' id='word_1_521' title='bbox 515 2361 620 2389; x_wconf 89' lang='lat' dir='ltr'>ultimo</span> <span class='ocrx_word' id='word_1_522' title='bbox 637 2362 703 2390; x_wconf 88' lang='lat' dir='ltr'>loco</span> <span class='ocrx_word' id='word_1_523' title='bbox 719 2361 748 2389; x_wconf 89' lang='lat' dir='ltr'>in</span> <span class='ocrx_word' id='word_1_524' title='bbox 762 2371 793 2390; x_wconf 88' lang='lat' dir='ltr'>v.</span> <span class='ocrx_word' id='word_1_525' title='bbox 805 2360 949 2400; x_wconf 67' lang='lat' dir='ltr'>pedester,</span> <span class='ocrx_word' id='word_1_526' title='bbox 966 2360 1014 2389; x_wconf 76' lang='lat' dir='ltr'>de-</span> 
     </span>
     <span class='ocr_line' id='line_1_47' title="bbox 64 2403 1014 2442; baseline 0.001 -11"><span class='ocrx_word' id='word_1_527' title='bbox 64 2406 148 2435; x_wconf 73' lang='lat' dir='ltr'>stris.</span> <span class='ocrx_word' id='word_1_528' title='bbox 180 2421 220 2426; x_wconf 93' lang='lat'><strong>—</strong></span> <span class='ocrx_word' id='word_1_529' title='bbox 251 2406 298 2439; x_wconf 81' lang='lat'>39)</span> <span class='ocrx_word' id='word_1_530' title='bbox 327 2403 532 2442; x_wconf 66' lang='lat' dir='ltr'>Excipiuntm·</span> <span class='ocrx_word' id='word_1_531' title='bbox 559 2404 620 2432; x_wconf 77' lang='lat' dir='ltr'>vel</span> <span class='ocrx_word' id='word_1_532' title='bbox 636 2414 743 2442; x_wconf 75' lang='lat' dir='ltr'>pauca</span> <span class='ocrx_word' id='word_1_533' title='bbox 764 2405 918 2432; x_wconf 75' lang='lat' dir='ltr'>nomina</span> <span class='ocrx_word' id='word_1_534' title='bbox 940 2403 1014 2433; x_wconf 83' lang='lat' dir='ltr'>Cod.</span> 
     </span>
    </p>
   </div>
   <div class='ocr_carea' id='block_1_7' title="bbox 1038 1321 1095 1356">
    <p class='ocr_par' dir='ltr' id='par_1_9' title="bbox 1038 1321 1095 1356">
     <span class='ocr_line' id='line_1_48' title="bbox 1038 1321 1095 1356; baseline -0.018 -14"><span class='ocrx_word' id='word_1_535' title='bbox 1038 1336 1053 1356; x_wconf 68' lang='lat' dir='ltr'>l.</span> <span class='ocrx_word' id='word_1_536' title='bbox 1062 1321 1095 1356; x_wconf 54' lang='lat'>5³·</span> 
     </span>
    </p>
   </div>
   <div class='ocr_carea' id='block_1_8' title="bbox 1157 1316 2017 1367">
    <p class='ocr_par' dir='ltr' id='par_1_10' title="bbox 1157 1316 2017 1367">
     <span class='ocr_line' id='line_1_49' title="bbox 1157 1316 2017 1367; baseline -0.007 -11"><span class='ocrx_word' id='word_1_537' title='bbox 1157 1323 1270 1356; x_wconf 85' lang='lat' dir='ltr'>Unum</span> <span class='ocrx_word' id='word_1_538' title='bbox 1306 1323 1410 1356; x_wconf 86' lang='lat' dir='ltr'>omnis</span> <span class='ocrx_word' id='word_1_539' title='bbox 1447 1323 1594 1367; x_wconf 82' lang='lat' dir='ltr'>generis,</span> <span class='ocrx_word' id='word_1_540' title='bbox 1635 1321 1693 1354; x_wconf 85' lang='lat' dir='ltr'>hic</span> <span class='ocrx_word' id='word_1_541' title='bbox 1720 1325 1752 1353; x_wconf 87' lang='lat' dir='ltr'>et</span> <span class='ocrx_word' id='word_1_542' title='bbox 1778 1319 1864 1353; x_wconf 87' lang='lat' dir='ltr'>haec</span> <span class='ocrx_word' id='word_1_543' title='bbox 1891 1325 1923 1350; x_wconf 84' lang='lat' dir='ltr'>et</span> <span class='ocrx_word' id='word_1_544' title='bbox 1949 1316 2017 1350; x_wconf 91' lang='lat' dir='ltr'>hoc</span> 
     </span>
    </p>
   </div>
   <div class='ocr_carea' id='block_1_9' title="bbox 1056 1501 2015 2356">
    <p class='ocr_par' dir='ltr' id='par_1_11' title="bbox 1056 1501 2015 2356">
     <span class='ocr_line' id='line_1_50' title="bbox 1060 1501 2015 1550; baseline -0.01 -12"><span class='ocrx_word' id='word_1_545' title='bbox 1060 1510 1117 1540; x_wconf 75' lang='lat' dir='ltr'>Gn.</span> <span class='ocrx_word' id='word_1_546' title='bbox 1141 1525 1184 1532; x_wconf 88' lang='lat'>--</span> <span class='ocrx_word' id='word_1_547' title='bbox 1205 1506 1252 1550; x_wconf 84' lang='lat'>40)</span> <span class='ocrx_word' id='word_1_548' title='bbox 1269 1509 1304 1538; x_wconf 81' lang='lat' dir='ltr'>In</span> <span class='ocrx_word' id='word_1_549' title='bbox 1312 1509 1468 1546; x_wconf 74' lang='lat' dir='ltr'>feminino</span> <span class='ocrx_word' id='word_1_550' title='bbox 1480 1519 1586 1547; x_wconf 77' lang='lat' dir='ltr'>genere</span> <span class='ocrx_word' id='word_1_551' title='bbox 1602 1507 1767 1535; x_wconf 75' lang='lat' dir='ltr'>terminata</span> <span class='ocrx_word' id='word_1_552' title='bbox 1779 1503 1854 1532; x_wconf 78' lang='lat' dir='ltr'>male</span> <span class='ocrx_word' id='word_1_553' title='bbox 1868 1501 1941 1532; x_wconf 86' lang='lat' dir='ltr'>Cod.</span> <span class='ocrx_word' id='word_1_554' title='bbox 1959 1501 2015 1529; x_wconf 92' lang='lat' dir='ltr'>Gu.</span> 
     </span>
     <span class='ocr_line' id='line_1_51' title="bbox 1058 1546 2015 1588; baseline -0.009 -8"><span class='ocrx_word' id='word_1_555' title='bbox 1058 1569 1102 1575; x_wconf 96' lang='lat'>—</span> <span class='ocrx_word' id='word_1_556' title='bbox 1116 1553 1167 1588; x_wconf 78' lang='lat'>41)</span> <span class='ocrx_word' id='word_1_557' title='bbox 1183 1552 1284 1588; x_wconf 65' lang='lat' dir='ltr'>After,</span> <span class='ocrx_word' id='word_1_558' title='bbox 1302 1553 1390 1588; x_wconf 64' lang='lat' dir='ltr'>astri,</span> <span class='ocrx_word' id='word_1_559' title='bbox 1400 1551 1500 1588; x_wconf 77' lang='lat' dir='ltr'>faber,</span> <span class='ocrx_word' id='word_1_560' title='bbox 1518 1550 1565 1577; x_wconf 71' lang='lat' dir='ltr'>bri</span> <span class='ocrx_word' id='word_1_561' title='bbox 1578 1550 1649 1578; x_wconf 87' lang='lat' dir='ltr'>Ven.</span> <span class='ocrx_word' id='word_1_562' title='bbox 1665 1550 1731 1578; x_wconf 86' lang='lat' dir='ltr'>Asc.</span> <span class='ocrx_word' id='word_1_563' title='bbox 1745 1547 1831 1576; x_wconf 81' lang='lat' dir='ltr'>male.</span> <span class='ocrx_word' id='word_1_564' title='bbox 1855 1546 1946 1573; x_wconf 82' lang='lat' dir='ltr'>Recte</span> <span class='ocrx_word' id='word_1_565' title='bbox 1960 1554 2015 1571; x_wconf 78' lang='lat' dir='ltr'>ra-</span> 
     </span>
     <span class='ocr_line' id='line_1_52' title="bbox 1059 1587 2014 1631; baseline -0.01 -8"><span class='ocrx_word' id='word_1_566' title='bbox 1059 1601 1119 1623; x_wconf 67' lang='lat' dir='ltr'>sim·</span> <span class='ocrx_word' id='word_1_567' title='bbox 1135 1595 1192 1624; x_wconf 84' lang='lat' dir='ltr'>Gu.</span> <span class='ocrx_word' id='word_1_568' title='bbox 1207 1595 1238 1624; x_wconf 84' lang='lat' dir='ltr'>P.</span> <span class='ocrx_word' id='word_1_569' title='bbox 1284 1595 1419 1622; x_wconf 75' lang='lat' dir='ltr'>Ceterum</span> <span class='ocrx_word' id='word_1_570' title='bbox 1444 1593 1569 1631; x_wconf 79' lang='lat' dir='ltr'>genitivi</span> <span class='ocrx_word' id='word_1_571' title='bbox 1590 1593 1703 1620; x_wconf 83' lang='lat' dir='ltr'>formae</span> <span class='ocrx_word' id='word_1_572' title='bbox 1723 1590 1770 1619; x_wconf 87' lang='lat' dir='ltr'>vel</span> <span class='ocrx_word' id='word_1_573' title='bbox 1794 1587 2014 1618; x_wconf 78' lang='lat' dir='ltr'>terminationes</span> 
     </span>
     <span class='ocr_line' id='line_1_53' title="bbox 1059 1631 2014 1675; baseline -0.012 -9"><span class='ocrx_word' id='word_1_574' title='bbox 1059 1638 1183 1675; x_wconf 74' lang='lat' dir='ltr'>singulis</span> <span class='ocrx_word' id='word_1_575' title='bbox 1200 1637 1318 1665; x_wconf 81' lang='lat' dir='ltr'>additae</span> <span class='ocrx_word' id='word_1_576' title='bbox 1337 1640 1406 1664; x_wconf 90' lang='lat' dir='ltr'>sunt</span> <span class='ocrx_word' id='word_1_577' title='bbox 1421 1636 1450 1663; x_wconf 87' lang='lat' dir='ltr'>in</span> <span class='ocrx_word' id='word_1_578' title='bbox 1467 1635 1538 1663; x_wconf 90' lang='lat' dir='ltr'>Ven.</span> <span class='ocrx_word' id='word_1_579' title='bbox 1557 1636 1622 1664; x_wconf 87' lang='lat' dir='ltr'>Asc.</span> <span class='ocrx_word' id='word_1_580' title='bbox 1636 1635 1667 1663; x_wconf 90' lang='lat' dir='ltr'>P.</span> <span class='ocrx_word' id='word_1_581' title='bbox 1690 1650 1731 1655; x_wconf 90' lang='lat'>—-</span> <span class='ocrx_word' id='word_1_582' title='bbox 1753 1636 1797 1667; x_wconf 62' lang='lat'>42)</span> <span class='ocrx_word' id='word_1_583' title='bbox 1824 1631 1914 1659; x_wconf 53' lang='lat' dir='ltr'>lim-ta</span> <span class='ocrx_word' id='word_1_584' title='bbox 1932 1639 2014 1656; x_wconf 80' lang='lat' dir='ltr'>com—</span> 
     </span>
     <span class='ocr_line' id='line_1_54' title="bbox 1057 1672 2013 1715; baseline -0.008 -7"><span class='ocrx_word' id='word_1_585' title='bbox 1057 1691 1177 1709; x_wconf 78' lang='lat' dir='ltr'>munem</span> <span class='ocrx_word' id='word_1_586' title='bbox 1190 1681 1336 1707; x_wconf 71' lang='lat' dir='ltr'>rationem</span> <span class='ocrx_word' id='word_1_587' title='bbox 1351 1678 1407 1706; x_wconf 81' lang='lat' dir='ltr'>Gn.</span> <span class='ocrx_word' id='word_1_588' title='bbox 1421 1694 1464 1700; x_wconf 65' lang='grc' dir='ltr'>ο-</span> <span class='ocrx_word' id='word_1_589' title='bbox 1477 1680 1521 1712; x_wconf 78' lang='grc'>43)</span> <span class='ocrx_word' id='word_1_590' title='bbox 1539 1679 1674 1715; x_wconf 76' lang='lat' dir='ltr'>Pauper,</span> <span class='ocrx_word' id='word_1_591' title='bbox 1692 1676 1841 1714; x_wconf 71' lang='lat' dir='ltr'>pauperis</span> <span class='ocrx_word' id='word_1_592' title='bbox 1857 1672 1929 1700; x_wconf 79' lang='lat' dir='ltr'>ven.</span> <span class='ocrx_word' id='word_1_593' title='bbox 1947 1672 2013 1700; x_wconf 82' lang='lat' dir='ltr'>Asc.</span> 
     </span>
     <span class='ocr_line' id='line_1_55' title="bbox 1057 1713 2012 1759; baseline -0.009 -9"><span class='ocrx_word' id='word_1_594' title='bbox 1057 1724 1089 1754; x_wconf 78' lang='lat' dir='ltr'>P,</span> <span class='ocrx_word' id='word_1_595' title='bbox 1103 1739 1145 1744; x_wconf 90' lang='lat'><strong>—</strong></span> <span class='ocrx_word' id='word_1_596' title='bbox 1160 1723 1205 1757; x_wconf 79' lang='grc'>44)</span> <span class='ocrx_word' id='word_1_597' title='bbox 1226 1722 1257 1750; x_wconf 75' lang='grc' dir='ltr'>Ῑν</span> <span class='ocrx_word' id='word_1_598' title='bbox 1271 1733 1296 1759; x_wconf 60' lang='lat' dir='ltr'>S)</span> <span class='ocrx_word' id='word_1_599' title='bbox 1306 1720 1390 1748; x_wconf 76' lang='lat' dir='ltr'>[laba</span> <span class='ocrx_word' id='word_1_600' title='bbox 1407 1721 1571 1748; x_wconf 77' lang='lat' dir='ltr'>terminata</span> <span class='ocrx_word' id='word_1_601' title='bbox 1587 1726 1630 1747; x_wconf 74' lang='lat' dir='ltr'>est</span> <span class='ocrx_word' id='word_1_602' title='bbox 1646 1720 1703 1748; x_wconf 87' lang='lat' dir='ltr'>Gu.</span> <span class='ocrx_word' id='word_1_603' title='bbox 1719 1734 1760 1739; x_wconf 95' lang='lat'>—-</span> <span class='ocrx_word' id='word_1_604' title='bbox 1781 1718 1826 1750; x_wconf 82' lang='lat'>45)</span> <span class='ocrx_word' id='word_1_605' title='bbox 1849 1714 1920 1750; x_wconf 72' lang='lat' dir='ltr'>Wr‚</span> <span class='ocrx_word' id='word_1_606' title='bbox 1944 1713 2012 1748; x_wconf 73' lang='lat' dir='ltr'>viri,</span> 
     </span>
     <span class='ocr_line' id='line_1_56' title="bbox 1059 1753 2011 1804; baseline -0.013 -10"><span class='ocrx_word' id='word_1_607' title='bbox 1059 1772 1085 1794; x_wconf 81' lang='lat' dir='ltr'>et</span> <span class='ocrx_word' id='word_1_608' title='bbox 1100 1766 1127 1793; x_wconf 73' lang='lat' dir='ltr'>si</span> <span class='ocrx_word' id='word_1_609' title='bbox 1141 1775 1203 1804; x_wconf 76' lang='lat' dir='ltr'>qua</span> <span class='ocrx_word' id='word_1_610' title='bbox 1218 1765 1291 1793; x_wconf 90' lang='lat' dir='ltr'>Ven.</span> <span class='ocrx_word' id='word_1_611' title='bbox 1306 1764 1374 1792; x_wconf 88' lang='lat' dir='ltr'>Asc.</span> <span class='ocrx_word' id='word_1_612' title='bbox 1392 1763 1424 1792; x_wconf 93' lang='lat' dir='ltr'>P.</span> <span class='ocrx_word' id='word_1_613' title='bbox 1446 1778 1489 1786; x_wconf 88' lang='lat'>-—-</span> <span class='ocrx_word' id='word_1_614' title='bbox 1509 1763 1556 1800; x_wconf 77' lang='lat'>46)</span> <span class='ocrx_word' id='word_1_615' title='bbox 1579 1762 1740 1790; x_wconf 67' lang='lat' dir='ltr'>Daumvir</span> <span class='ocrx_word' id='word_1_616' title='bbox 1758 1769 1813 1787; x_wconf 90' lang='lat' dir='ltr'>om.</span> <span class='ocrx_word' id='word_1_617' title='bbox 1832 1757 1886 1785; x_wconf 91' lang='lat' dir='ltr'>Gu.</span> <span class='ocrx_word' id='word_1_618' title='bbox 1907 1771 1948 1776; x_wconf 93' lang='lat'>—</span> <span class='ocrx_word' id='word_1_619' title='bbox 1963 1753 2011 1803; x_wconf 72' lang='grc' dir='ltr'>ι47)</span> 
     </span>
     <span class='ocr_line' id='line_1_57' title="bbox 1059 1799 2011 1839; baseline -0.015 -1"><span class='ocrx_word' id='word_1_620' title='bbox 1059 1810 1106 1838; x_wconf 81' lang='lat' dir='ltr'>Et</span> <span class='ocrx_word' id='word_1_621' title='bbox 1122 1818 1234 1835; x_wconf 72' lang='lat' dir='ltr'>monos.</span> <span class='ocrx_word' id='word_1_622' title='bbox 1252 1806 1325 1834; x_wconf 83' lang='lat' dir='ltr'>ven.</span> <span class='ocrx_word' id='word_1_623' title='bbox 1344 1806 1412 1835; x_wconf 89' lang='lat' dir='ltr'>Asc.</span> <span class='ocrx_word' id='word_1_624' title='bbox 1428 1805 1457 1835; x_wconf 87' lang='grc' dir='ltr'>Ρ.</span> <span class='ocrx_word' id='word_1_625' title='bbox 1474 1821 1517 1827; x_wconf 90' lang='grc'>-</span> <span class='ocrx_word' id='word_1_626' title='bbox 1531 1806 1575 1839; x_wconf 79' lang='lat'>48)</span> <span class='ocrx_word' id='word_1_627' title='bbox 1595 1805 1801 1833; x_wconf 85' lang='lat' dir='ltr'>Genitivorum</span> <span class='ocrx_word' id='word_1_628' title='bbox 1819 1799 1930 1827; x_wconf 80' lang='lat' dir='ltr'>formas</span> <span class='ocrx_word' id='word_1_629' title='bbox 1946 1807 2011 1825; x_wconf 85' lang='lat' dir='ltr'>sm-</span> 
     </span>
     <span class='ocr_line' id='line_1_58' title="bbox 1059 1840 2009 1889; baseline -0.009 -11"><span class='ocrx_word' id='word_1_630' title='bbox 1059 1851 1135 1889; x_wconf 81' lang='lat' dir='ltr'>gulis</span> <span class='ocrx_word' id='word_1_631' title='bbox 1156 1859 1233 1878; x_wconf 87' lang='lat' dir='ltr'>nom.</span> <span class='ocrx_word' id='word_1_632' title='bbox 1252 1848 1413 1877; x_wconf 81' lang='lat' dir='ltr'>subiiciunt</span> <span class='ocrx_word' id='word_1_633' title='bbox 1434 1852 1462 1876; x_wconf 80' lang='lat' dir='ltr'>et</span> <span class='ocrx_word' id='word_1_634' title='bbox 1481 1857 1646 1886; x_wconf 83' lang='lat' dir='ltr'>pronomen</span> <span class='ocrx_word' id='word_1_635' title='bbox 1662 1847 1713 1874; x_wconf 67' lang='lat' dir='ltr'>ln&#39;c</span> <span class='ocrx_word' id='word_1_636' title='bbox 1729 1845 1919 1884; x_wconf 79' lang='lat' dir='ltr'>praeponunt</span> <span class='ocrx_word' id='word_1_637' title='bbox 1934 1840 2009 1869; x_wconf 88' lang='lat' dir='ltr'>Ven.</span> 
     </span>
     <span class='ocr_line' id='line_1_59' title="bbox 1058 1883 2010 1928; baseline -0.007 -7"><span class='ocrx_word' id='word_1_638' title='bbox 1058 1895 1126 1922; x_wconf 81' lang='lat' dir='ltr'>Asc.</span> <span class='ocrx_word' id='word_1_639' title='bbox 1139 1893 1167 1920; x_wconf 86' lang='lat' dir='ltr'>P.</span> <span class='ocrx_word' id='word_1_640' title='bbox 1199 1892 1235 1919; x_wconf 71' lang='lat' dir='ltr'>Ut</span> <span class='ocrx_word' id='word_1_641' title='bbox 1252 1891 1302 1919; x_wconf 74' lang='lat' dir='ltr'>hic</span> <span class='ocrx_word' id='word_1_642' title='bbox 1321 1890 1402 1927; x_wconf 74' lang='lat' dir='ltr'>odor,</span> <span class='ocrx_word' id='word_1_643' title='bbox 1418 1901 1511 1926; x_wconf 82' lang='lat' dir='ltr'>amor,</span> <span class='ocrx_word' id='word_1_644' title='bbox 1528 1890 1638 1928; x_wconf 75' lang='lat' dir='ltr'>liquor,</span> <span class='ocrx_word' id='word_1_645' title='bbox 1655 1888 1741 1918; x_wconf 64' lang='lat' dir='ltr'>odio</span> <span class='ocrx_word' id='word_1_646' title='bbox 1751 1898 1766 1915; x_wconf 77' lang='lat' dir='ltr'>r</span> <span class='ocrx_word' id='word_1_647' title='bbox 1782 1883 1851 1926; x_wconf 71' lang='lat' dir='ltr'>(Sic)</span> <span class='ocrx_word' id='word_1_648' title='bbox 1870 1885 1925 1912; x_wconf 79' lang='lat' dir='ltr'>GU·</span> <span class='ocrx_word' id='word_1_649' title='bbox 1951 1883 2010 1911; x_wconf 79' lang='lat' dir='ltr'>PO-</span> 
     </span>
     <span class='ocr_line' id='line_1_60' title="bbox 1059 1925 2011 1973; baseline -0.008 -10"><span class='ocrx_word' id='word_1_650' title='bbox 1059 1940 1199 1964; x_wconf 84' lang='lat' dir='ltr'>stremum</span> <span class='ocrx_word' id='word_1_651' title='bbox 1215 1934 1339 1962; x_wconf 73' lang='lat' dir='ltr'>sortasse</span> <span class='ocrx_word' id='word_1_652' title='bbox 1355 1933 1449 1961; x_wconf 73' lang='lat' dir='ltr'>achor</span> <span class='ocrx_word' id='word_1_653' title='bbox 1460 1933 1507 1961; x_wconf 85' lang='lat' dir='ltr'>vel</span> <span class='ocrx_word' id='word_1_654' title='bbox 1526 1933 1611 1960; x_wconf 71' lang='lat' dir='ltr'>iclior</span> <span class='ocrx_word' id='word_1_655' title='bbox 1624 1932 1790 1971; x_wconf 78' lang='lat' dir='ltr'>legendum.</span> <span class='ocrx_word' id='word_1_656' title='bbox 1805 1944 1846 1950; x_wconf 92' lang='lat'>—-</span> <span class='ocrx_word' id='word_1_657' title='bbox 1862 1925 1907 1965; x_wconf 81' lang='lat'>49)</span> <span class='ocrx_word' id='word_1_658' title='bbox 1924 1926 2011 1973; x_wconf 61' lang='lat' dir='ltr'>Qlfae</span> 
     </span>
     <span class='ocr_line' id='line_1_61' title="bbox 1058 1971 2009 2015; baseline -0.011 -10"><span class='ocrx_word' id='word_1_659' title='bbox 1058 1988 1145 2005; x_wconf 68' lang='lat' dir='ltr'>sexus</span> <span class='ocrx_word' id='word_1_660' title='bbox 1152 1977 1303 2013; x_wconf 74' lang='lat' dir='ltr'>seminini</span> <span class='ocrx_word' id='word_1_661' title='bbox 1315 1977 1433 2015; x_wconf 72' lang='lat' dir='ltr'>generi-s·</span> <span class='ocrx_word' id='word_1_662' title='bbox 1448 1974 1506 2013; x_wconf 76' lang='lat' dir='ltr'>defi</span> <span class='ocrx_word' id='word_1_663' title='bbox 1523 1976 1578 2004; x_wconf 87' lang='lat' dir='ltr'>Gu.</span> <span class='ocrx_word' id='word_1_664' title='bbox 1601 1992 1640 1997; x_wconf 89' lang='lat'><em>-</em></span> <span class='ocrx_word' id='word_1_665' title='bbox 1666 1977 1709 2010; x_wconf 72' lang='lat'>50)</span> <span class='ocrx_word' id='word_1_666' title='bbox 1733 1973 1772 2002; x_wconf 75' lang='lat' dir='ltr'>Id</span> <span class='ocrx_word' id='word_1_667' title='bbox 1784 1975 1825 2001; x_wconf 73' lang='lat' dir='ltr'>est</span> <span class='ocrx_word' id='word_1_668' title='bbox 1841 1971 1947 1998; x_wconf 69' lang='lat' dir='ltr'>tertiae</span> <span class='ocrx_word' id='word_1_669' title='bbox 1962 1978 2009 1997; x_wconf 86' lang='lat'>111-</span> 
     </span>
     <span class='ocr_line' id='line_1_62' title="bbox 1058 2010 2008 2059; baseline -0.006 -11"><span class='ocrx_word' id='word_1_670' title='bbox 1058 2019 1190 2059; x_wconf 84' lang='lat' dir='ltr'>1erponit</span> <span class='ocrx_word' id='word_1_671' title='bbox 1205 2020 1262 2048; x_wconf 90' lang='lat' dir='ltr'>Gu.</span> <span class='ocrx_word' id='word_1_672' title='bbox 1282 2035 1318 2040; x_wconf 92' lang='lat'>—</span> <span class='ocrx_word' id='word_1_673' title='bbox 1336 2017 1383 2057; x_wconf 83' lang='lat'>51)</span> <span class='ocrx_word' id='word_1_674' title='bbox 1396 2020 1484 2047; x_wconf 69' lang='lat' dir='ltr'>Ilaec</span> <span class='ocrx_word' id='word_1_675' title='bbox 1495 2029 1584 2055; x_wconf 80' lang='lat' dir='ltr'>uxor,</span> <span class='ocrx_word' id='word_1_676' title='bbox 1607 2018 1683 2047; x_wconf 77' lang='lat' dir='ltr'>haec</span> <span class='ocrx_word' id='word_1_677' title='bbox 1696 2027 1797 2053; x_wconf 63' lang='lat' dir='ltr'>⁴soror,</span> <span class='ocrx_word' id='word_1_678' title='bbox 1819 2013 1894 2041; x_wconf 68' lang='lat' dir='ltr'>llaec</span> <span class='ocrx_word' id='word_1_679' title='bbox 1908 2010 2008 2039; x_wconf 72' lang='lat' dir='ltr'>arbor·</span> 
     </span>
     <span class='ocr_line' id='line_1_63' title="bbox 1057 2053 2009 2100; baseline -0.011 -9"><span class='ocrx_word' id='word_1_680' title='bbox 1057 2063 1113 2092; x_wconf 88' lang='lat' dir='ltr'>Gu.</span> <span class='ocrx_word' id='word_1_681' title='bbox 1136 2077 1178 2084; x_wconf 88' lang='lat'>--·</span> <span class='ocrx_word' id='word_1_682' title='bbox 1198 2062 1246 2100; x_wconf 70' lang='lat'>52)</span> <span class='ocrx_word' id='word_1_683' title='bbox 1270 2062 1339 2089; x_wconf 84' lang='lat' dir='ltr'>Hoc</span> <span class='ocrx_word' id='word_1_684' title='bbox 1358 2060 1451 2098; x_wconf 81' lang='lat' dir='ltr'>ador,</span> <span class='ocrx_word' id='word_1_685' title='bbox 1478 2061 1534 2089; x_wconf 76' lang='lat' dir='ltr'>lzoc</span> <span class='ocrx_word' id='word_1_686' title='bbox 1552 2071 1701 2099; x_wconf 82' lang='lat' dir='ltr'>marmor,</span> <span class='ocrx_word' id='word_1_687' title='bbox 1728 2060 1786 2089; x_wconf 79' lang='lat' dir='ltr'>lwc</span> <span class='ocrx_word' id='word_1_688' title='bbox 1803 2065 1930 2094; x_wconf 77' lang='lat' dir='ltr'>aequor,</span> <span class='ocrx_word' id='word_1_689' title='bbox 1952 2053 2009 2081; x_wconf 83' lang='lat' dir='ltr'>hoc</span> 
     </span>
     <span class='ocr_line' id='line_1_64' title="bbox 1056 2096 2007 2143; baseline -0.005 -11"><span class='ocrx_word' id='word_1_690' title='bbox 1056 2105 1139 2142; x_wconf 78' lang='lat' dir='ltr'>ebor,</span> <span class='ocrx_word' id='word_1_691' title='bbox 1161 2104 1217 2132; x_wconf 80' lang='lat' dir='ltr'>hoc</span> <span class='ocrx_word' id='word_1_692' title='bbox 1231 2104 1333 2141; x_wconf 81' lang='lat' dir='ltr'>robor,</span> <span class='ocrx_word' id='word_1_693' title='bbox 1356 2103 1486 2143; x_wconf 79' lang='lat' dir='ltr'>quidam</span> <span class='ocrx_word' id='word_1_694' title='bbox 1503 2109 1530 2132; x_wconf 83' lang='lat' dir='ltr'>et</span> <span class='ocrx_word' id='word_1_695' title='bbox 1542 2104 1599 2132; x_wconf 75' lang='lat' dir='ltr'>hoc</span> <span class='ocrx_word' id='word_1_696' title='bbox 1614 2105 1714 2141; x_wconf 84' lang='lat' dir='ltr'>femor</span> <span class='ocrx_word' id='word_1_697' title='bbox 1728 2107 1782 2133; x_wconf 85' lang='lat' dir='ltr'>cet.</span> <span class='ocrx_word' id='word_1_698' title='bbox 1803 2099 1874 2127; x_wconf 64' lang='lat' dir='ltr'>Vell-</span> <span class='ocrx_word' id='word_1_699' title='bbox 1890 2098 1958 2127; x_wconf 81' lang='lat' dir='ltr'>Asc.</span> <span class='ocrx_word' id='word_1_700' title='bbox 1976 2096 2007 2125; x_wconf 83' lang='lat' dir='ltr'>P·</span> 
     </span>
     <span class='ocr_line' id='line_1_65' title="bbox 1058 2137 2006 2185; baseline -0.006 -8"><span class='ocrx_word' id='word_1_701' title='bbox 1058 2148 1141 2183; x_wconf 82' lang='lat' dir='ltr'>Quae</span> <span class='ocrx_word' id='word_1_702' title='bbox 1162 2146 1255 2184; x_wconf 88' lang='lat' dir='ltr'>edidi,</span> <span class='ocrx_word' id='word_1_703' title='bbox 1287 2147 1427 2185; x_wconf 81' lang='lat' dir='ltr'>leguntur</span> <span class='ocrx_word' id='word_1_704' title='bbox 1441 2148 1471 2175; x_wconf 80' lang='lat' dir='ltr'>in</span> <span class='ocrx_word' id='word_1_705' title='bbox 1489 2146 1565 2177; x_wconf 84' lang='lat' dir='ltr'>Gud.</span> <span class='ocrx_word' id='word_1_706' title='bbox 1583 2145 1641 2175; x_wconf 89' lang='lat' dir='ltr'>hoc</span> <span class='ocrx_word' id='word_1_707' title='bbox 1656 2151 1753 2175; x_wconf 81' lang='lat' dir='ltr'>tamen</span> <span class='ocrx_word' id='word_1_708' title='bbox 1772 2141 1890 2174; x_wconf 80' lang='lat' dir='ltr'>ordine:</span> <span class='ocrx_word' id='word_1_709' title='bbox 1921 2137 2006 2174; x_wconf 66' lang='lat' dir='ltr'>adm,</span> 
     </span>
     <span class='ocr_line' id='line_1_66' title="bbox 1057 2180 2008 2230; baseline -0.012 -12"><span class='ocrx_word' id='word_1_710' title='bbox 1057 2200 1163 2229; x_wconf 74' lang='lat' dir='ltr'>equor,</span> <span class='ocrx_word' id='word_1_711' title='bbox 1185 2190 1243 2227; x_wconf 75' lang='lat' dir='ltr'>ris,</span> <span class='ocrx_word' id='word_1_712' title='bbox 1265 2200 1344 2219; x_wconf 82' lang='lat' dir='ltr'>mar.</span> <span class='ocrx_word' id='word_1_713' title='bbox 1361 2201 1433 2221; x_wconf 79' lang='lat' dir='ltr'>mor.</span> <span class='ocrx_word' id='word_1_714' title='bbox 1445 2186 1530 2230; x_wconf 83' lang='lat' dir='ltr'>(sic),</span> <span class='ocrx_word' id='word_1_715' title='bbox 1551 2200 1609 2218; x_wconf 81' lang='lat' dir='ltr'>cor.</span> <span class='ocrx_word' id='word_1_716' title='bbox 1656 2188 1793 2227; x_wconf 69' lang='lat' dir='ltr'>Quidam</span> <span class='ocrx_word' id='word_1_717' title='bbox 1805 2184 1860 2212; x_wconf 76' lang='lat' dir='ltr'>lzoc</span> <span class='ocrx_word' id='word_1_718' title='bbox 1875 2182 1945 2211; x_wconf 82' lang='lat' dir='ltr'>ebur</span> <span class='ocrx_word' id='word_1_719' title='bbox 1962 2180 2008 2208; x_wconf 61' lang='lat' dir='ltr'>vel</span> 
     </span>
     <span class='ocr_line' id='line_1_67' title="bbox 1059 2224 2006 2270; baseline -0.007 -10"><span class='ocrx_word' id='word_1_720' title='bbox 1059 2233 1126 2261; x_wconf 81' lang='lat' dir='ltr'>ebor</span> <span class='ocrx_word' id='word_1_721' title='bbox 1138 2233 1186 2261; x_wconf 60' lang='lat' dir='ltr'>vel</span> <span class='ocrx_word' id='word_1_722' title='bbox 1198 2232 1304 2269; x_wconf 80' lang='lat' dir='ltr'>robur,</span> <span class='ocrx_word' id='word_1_723' title='bbox 1322 2234 1428 2270; x_wconf 76' lang='lat' dir='ltr'>semor</span> <span class='ocrx_word' id='word_1_724' title='bbox 1446 2233 1611 2270; x_wconf 62' lang='lat' dir='ltr'>relfemur</span> <span class='ocrx_word' id='word_1_725' title='bbox 1625 2243 1649 2262; x_wconf 90' lang='lat' dir='ltr'>r.</span> <span class='ocrx_word' id='word_1_726' title='bbox 1666 2243 1736 2262; x_wconf 80' lang='grc' dir='ltr'><em>αηη,</em></span> <span class='ocrx_word' id='word_1_727' title='bbox 1765 2247 1807 2253; x_wconf 97' lang='lat'>—</span> <span class='ocrx_word' id='word_1_728' title='bbox 1833 2227 1881 2264; x_wconf 78' lang='lat'>53)</span> <span class='ocrx_word' id='word_1_729' title='bbox 1904 2224 2006 2253; x_wconf 72' lang='lat' dir='ltr'>Altior</span> 
     </span>
     <span class='ocr_line' id='line_1_68' title="bbox 1059 2267 2004 2315; baseline -0.005 -11"><span class='ocrx_word' id='word_1_730' title='bbox 1059 2275 1164 2315; x_wconf 81' lang='lat' dir='ltr'>scripsi</span> <span class='ocrx_word' id='word_1_731' title='bbox 1192 2275 1355 2312; x_wconf 85' lang='lat' dir='ltr'>analogiam</span> <span class='ocrx_word' id='word_1_732' title='bbox 1382 2275 1468 2304; x_wconf 69' lang='lat' dir='ltr'>verbi</span> <span class='ocrx_word' id='word_1_733' title='bbox 1491 2281 1656 2303; x_wconf 73' lang='lat' dir='ltr'>uzctamare</span> <span class='ocrx_word' id='word_1_734' title='bbox 1678 2278 1807 2304; x_wconf 78' lang='lat' dir='ltr'>secutus.</span> <span class='ocrx_word' id='word_1_735' title='bbox 1850 2269 1882 2297; x_wconf 81' lang='lat'>1¹1</span> <span class='ocrx_word' id='word_1_736' title='bbox 1906 2267 1937 2295; x_wconf 82' lang='grc' dir='ltr'>Ρ·</span> <span class='ocrx_word' id='word_1_737' title='bbox 1960 2267 2004 2311; x_wconf 44' lang='lat' dir='ltr'>esf</span> 
     </span>
     <span class='ocr_line' id='line_1_69' title="bbox 1056 2310 2004 2356; baseline -0.017 -5"><span class='ocrx_word' id='word_1_738' title='bbox 1056 2319 1182 2356; x_wconf 68' lang='lat' dir='ltr'>author,</span> <span class='ocrx_word' id='word_1_739' title='bbox 1210 2318 1241 2346; x_wconf 85' lang='lat' dir='ltr'>in</span> <span class='ocrx_word' id='word_1_740' title='bbox 1264 2318 1320 2349; x_wconf 89' lang='lat' dir='ltr'>Gu.</span> <span class='ocrx_word' id='word_1_741' title='bbox 1342 2318 1413 2348; x_wconf 82' lang='lat' dir='ltr'>Ven.</span> <span class='ocrx_word' id='word_1_742' title='bbox 1435 2318 1502 2349; x_wconf 77' lang='lat' dir='ltr'>Asc.</span> <span class='ocrx_word' id='word_1_743' title='bbox 1526 2323 1644 2347; x_wconf 77' lang='lat' dir='ltr'>auctor.</span> <span class='ocrx_word' id='word_1_744' title='bbox 1688 2316 1792 2346; x_wconf 84' lang='lat' dir='ltr'>Statim</span> <span class='ocrx_word' id='word_1_745' title='bbox 1813 2316 1882 2350; x_wconf 80' lang='lat' dir='ltr'>post</span> <span class='ocrx_word' id='word_1_746' title='bbox 1900 2310 2004 2337; x_wconf 69' lang='lat' dir='ltr'>omncs</span> 
     </span>
    </p>
   </div>
   <div class='ocr_carea' id='block_1_10' title="bbox 1053 2354 1937 2401">
    <p class='ocr_par' dir='ltr' id='par_1_12' title="bbox 1053 2354 1937 2401">
     <span class='ocr_line' id='line_1_70' title="bbox 1053 2354 1937 2401; baseline -0.007 -11"><span class='ocrx_word' id='word_1_747' title='bbox 1053 2362 1184 2401; x_wconf 73' lang='lat' dir='ltr'>generis,</span> <span class='ocrx_word' id='word_1_748' title='bbox 1207 2371 1265 2392; x_wconf 88' lang='lat' dir='ltr'>om.</span> <span class='ocrx_word' id='word_1_749' title='bbox 1281 2371 1378 2390; x_wconf 77' lang='lat' dir='ltr'>unum</span> <span class='ocrx_word' id='word_1_750' title='bbox 1392 2362 1448 2390; x_wconf 87' lang='lat' dir='ltr'>Gu.</span> <span class='ocrx_word' id='word_1_751' title='bbox 1471 2377 1514 2384; x_wconf 93' lang='lat'>—</span> <span class='ocrx_word' id='word_1_752' title='bbox 1535 2361 1582 2399; x_wconf 82' lang='lat'>54)</span> <span class='ocrx_word' id='word_1_753' title='bbox 1603 2361 1651 2389; x_wconf 79' lang='lat' dir='ltr'>Ex</span> <span class='ocrx_word' id='word_1_754' title='bbox 1666 2372 1698 2388; x_wconf 80' lang='lat' dir='ltr'>co</span> <span class='ocrx_word' id='word_1_755' title='bbox 1714 2359 1822 2388; x_wconf 86' lang='lat' dir='ltr'>desunt</span> <span class='ocrx_word' id='word_1_756' title='bbox 1836 2355 1865 2382; x_wconf 83' lang='lat' dir='ltr'>in</span> <span class='ocrx_word' id='word_1_757' title='bbox 1882 2354 1937 2382; x_wconf 77' lang='lat' dir='ltr'>Gu-</span> 
     </span>
    </p>
   </div>
  </div>
 </body>
</html>
