2263 2668
519 156 583 190 DE
612 153 998 190 SIGNIFICATIONE
1025 154 1307 190 VERBORUM.
1366 157 1510 191 LIBER
1532 156 1607 190 XII.
1955 156 2030 192 525

86 252 370 281 animadverterunt.
418 249 461 278 Ad
491 254 656 278 extremum
684 249 856 286 dicebatur,
893 247 965 286 quid
995 247 1118 276 nefastis
1148 248 1251 277 diebus
1280 249 1343 278 fieri
1371 255 1479 289 posset.
1510 249 1595 278 Ant.
1618 248 1712 287 Aug.
1756 248 1877 291 Nefasli
1905 248 1966 278 dies
1989 250 2028 280 N.

86 295 167 324 omni
188 305 228 323 ex
248 300 332 333 parte
353 291 463 333 nefasti
484 299 566 329 sunt,
590 300 620 320 ut
645 291 721 329 dies,
745 291 825 331 apud
847 302 928 331 quem
953 301 1099 329 nunquam
1124 289 1191 320 licet
1204 291 1277 334 fari
1300 292 1362 329 Do,
1386 293 1481 329 Dico,
1503 290 1637 321 Aclclico.
1679 290 1743 321 ΝΕ.
1766 290 1798 321 Ρ.
1821 290 1929 333 nefasti
1946 300 2030 331 parte

83 338 183 377 priore
205 343 287 372 sunt,
318 335 423 375 quibus
443 342 543 374 postea
566 342 592 363 et
612 336 685 363 servi
707 334 824 363 liberati
845 340 911 362 sunt
934 343 1030 371 saepe,
1060 340 1085 360 et
1109 355 1235 363 .....
1259 342 1327 372 unt,
1351 343 1375 363 et
1399 337 1429 363 in
1448 335 1617 374 provincias
1640 334 1715 370 itur,
1740 341 1766 362 et
1787 345 1875 362 sacra
1897 335 2032 363 instituta

81 380 175 418 fiunt,
206 387 232 407 et
255 377 339 406 aedes
361 378 489 414 sacrari,
521 384 547 405 et
569 384 638 405 vota
659 376 735 405 solui
755 383 883 416 possunt.
927 375 982 403 Hic
1006 375 1104 411 vides,
1134 376 1192 406 NE.
1218 378 1249 405 P.
1272 378 1436 414 significare
1459 377 1553 413 idem,
1584 376 1665 414 quod
1689 377 1763 412 NP.‚
1788 376 1846 404 hoc
1868 381 1925 412 est,
1949 377 2031 405 nefas

86 422 210 460 partim,
233 426 267 449 ut
290 421 348 449 NE.
374 421 429 448 PR.
451 420 480 447 in
504 420 685 448 Kalendario
711 421 857 447 Romano:
879 417 936 446 hoc
959 422 1003 445 est
1025 417 1106 446 nefas
1130 419 1229 456 priore
1254 425 1345 457 parte,
1390 421 1436 448 Sin
1460 420 1491 448 F.
1514 419 1543 448 P.
1569 419 1611 447 fas
1634 419 1735 458 priore
1759 424 1809 448 aut
1831 419 1958 458 parti1n3
1980 420 2032 448 alii

86 465 191 492 dicunt
213 464 272 493 NE.
295 463 351 492 PR.
377 463 458 490 nefas
483 462 631 500 praetori,
666 462 746 500 quod
777 472 836 490 non
862 461 902 489 ita
928 460 1033 498 placet.
1078 460 1150 489 Nam
1177 462 1231 490 NE.
1256 463 1311 491 PR.
1336 468 1364 491 et
1387 463 1445 491 NE.
1471 463 1499 490 P.
1523 466 1551 489 et
1575 461 1631 490 NP.
1656 461 1733 489 idem
1759 466 1817 497 est,
1856 471 1950 499 neque
1972 462 2033 490 ulla

87 507 252 535 differentia
277 510 329 534 est.
367 506 422 533 NP.
446 510 474 533 et
494 505 552 533 EN.
575 505 684 544 partim
707 505 829 541 nefasti,
860 503 968 542 partim
991 502 1058 530 fasti
1082 508 1158 532 sunt.
1203 504 1282 533 Haec
1311 509 1406 533 tamon
1433 504 1614 541 differentia,
1650 504 1730 542 quod
1754 504 1812 534 NP.
1836 504 1925 532 semel
1949 504 2034 532 nesa—

87 554 163 586 stus,
203 553 231 578 et
252 548 342 576 semel
372 548 464 576 fastus
493 552 545 576 est.
590 548 648 575 EN.
673 558 757 576 mane
788 552 816 576 et
843 546 962 585 vesperi
988 545 1133 581 nefastus,
1167 547 1262 575 medio
1286 552 1418 585 tempore
1442 548 1547 582 fastus3
1585 546 1633 574 vel
1655 551 1689 574 ut
1713 546 1893 574 Varroniane
1916 546 2033 585 loquar,

84 593 162 628 NR,
191 592 221 619 in
247 601 305 629 quo
330 591 476 619 nefastum
499 590 578 618 cedit
601 591 698 619 locum
723 591 816 626 sasto,
850 590 923 625 EN„
954 589 985 616 in
1008 598 1068 626 quo
1092 589 1237 617 nefastum
1261 590 1384 619 insititio
1409 591 1484 618 fusto
1508 589 1683 618 diffinditur.
1714 586 1815 618 Scal.
1859 589 1937 617 Festi
1967 599 2035 617 sen-

86 634 223 671 tentiam,
259 633 365 671 partim
389 633 475 661 etiam
499 633 562 661 eius
586 633 677 662 verba
702 633 851 661 divinarat
874 632 943 660 olim
966 631 1171 668 sagacissimus
1194 633 1334 669 Scaliger.
1380 633 1619 670 Addideratque:
1657 631 1740 660 vides
1763 631 1846 661 NEP.
1870 631 2034 668 significare

86 677 164 705 idem
190 676 270 715 quod
296 676 352 705 NP.
378 675 436 703 hoc
460 681 503 703 cst
527 675 612 717 nefas
632 677 740 714 partim
766 681 797 703 ut
820 675 879 703 NE.
898 675 954 702 PR.
978 675 1008 701 in
1031 674 1210 702 Kalen‹{ari0
1228 676 1377 711 Romano,
1403 675 1460 703 hoc
1483 680 1527 703 est
1550 673 1632 715 nefas
1651 675 1749 713 priore
1767 680 1868 712 parte,
1892 675 1940 701 cui
1964 684 2035 702 con-

86 719 198 748 trarius
222 723 285 747 erat
308 719 361 746 FP.
380 717 435 759 fas
455 719 554 757 priore
576 723 626 746 aut
647 719 764 757 partim.
810 717 866 746 Alii
890 717 992 745 dicunt
1014 716 1074 744 NE.
1099 718 1154 745 PR.
1178 717 1262 757 nefas
1286 717 1432 755 Praetori,
1470 716 1552 755 quod
1581 727 1639 744 non
1663 716 1702 744 ita
1725 716 1835 754 placet.
1879 716 1951 744 Nam
1974 716 2034 745 NE.

86 762 146 791 PR.
171 767 200 790 et
224 761 306 790 NEP.
330 765 359 788 et
383 761 439 790 NP.
463 761 540 788 idem
566 766 623 797 est,
649 771 742 798 neque
766 761 825 788 ulla
849 759 1012 788 differentia
1037 765 1089 787 est.
1123 760 1181 788 NP.
1205 761 1256 798 qui
1278 761 1383 788 nefasti
1408 760 1508 799 priore
1531 764 1629 797 parte,
1655 764 1757 797 postea
1779 758 1846 786 fasti
1870 763 1953 795 sunt3
1976 758 2035 788 EN.

85 814 176 840 vero,
206 803 265 832 hoc
288 807 329 831 est
352 801 527 831 endon-misi
547 804 692 838 intercisi,
726 803 777 841 qui
799 813 884 831 mane
908 807 936 831 et
958 802 1073 840 vesperi
1096 802 1215 838 nefasti,
1250 803 1345 831 medio
1368 808 1500 841 tempore
1523 801 1591 829 fasti
1614 806 1697 836 sunt,
1730 801 1775 829 vel
1799 805 1832 829 ut
1855 801 2036 829 Varroniane

86 847 194 885 loquar
216 847 274 877 NP.
297 846 327 874 in
351 855 410 883 quo
436 846 581 874 nefastum
606 846 685 874 cedit
709 845 808 874 locum
832 846 923 882 sasto;
946 845 1004 873 EN.
1027 845 1055 872 in
1080 855 1139 883 quo
1164 846 1307 873 nefastum
1330 846 1453 873 insititio
1478 846 1553 872 sasto
1576 843 1755 880 disfinditur,
1778 842 1835 871 hoc
1858 848 1901 871 est
1923 843 1954 871 iu
1977 853 2036 881 quo

85 891 233 918 nefastum
251 889 281 917 in
299 888 372 917 duas
388 892 497 927 partes»,
520 889 696 927 interpositu
712 888 798 923 fasto,
822 888 975 917 scinditur.
996 886 1082 917 Dac.
1112 887 1185 915 Vide
1201 898 1289 925 supra
1306 887 1395 916 Fasti.
1418 887 1462 916 Ne
1482 887 1546 915 asti.
1571 886 1695 914 Glossis:
1720 883 1905 925 ἀποφράδες.
1930 883 2035 914 Goth.

249 929 362 970 Nepa.
409 931 528 959 Plautus
552 931 582 959 in
607 932 724 959 Casina:
759 929 908 959 Recessim
932 929 1033 959 cedam
1058 928 1099 958 acl
1118 930 1274 969 parietem,
1297 929 1437 959 imitabor·
1459 940 1571 968 nepam.
1593 928 1680 957 Ant.
1702 928 1796 966 Aug.
1838 929 1925 957 Recte
1949 927 2036 956 dubi-

85 979 130 1002 tat
152 974 256 1002 Festus
279 983 396 1012 nepane
419 984 526 1002 cancer
549 974 587 1002 sit
610 984 645 1001 an
669 976 821 1011 scorpius,
856 983 922 1001 nam
954 978 1091 1010 utroque·
1111 972 1200 1000 modo
1231 979 1345 1002 veteres
1374 976 1575 1010 usurparunt3
1612 981 1665 1009 pro
1694 980 1801 998 cancro
1826 981 1916 1009 supra
1940 970 2036 999 Plaut.

83 1027 142 1055 pro
165 1016 284 1054 scorpio
308 1016 410 1044 Cicero
435 1021 463 1044 et
485 1016 529 1044 Al.
554 1016 597 1044 sic
620 1017 707 1054 gloss.
730 1015 831 1056 Nepa,
861 1012 1012 1055 σκορηιός.
1036 1014 1120 1044 Βαο.
1160 1015 1241 1043 [dem
1264 1016 1379 1044 Nonius
1402 1016 1432 1043 in
1455 1014 1568 1053 Nepam
1592 1012 1634 1052 (p.
1652 1013 1740 1050 145).
1775 1011 1925 1052 Scorpius.
1956 1012 2037 1041 Idem

85 1059 201 1088 Nonius
224 1059 255 1094 (l.
275 1060 321 1095 e.).
361 1059 474 1087 Glossis
497 1058 581 1098 Nepa
605 1057 767 1098 σκορπιός,
790 1058 848 1086 alio
872 1059 941 1087 loco
966 1056 1065 1097 γήινος
1087 1055 1240 1094 σκορπιός.
1272 1057 1405 1087 Plautus.
1438 1058 1471 1085 In
1496 1057 1599 1085 Casina
1624 1054 1680 1093 (ll,
1705 1057 1740 1091 8,
1763 1053 1817 1095 7.).
1869 1053 1973 1085 Goth.

248 1099 382 1140 Nepus.
427 1102 518 1139 Lego:
546 1100 688 1140 Nepurus.
713 1099 812 1130 Scal.
846 1102 985 1140 Nepurus
1008 1111 1064 1139 pro
1088 1111 1148 1128 non
1170 1111 1279 1139 purus,
1302 1106 1334 1129 ut
1355 1099 1495 1142 anunera
1520 1099 1600 1138 apud
1624 1098 1730 1128 Catull.
1754 1108 1809 1136 pro
1832 1108 1890 1126 non
1910 1096 2038 1138 funera,-

87 1145 182 1172 neiure
205 1143 325 1171 Sallust.
350 1154 405 1182 pro
429 1155 486 1172 non
509 1143 588 1182 iure‚·
619 1151 737 1172 neceunt
760 1154 815 1181 pro
839 1155 897 1172 non
918 1151 993 1172 eunt.
1038 1143 1127 1172 Dae.

249 1185 348 1213 Nesi.
372 1186 429 1222 (Ad
448 1197 476 1225 p.
493 1188 574 1223 178.)
598 1185 668 1214 Nesi
687 1197 742 1225 pro
765 1187 825 1214 sine
845 1187 972 1225 positum
996 1193 1036 1215 est
1059 1187 1089 1214 in
1112 1185 1172 1225 lege
1194 1184 1275 1214 aedis
1291 1185 1407 1213 Dianae
1421 1183 1635 1213 Auentinensis.
1671 1183 1711 1212 De
1728 1181 1840 1219 legibus
1858 1182 1974 1211 aedium
1993 1192 2039 1210 sa-

87 1238 204 1258 crarum
228 1228 298 1257 vide
322 1229 392 1266 quid
416 1233 554 1257 notamus
577 1228 615 1256 ad
639 1238 740 1256 vocem
758 1228 874 1267 Opima.
899 1228 1000 1259 Scal,
1033 1229 1089 1256 Per
1112 1229 1203 1267 legem
1227 1228 1367 1265 intelligit
1392 1227 1506 1266 postico
1530 1226 1609 1254 aedis
1628 1225 1735 1253 Dianae
1755 1235 1828 1263 quae
1844 1224 1872 1252 in
1888 1224 2038 1253 Aventino

87 1276 164 1308 erat,
187 1270 223 1299 de
240 1281 321 1298 more
337 1271 482 1309 positarn5
509 1281 583 1308 quae
607 1271 781 1299 continebat
802 1271 880 1299 inter
903 1271 975 1307 alia,
1000 1276 1098 1299 utrum
1122 1271 1202 1300 aedis
1220 1271 1268 1299 illa
1286 1275 1362 1298 esset
1378 1270 1522 1308 templum
1541 1279 1649 1297 necne:
1674 1279 1741 1296 nam
1758 1278 1816 1295 non
1834 1277 1933 1296 omnes
1952 1266 2039 1295 aedes

86 1318 170 1342 erant
197 1313 319 1350 templa.
365 1313 438 1341 Vide
467 1318 569 1341 notata
598 1313 628 1341 in
658 1323 733 1341 voce
761 1314 868 1351 opima.
914 1314 998 1348 Legis
1024 1314 1131 1342 Dianae
1155 1313 1362 1342 Aventinensis
1389 1312 1499 1341 mentio
1528 1316 1609 1340 extat
1631 1311 1660 1339 in
1685 1315 1755 1339 vett.
1778 1309 2038 1347 inscriptionibus:

88 1354 306 1386 CETERUM.
339 1354 483 1384 LEGES.
522 1353 642 1385 HUIC.
675 1354 814 1385 ARAE.
850 1354 1043 1387 EAEDEM.
1083 1355 1240 1386 SUNTO.
1282 1354 1410 1395 QUAE.
1442 1353 1577 1384 ARAE.
1608 1351 1790 1383 DIANAE.
1823 1351 1948 1382 SUNT.
1981 1349 2038 1380 IN.

85 1395 329 1428 AVENTINO.
352 1396 518 1427 MONTE.
542 1396 715 1427 DICTAE.
761 1397 851 1427 Dac.

248 1438 403 1468 Nautea.
448 1441 564 1469 Citatur
587 1440 707 1469 Plautus
727 1440 756 1468 in
781 1441 954 1478 Artemone,
978 1451 1054 1479 quae
1077 1441 1229 1471 comoedia
1253 1452 1312 1470 non
1337 1445 1429 1471 extat.
1459 1439 1555 1468 Credo
1579 1439 1666 1468 etiam
1690 1450 1726 1468 ex
1743 1437 1934 1467 Curcullione
1956 1435 2040 1464 illum

84 1482 183 1511 afferri
213 1491 332 1510 versum
362 1483 403 1519 (Ι,
426 1485 461 1518 2,
483 1485 538 1519 5.):
574 1482 654 1512 Nam
679 1484 809 1512 omnium
832 1481 906 1512 odor
928 1492 1102 1522 unguentum
1123 1495 1196 1524 prae
1219 1492 1269 1513 tuo
1292 1491 1397 1512 nautea
1420 1491 1482 1522 est‚·
1516 1487 1544 1511 et
1567 1493 1604 1511 ex
1628 1482 1730 1510 Casina
1755 1481 1848 1518 (Grex
1871 1480 1970 1515 v.7.):
2000 1478 2041 1506 Ei

81 1537 136 1565 pro
158 1531 256 1553 scorto
285 1533 461 1564 supponetur
489 1524 589 1554 hircus
618 1532 722 1554 unctus
752 1532 868 1554 nautea.
898 1525 957 1554 An
968 1533 988 1554 t.
1011 1526 1106 1565 Aug.
1150 1525 1266 1555 Nautea
1291 1526 1415 1565 proprie
1438 1535 1513 1564 aqua
1538 1535 1552 1554 e
1575 1525 1699 1553 sentina.
1743 1524 1794 1553 Est
1817 1528 1844 1551 et
1866 1521 1957 1550 herba
1981 1530 2040 1559 qua

83 1567 203 1596 coriarii
226 1571 352 1595 utuntur
374 1567 412 1595 ad
436 1567 585 1606 depsenda
609 1572 638 1596 et
660 1567 820 1605 depilanda
844 1567 940 1604 coria;
971 1578 988 1595 a
1010 1569 1122 1596 Graeco
1145 1568 1262 1598 ναυτέα.
1307 1568 1404 1596 Closs».
1428 1567 1562 1604 Nautea,
1594 1563 1672 1607 ὀσμὴ
1696 1565 1824 1607 βύρσης,
1855 1564 1932 1593 odor
1954 1563 2039 1592 corii.

84 1611 157 1638 Cum
181 1609 223 1638 ait
244 1609 383 1637 Plautum
407 1615 542 1637 nauteam
566 1609 644 1637 inter
667 1609 859 1637 medicamina
880 1609 1034 1646 retulisse,
1072 1620 1178 1639 vereor
1207 1620 1243 1638 ne
1266 1610 1377 1638 frustra
1401 1610 1456 1645 sit,
1492 1620 1560 1638 nam
1584 1620 1621 1638 ex
1645 1610 1742 1638 allatis
1766 1608 1847 1637 Pauli
1870 1606 1943 1635 locis
1963 1605 2039 1634 nihil

83 1652 166 1681 aliud
189 1651 310 1689 colliges
333 1652 389 1679 nisi
412 1657 547 1680 nauteam
571 1661 632 1679 esse
655 1651 778 1680 odorem
801 1652 985 1680 teterrimum
1007 1653 1068 1680 sive
1091 1663 1128 1681 ex
1152 1662 1228 1690 aqua
1253 1653 1399 1688 sentinae,
1428 1652 1490 1680 sive
1514 1662 1551 1680 ex
1575 1652 1666 1680 corio.
1688 1652 1776 1680 Dae.
1813 1650 1941 1679 Nauna.
1978 1648 2038 1677 No-

85 1695 134 1723 nio
157 1695 237 1733 (pag.
251 1695 280 1724 8.
305 1693 410 1732 Mero.)
431 1705 510 1733 aqua
534 1692 569 1722 de
591 1694 688 1723 coriis.
721 1693 752 1722 A
775 1701 888 1724 nautea.
919 1694 944 1722 A
967 1705 1083 1723 nausea.
1122 1695 1152 1724 T.
1176 1696 1206 1723 in
1228 1706 1250 1724 s.
1281 1696 1312 1724 T.
1337 1702 1363 1723 et
1385 1706 1406 1724 s.
1454 1692 1558 1722 Goth.

248 1734 374 1765 Natio.
419 1736 538 1764 Praeter
561 1747 609 1772 ea,
634 1746 710 1774 quae
733 1737 842 1765 Paulus
864 1737 981 1772 scribit,
1006 1748 1043 1765 ex
1067 1737 1164 1766 verbis
1187 1737 1264 1766 Festi
1288 1742 1402 1765 tantum
1426 1736 1543 1764 elicitur
1566 1736 1700 1764 Cincium
1722 1744 1785 1764 esse
1806 1734 1895 1762 huius
1919 1737 2037 1762 senten-

83 1779 142 1807 tiae
164 1782 322 1806 auctorem.
344 1778 434 1807 Ant.
457 1778 551 1818 Aug.
595 1778 753 1808 Notionem
783 1786 808 1807 et
839 1787 938 1807 natum
966 1779 1083 1809 Cincius
1110 1791 1201 1819 genus
1229 1779 1394 1816 hominum,
1430 1779 1481 1819 qui
1510 1789 1566 1807 non
1597 1777 1717 1807 aliunde
1738 1784 1889 1813 venerunt,
1923 1774 1973 1804 sed
1995 1774 2037 1804 ibi

85 1821 150 1850 nati
172 1827 255 1856 sunt,
278 1818 339 1849 dici
361 1828 464 1850 auctor
486 1828 535 1849 est.
581 1819 639 1850 Sed
661 1828 687 1849 et
710 1822 854 1850 nationem
878 1823 920 1850 ait
943 1833 1001 1850 non
1025 1829 1138 1850 tantum
1162 1823 1316 1851 universim
1341 1820 1376 1850 de
1397 1820 1547 1857 omnibus,
1576 1819 1627 1850 secl
1649 1827 1675 1849 et
1698 1819 1733 1848 de
1755 1817 1953 1859 singularibus
1975 1816 2036 1846 1ιο-

82 1862 210 1892 minibus
231 1863 382 1892 seiunctim
407 1862 475 1892 dici.
512 1863 592 1891 Haec
615 1864 728 1892 Festus.
763 1864 948 1902 Sequebatur
969 1864 1076 1893 deinde
1098 1865 1299 1893 testimonium
1322 1864 1430 1893 veteris
1453 1864 1623 1902 scriptoris,
1649 1863 1728 1901 quod
1752 1862 1869 1900 assequi
1892 1870 1951 1889 non
1975 1870 2035 1898 po-

82 1906 202 1935 tuimus.
247 1905 317 1934 Post
339 1905 463 1934 Sabinus
486 1906 636 1944 sequitur:
663 1905 751 1935 Bona
773 1907 855 1935 natio
877 1908 907 1935 in
928 1906 1082 1947 pecoribus
1103 1919 1216 1948 quoque
1239 1907 1331 1936 bonus
1349 1913 1505 1946 proventus
1528 1904 1645 1936 dicitur.
1690 1905 1753 1934 Hoc
1774 1905 1864 1943 igitur
1887 1903 1953 1931 vult
1975 1902 2033 1930 Fe-

82 1953 161 1983 stus,
194 1947 341 1976 nationem
364 1953 392 1976 et
414 1952 516 1977 natum
538 1948 575 1977 de
597 1948 767 1977 hominibus
792 1948 868 1986 dici3
902 1950 1051 1978 nationem
1081 1950 1202 1988 quidem
1225 1949 1261 1979 de
1284 1949 1446 1986 universis,
1481 1953 1513 1976 ut
1537 1949 1616 1977 natio
1638 1949 1835 1983 Graecorum3
1871 1950 1972 1974 natum
1996 1944 2033 1973 do

82 1991 221 2027 singulis,
259 1994 292 2018 ut
321 1990 409 2019 homo
433 1992 562 2019 maximo
585 1997 666 2020 natu.
710 1991 767 2019 Sed
791 1996 819 2019 et
842 1992 993 2021 nationem
1017 1992 1054 2020 de
1077 1993 1214 2029 singulis,
1250 1992 1286 2020 ad
1310 1992 1394 2020 cuius
1417 1991 1459 2020 rei
1482 1990 1568 2020 fidem
1593 1990 1763 2019 adducebat
1783 1988 1951 2026 exemplum
1974 1997 2030 2015 au-

82 2033 175 2061 ctoris
195 2032 311 2061 veteris.
350 2034 501 2062 Praeterea
524 2044 618 2072 neque
641 2033 789 2062 nationem
813 2038 928 2063 tantum
952 2035 988 2063 de
1011 2033 1199 2071 hominibus,
1222 2034 1273 2063 sed
1297 2040 1325 2063 et
1347 2034 1383 2063 de
1407 2033 1566 2072 pecoribus
1589 2033 1650 2062 ‹tici
1673 2033 1753 2071 quod
1777 2041 1836 2060 non
1858 2032 1919 2059 sine
1939 2030 2030 2058 Grae-

82 2086 184 2105 corum
207 2075 371 2104 imitatione
395 2076 508 2104 dietum
529 2081 590 2112 est,
615 2081 646 2104 ut
669 2075 813 2105 Homerus
827 2077 934 2115 Odyss.
952 2076 983 2114 ξ’.
1007 2076 1048 2115 (v.
1061 2078 1142 2116 73.):
1166 2079 1213 2115 Βῆ
1236 2074 1266 2107 δ’
1290 2078 1354 2115 ἴμεν
1377 2077 1418 2112 εἰς
1441 2073 1576 2114 συφεοῦς
1598 2074 1649 2107 ὅθι
1670 2076 1759 2106 ἔθνεα
1782 2074 1884 2112 ἔρχατο
1908 2073 2029 2111 χοίρων.

81 2119 141 2147 Nos
164 2125 205 2146 set
228 2117 400 2156 scripsimus
423 2116 589 2157 ἀρχαϊκῶς,
612 2120 680 2156 quia
703 2119 743 2147 ita
768 2123 812 2147 est
834 2119 864 2147 in
888 2120 945 2148 illis
969 2120 1118 2157 reliquiis,
1148 2127 1205 2148 sete
1227 2130 1283 2158 pro
1306 2127 1348 2148 set
1370 2126 1404 2148 et.
1429 2117 1525 2148 Scal.
1562 2118 1727 2147 Notionem.
1762 2117 1811 2145 Ait
1831 2116 1952 2144 Cincius
1977 2126 2029 2143 na-

81 2162 188 2190 tionem
211 2165 239 2189 et
263 2169 362 2189 natum
386 2161 447 2189 dici
469 2161 505 2190 de
528 2160 697 2189 hominibus
721 2161 866 2190 universis
891 2168 923 2190 ut
947 2163 1028 2190 natio
1053 2161 1247 2199 Graecorum,
1286 2167 1314 2191 et
1336 2161 1373 2190 de
1397 2161 1597 2199 singularibus
1620 2161 1707 2189 etiam
1730 2164 1764 2188 ut
1786 2160 1866 2198 apud
1891 2159 2026 2186 Ciceron.

81 2204 162 2231 natio
194 2201 431 2240 conductorum,
468 2204 548 2232 natio
578 2204 761 2243 optimatum.
806 2205 959 2233 Praeterea
990 2215 1049 2232 non
1079 2210 1194 2233 tantum
1219 2205 1255 2233 de
1278 2204 1463 2241 hominibus,
1499 2204 1548 2232 sed
1572 2203 1660 2232 etiam
1684 2202 1719 2230 de
1740 2201 1912 2241 pecoribus.-
1946 2200 2026 2227 nmio

80 2256 232 2285 equorum,
268 2246 349 2275 natio
378 2258 470 2274 suum.
514 2246 578 2274 Non
608 2246 671 2274 sine
695 2246 878 2276 Graecorum
909 2247 1073 2276 imitatione
1097 2249 1146 2286 qui
1169 2248 1260 2278 ἔθνεα
1283 2248 1371 2276 etiam
1394 2247 1431 2275 de
1453 2246 1612 2285 pecoribus
1634 2245 1757 2281 dicunt;
1794 2244 1912 2272 Homer.
1936 2243 2025 2272 ἔθνεα

79 2288 199 2328 χοίρων.
234 2287 370 2317 Glossae:
394 2289 521 2325 novitio,
544 2287 645 2329 γενεάς
668 2289 722 2326 leg.
746 2289 838 2318 natio.
864 2289 951 2319 Dae.
988 2290 1071 2319 Adde
1095 2291 1176 2321 1.31.
1202 2290 1332 2329 §.21.ff.
1356 2290 1392 2318 de
1414 2289 1562 2318 Aedilitio.
1596 2286 1658 2317 Cin.
1689 2287 1823 2316 Cmcium
1845 2286 1932 2314 huius
1954 2293 2022 2311 sen-

78 2331 189 2359 tentiae
211 2335 343 2359 autorem
368 2341 430 2359 esse
454 2331 504 2362 ait.
553 2330 659 2360 Goth.

245 2373 470 2402 Nautiorum
485 2372 660 2413 familia.
705 2373 730 2401 A
752 2374 848 2403 Naute
871 2373 1001 2402 Troiano
1026 2375 1076 2413 qui
1096 2374 1222 2403 Aeneam
1246 2380 1366 2403 secutus
1388 2378 1442 2404 est.
1474 2373 1589 2412 virgit:
1613 2372 1660 2402 At
1681 2372 1777 2401 senior
1791 2370 1908 2399 Nautes.
1933 2365 2019 2394 Dac-

80 2414 174 2444 Multo
195 2415 283 2455 plura
307 2416 411 2445 Festus
439 2416 616 2455 scripserat,
653 2426 741 2455 quam
766 2417 875 2446 Paulus
902 2417 1019 2446 referat.
1064 2417 1151 2446 Initio
1174 2417 1211 2446 de
1232 2418 1364 2446 Palladio
1386 2428 1402 2446 a
1424 2417 1519 2446 Naute
1542 2417 1658 2445 Aeneae
1679 2415 1761 2443 socio
1783 2413 1974 2445 conservato,
2001 2418 2018 2436 a
