2263 2668
435 152 500 186 DE
526 153 802 189 VERBORUM
828 153 1216 189 SIGNIFICATIONE
1244 154 1558 193 FRAGMENTA.
1817 158 1890 192 193

102 248 213 280 tinae
239 247 344 280 tribus
371 246 464 280 initio
493 258 591 281 causa
618 249 680 283 fuit
705 261 828 283 nomen
855 249 995 283 fluminis
1023 248 1171 290 Oufens,
1211 250 1304 292 quod
1333 258 1380 284 est
1406 253 1438 285 in
1465 264 1549 299 agro
1577 253 1770 286 Privernate
1796 264 1889 286 mare

102 299 210 332 intra*
235 303 266 332 et
293 299 504 332 Tan-acinam.
556 300 730 334 Lucretius
743 306 787 335 “2
1914 310 1953 335 Ὗ.
1972 311 2039 337 inter

205 360 411 392 Priverno
440 359 671 394 Oufentina
698 363 831 404 venit,
876 361 1102 404 fluvioque
1129 361 1328 396 Oufente.
1897 352 2062 406 ᾹὨΣῖἉῗξῑ-

103 425 220 464 postea
254 419 376 453 deinde
404 432 422 452 a
449 419 650 453 Censoribus
685 421 741 454 alii
776 433 911 465 quoque
943 421 1146 454 diversarum
1183 423 1354 455 civitatum
1382 422 1489 455 eidem
1518 423 1618 455 tribui
1645 429 1718 455 sunt
1745 424 1886 468 ascripti.
1948 414 2004 440 ¹¹⁰⁵·

104 471 315 505 oscillum
352 472 470 504 Santra
495 471 562 504 dici
588 472 649 511 ait,
692 474 785 516 quod
813 474 983 514 oscillent,
1026 473 1061 505 id
1091 479 1138 506 est
1165 474 1341 513 inclinent,
1377 475 1643 518 praecipitesque
1671 474 1931 508 affe1·antur*.'f-
1949 475 2062 500 efferan-

104 523 158 557 Os
170 523 393 561 cillantes,
441 524 486 556 ait
510 522 725 565 Cornificius,
770 526 813 558 ab
841 537 881 558 eo
909 524 1000 568 quod
1029 537 1065 557 os
1092 526 1223 558 caelare
1251 526 1311 558 sint
1338 526 1423 557 soliti
1451 527 1598 569 personis
1625 531 1766 570 propter
1793 538 1889 560 vere·
1933 512 2028 569 ‘izlil‘ei

104 575 281 615 cundiam,
325 575 383 618 qui
417 586 457 607 eo
484 586 609 619 genere
637 576 725 609 lusus
752 578 935 611 utebantur.
994 576 1102 609 Causa
1130 582 1241 610 autem
1269 578 1337 610 eius
1364 578 1546 610 iactationis
1573 578 1728 621 proditur
1750 578 1886 611 Latinus

103 637 180 665 rex,
209 627 265 669 qui
292 627 420 670 praelio
447 626 539 669 quod
567 627 636 659 eis*
661 628 722 661 fuit
749 629 904 662 adversus
928 628 1132 662 Mezentium
1157 628 1326 662 Caeritum
1354 640 1471 673 regem
1498 641 1657 673 nusquam
1682 629 2063 674 apparuerit‚‘‹11·persex

103 678 335 720 iudicatusque
362 679 402 710 sit
427 678 580 722 luppiter
611 679 718 713 factus
742 681 894 714 Latiaris.
956 681 1072 724 ltaque
1098 681 1157 714 scit
1183 681 1250 714 eius
1262 684 1290 698 **
1313 680 1382 713 dies
1411 681 1546 713 feriatos
1574 682 1712 723 liberos,
1757 693 1887 714 servos·
1898 698 1947 723 υς,
1958 671 2064 723 {filim

103 741 170 772 que
197 730 366 773 requirere
394 741 469 763 eum
496 741 562 762 non
590 731 698 764 solum
726 732 758 764 in
785 733 895 772 terris,
937 732 994 765 sed
1024 733 1121 765 etiam
1149 744 1215 775 qua
1242 732 1409 765 videretur
1436 733 1565 766 caelum
1593 744 1690 776 posse
1717 732 1799 766 adiri
1826 744 1889 778 per
1960 740 2004 758 ‘³⁰⁵

105 782 367 821 oscillationem,
405 783 496 814 velut
521 782 702 827 imaginem
727 784 895 827 quandam
922 784 1007 817 vitae
1034 784 1218 825 humanae,
1254 785 1287 816 in
1314 796 1380 827 qua
1407 784 1562 817 altissima
1590 784 1632 816 ad
1660 785 1810 818 infimum
1838 786 1889 817 in-

104 833 252 874 terdum,
294 834 409 866 infima
436 834 480 866 ad
507 845 674 868 summum
702 836 894 869 efferuntur.
950 837 1062 879 Atque
1088 836 1167 869 ideo
1194 837 1390 869 memoriam
1418 847 1553 879 quoque
1579 836 1800 881 redintegrari
1826 836 1889 869 ini-

105 885 151 917 tio
168 890 329 929 acceptae
344 885 429 918 vitae
456 897 519 931 per
533 890 643 920 motus
670 899 841 929 cunarum,
860 888 1021 931 lactisque
1049 888 1263 929 alimentum,
1291 888 1369 931 quia
1396 899 1458 932 per
1485 899 1541 920 eos
1568 887 1637 921 dies
1664 888 1832 929 feriarum,
1858 893 1891 921 et

106 937 228 970 oscillis
243 943 448 979 moveantur,
477 942 509 970 et
535 938 657 971 lactata
684 941 822 982 potione
839 936 860 988 Η
874 945 1015 972 utantur.
1043 941 1115 974 Nec
1132 940 1250 973 desunt
1267 940 1324 983 qui
1338 940 1530 984 exemplum
1546 937 1758 974 Graecorum
1780 939 1887 986 [178]

105 994 235 1022 secutos
262 994 378 1033 putent
405 989 525 1030 Italos,
553 991 645 1033 quod
670 991 719 1023 illi
746 1003 900 1035 quoque,
927 991 1042 1025 iniuria
1068 992 1243 1026 interfecto
1271 992 1386 1034 Icaro,
1412 992 1562 1036 Erigone
1589 991 1656 1023 lilia
1679 992 1746 1024 eius
1770 991 1890 1024 dolore

104 1040 235 1084 inpulsa
262 1041 441 1085 suspendio
469 1041 637 1086 periisset,
682 1054 744 1086 per
769 1043 1011 1077 simulationem
1065 1070 1072 1077 .
1127 1070 1133 1076 .
1187 1071 1193 1077 .
1249 1071 1256 1078 .
1312 1071 1319 1078 .
1374 1070 1380 1076 .
1435 1043 1661 1077 Ostentum
1689 1055 1754 1075 non
1782 1043 1888 1076 solum

104 1103 168 1136 pro
203 1098 359 1136 portento
394 1094 475 1137 poni
509 1094 634 1134 solere,
679 1095 737 1128 sed
774 1096 872 1128 etiam
900 1096 1154 1141 participialiter
1207 1122 1213 1128 .
1269 1122 1276 1130 .
1331 1121 1338 1127 .
1394 1121 1400 1127 .
1457 1121 1463 1127 .
1519 1122 1525 1127 .
1581 1120 1588 1127 .
1643 1121 1649 1126 .
1703 1095 1890 1128 testimonio

106 1149 154 1176 est
171 1144 335 1178 Pacuvius
358 1145 390 1177 in
410 1144 536 1177 Medo:

206 1205 344 1248 Atque
373 1216 515 1238 eccum
542 1205 580 1238 in
608 1206 700 1251 ipso
727 1212 921 1252 tempore
949 1213 1157 1241 ostentum
1185 1219 1334 1241 senem.

106 1269 138 1297 et
158 1265 280 1299 Accius
305 1266 338 1298 in
366 1265 529 1299 Bacchis:

206 1326 410 1358 Praesens
443 1330 616 1371 praesto
644 1326 838 1360 irridetis
864 1329 987 1362 nobis
1014 1328 1158 1374 stipeS
1204 1356 1210 1362 .
1266 1355 1272 1361 .
1328 1355 1333 1361 .
1391 1355 1396 1361 .
1442 1327 1555 1360 ultro
1584 1330 1794 1359 ostentum
1823 1324 1893 1357 ob-

312 1378 420 1410 tulit.

106 1435 308 1470 Oscinum
335 1438 570 1483 tripudium
600 1444 664 1480 est,
711 1439 803 1482 quod
832 1440 897 1473 oris
924 1446 1020 1475 cantu
1049 1441 1214 1486 significat
1241 1439 1321 1484 quid
1351 1438 1525 1484 portendi;
1569 1448 1645 1471 cum
1673 1436 1792 1470 cecinit
1818 1446 1894 1469 cor-

105 1499 182 1530 VUS,
210 1489 340 1531 cornix,
369 1496 508 1532 noctua,
544 1503 661 1535 parra,
695 1492 800 1536 picus.
856 1492 1055 1526 Obstinet
1083 1493 1239 1527 dicebant
1266 1492 1408 1536 antiqui,
1438 1490 1529 1535 quod
1557 1499 1644 1522 nunc
1673 1486 1832 1525 ostendit;
1863 1492 1897 1519 ut

104 1539 138 1572 in
164 1541 332 1574 veteribus
361 1544 576 1575 carminibus:

209 1600 292 1633 Sed
320 1602 399 1635 iam
426 1615 466 1636 se
493 1603 616 1636 caelo
644 1603 796 1636 cedens
811 1607 824 1621 *
846 1615 946 1637 auro
957 1616 998 1637 ra
1025 1604 1215 1637 obstinet
1242 1615 1356 1636 suum
1384 1606 1561 1647 patrem.
1905 1600 2069 1628 ‘⁰l·⁰³¹¹‘¹0¹¹⁵

108 1659 140 1693 O
150 1672 163 1692 s
172 1671 189 1693 c
197 1661 206 1692 i
215 1673 235 1693 n
245 1674 262 1694 e
271 1674 284 1694 s
312 1674 387 1695 aves
415 1664 482 1707 Ap·
504 1663 709 1696 Claudianus
722 1666 734 1681 *
758 1675 828 1697 esse
856 1665 917 1707 ait,
946 1677 1033 1708 quae
1061 1675 1119 1697 ore
1147 1669 1301 1697 canentes
1328 1663 1452 1697 faciant
1477 1660 1662 1704 auspicium
1670 1684 1678 1700 ,
1706 1664 1742 1691 ut
1766 1667 1892 1697 corvsssa
1902 1654 1911 1665 ⁸
1920 1652 2052 1712 “l'dsslsau'

108 1713 243 1753 cornix,
274 1719 405 1747 noctua.
435 1720 491 1747 aut
502 1718 526 1754 ²⁸,
560 1726 646 1758 quae
674 1715 733 1747 alis
760 1727 799 1749 ac
827 1717 958 1756 volatu3
991 1722 1027 1749 ut
1054 1716 1175 1757 buteo,
1209 1715 1392 1758 sanqualis,
1420 1713 1548 1756 aquila,
1576 1711 1791 1748 immissulus,
1818 1707 1941 1747 vul-q.
1967 1721 2052 1752 alites,

108 1763 223 1798 turius.
250 1764 361 1808 picam
389 1769 467 1798 aut*
489 1765 648 1807 Martius,
676 1766 926 1811 Feroniusque,
955 1773 988 1802 et
1013 1779 1130 1812 parra,
1158 1772 1190 1800 et
1216 1767 1249 1799 in
1277 1766 1458 1805 oscinibus,
1486 1769 1519 1797 et
1545 1764 1578 1795 in
1605 1762 1736 1795 alitibus
1762 1758 2070 1792 haben-'f.Picusau-

108 1821 171 1850 tur.
233 1814 396 1849 Ostiam
430 1818 546 1850 urbem
581 1818 623 1851 ad
659 1819 780 1852 exitum
806 1820 941 1853 Tiberis
973 1821 1006 1852 in
1035 1831 1125 1852 mare
1151 1819 1281 1852 fluentis
1307 1819 1420 1851 Ancus
1444 1815 1586 1848 Martius
1612 1823 1669 1845 rex
1696 1811 1895 1852 condidisse,
1961 1804 2011 1825 ‘⁶¹¹³

109 1872 141 1898 et
167 1866 326 1900 feminino
354 1868 541 1913 appellasse
567 1870 734 1903 vocabulo
769 1871 889 1912 fertur,
937 1871 1030 1915 quod
1063 1873 1130 1903 sive
1158 1871 1201 1902 ad
1230 1870 1366 1909 urbem,
1413 1868 1480 1900 sive
1508 1865 1550 1898 ad
1579 1863 1766 1905 coloniam,
1812 1874 1898 1907 quae

109 1924 226 1959 postea
259 1919 395 1953 condita
431 1927 498 1961 est,
545 1922 697 1954 refertur.
765 1923 870 1964 Quod
906 1930 1058 1956 neutrum
1093 1927 1183 1955 certe
1218 1922 1316 1966 plura
1376 1944 1383 1951 .
1437 1943 1445 1950 .
1501 1942 1508 1949 .
1562 1942 1569 1949 .
1624 1916 1703 1949 ferri
1734 1926 1801 1948 non
1835 1914 1897 1947 de-

111 1970 176 2004 bet.
237 1969 451 2004 Osculana
485 1984 627 2018 pugna
659 1973 692 2006 in
719 1976 918 2019 proverbio,
953 1987 1020 2017 quo
1048 1974 1296 2018 significabatur
1325 1970 1428 2003 victos
1451 1970 1599 2007 vincere,
1627 1967 1704 2011 quia
1724 1967 1756 1999 in
1778 1965 1898 1999 eadem

110 2026 143 2052 et
168 2020 316 2055 Valerius
342 2023 507 2056 Laevinus
538 2026 722 2069 imperator
745 2027 812 2061 Ro,
841 2038 860 2059 a
887 2025 1020 2068 Pyrrho
1049 2029 1119 2057 erat
1146 2024 1268 2063 vietus,
1311 2026 1343 2055 et
1369 2022 1463 2055 brevi
1491 2019 1634 2054 eundem
1661 2030 1778 2063 regem
1802 2017 1897 2050 devi-

110 2078 210 2104 cerat.
271 2072 439 2116 Sulpicius
491 2099 498 2105 .
554 2100 560 2106 .
615 2100 623 2108 .
678 2101 686 2110 .
742 2099 749 2107 .
803 2102 810 2108 .
865 2101 872 2108 .
927 2103 934 2110 .
987 2077 1086 2109 item
1122 2075 1360 2120 Imperator
1394 2077 1546 2107 noster.
1583 2071 1650 2105 eius
1676 2070 1722 2104 rei
1750 2069 1898 2103 meminit

109 2123 250 2156 Titinius
277 2123 345 2158 hoc
371 2124 495 2158 modo:

211 2184 329 2218 Haec
356 2184 527 2228 quidem
554 2185 675 2228 quasi
703 2185 922 2220 Osculana
947 2197 1091 2231 pugna
1118 2184 1190 2221 est.

111 2303 157 2329 Sc.
179 2318 221 2323 —
243 2301 271 2341 4)
292 2303 484 2332 Obsatullerzt
508 2303 581 2333 Ven.
605 2305 651 2333 Sc.
675 2320 715 2325 —
739 2302 768 2343 5)
780 2304 889 2342 gulam
911 2304 983 2333 Ven.
1029 2304 1087 2334 bat.
1119 2306 1197 2335 Urs.
1213 2321 1252 2326 -—
1278 2304 1307 2344 7)
1332 2301 1509 2341 Obstitum]
1527 2301 1562 2330 In
1581 2309 1672 2329 versu
1690 2297 1811 2346 Licinii,-
1834 2296 1895 2325 sive

111 2345 159 2372 Sc.
181 2360 222 2364 —
247 2345 275 2384 6)
300 2345 486 2385 Obsidium]
511 2346 543 2375 In
562 2347 700 2386 exemplo
721 2347 854 2376 Sallustii
878 2347 984 2386 legen—-
1029 2347 1149 2377 Caecilii
1169 2358 1225 2387 pro
1249 2348 1404 2384 cunicula,
1427 2345 1547 2377 videtur
1563 2341 1722 2381 legendum
1741 2339 1893 2389 tunicula.

112 2385 182 2415 dum
207 2390 316 2425 coepit,
346 2399 402 2428 pro
428 2391 522 2428 cepit,
553 2390 674 2419 Tacitus
695 2389 744 2418 lib.
762 2394 789 2422 4.
826 2390 982 2419 Obaidium
1027 2395 1062 2419 ut
1087 2391 1117 2420 in
1142 2390 1273 2429 margine
1301 2390 1481 2419 notavimus.
1532 2387 1610 2416 Urs.
1644 2401 1687 2407 -
1731 2386 1759 2421 8)
1786 2379 1894 2410 ‘'nde'‘

114 2429 212 2468 coepit
236 2439 292 2468 per
309 2431 474 2469 praesidia,
499 2442 574 2471 quae
595 2437 766 2472 opportuna
790 2433 848 2461 iam
864 2433 982 2462 munie-
1028 2443 1120 2472 marg.
1145 2434 1217 2463 Ven.
1240 2434 1287 2462 Se.
1311 2433 1398 2462 nobis
1421 2454 1427 2461 .
1452 2453 1459 2460 .
1484 2453 1490 2459 .
1515 2455 1520 2460 .
1548 2452 1555 2459 .
1588 2430 1665 2467 stipe
1690 2426 1760 2455 Ven.
1785 2426 1830 2452 Sc.

165 2490 329 2518 Caunum,
356 2501 420 2518 mr.
445 2489 477 2517 Π.
1585 2481 1616 2513 Β
1633 2481 1656 2512 b
