2263 2668
536 138 601 174 DE
627 136 1012 175 SIGNIFICATIONE
1044 136 1327 174 VERBORUM.
1387 140 1532 176 LIBER
1557 142 1633 177 VII.
1974 148 2048 184 441

269 229 548 261 Gravastellus.
591 232 687 264 Plaut.
711 233 743 262 in
765 232 851 272 Epid.
875 229 936 272 (V,
960 233 994 268 1,
1019 229 1098 270 14.):
1139 229 1199 260 Sed
1226 232 1293 272 quis
1324 232 1397 264 haec
1428 242 1471 264 est
1499 233 1674 264 muliercula
1695 242 1721 264 et
1743 234 1794 265 ille
1816 237 1981 269 ravistellus
2001 242 2053 282 qui

102 274 189 305 venit.
228 273 303 303 Vide
325 273 406 303 Ravi
428 273 544 305 coloris.
563 274 650 304 Ant.
673 276 768 315 Aug.
813 277 909 303 Locus
931 273 1027 302 Plauti
1050 278 1094 302 est
1115 273 1200 312 Epid.
1217 275 1256 311 V,
1283 278 1310 306 1.
1335 275 1427 316 (14.):

539 316 599 346 Sed
623 319 688 358 quis
709 317 782 347 haec
802 325 843 347 est
864 314 1037 345 muliercula
1059 322 1085 344 et
1108 314 1172 345 illic
1192 317 1404 356 gravastellus,
1444 319 1494 358 qui
1514 318 1616 349 venit?

104 358 162 389 Sed
192 357 241 387 hic
267 356 463 398 gravastellus
489 369 549 388 non
572 370 588 387 a
607 361 769 399 gravitate,
804 365 838 389 ut
867 363 952 398 putat
974 359 1094 394 festus,
1132 358 1183 386 sed
1211 369 1266 398 pro
1295 360 1483 398 ravastellus,
1521 372 1536 389 a
1558 372 1660 399 raons,
1697 362 1750 401 qui
1777 363 1840 392 ravi
1865 370 1908 393 est
1930 366 2050 405 coloris,

105 401 198 430 ascito
220 413 257 441 g,
292 411 417 440 gravas,
456 412 472 429 a
495 412 554 440 quo
580 410 732 441 gravaster
755 408 783 431 et
806 401 1014 431 diminutivum
1038 399 1247 439 gravastellus,
1287 403 1337 440 qui
1360 404 1551 440 ravastessus,
1590 404 1649 432 imo
1674 409 1702 433 εἰ
1724 404 1889 435 ravistellus
1910 414 2051 448 corrupte

105 444 193 472 etiam
216 444 295 482 apud
316 444 454 471 Plautum
476 444 583 481 legisse
605 444 725 473 videtur
746 445 859 475 Festus.
900 443 974 473 Vide
994 441 1076 472 Ram·
1098 441 1214 483 coloris.
1237 443 1324 473 Dac.
1367 445 1452 485 Apud
1478 446 1614 474 Plautum
1638 447 1731 475 codd.
1753 449 1870 477 variant
1887 451 2051 488 gravastel-

105 484 167 522 lus,
187 484 391 525 gravistellus‚
411 485 617 524 graviscellus,
636 486 835 525 gravestellus.
864 486 1002 515 Meliores
1020 484 1216 525 gravastellus
1239 491 1268 515 et
1287 487 1477 525 gravestellus
1492 488 1643 518 exhibent.
1673 489 1738 518 Hoc
1753 500 1812 518 non
1829 491 1865 519 ab
1880 492 1936 520 adi.
1949 495 2050 532 gravis

105 528 215 557 deduci
238 538 339 567 posse,
363 528 415 556 sed
437 538 452 555 a
475 539 560 557 ravus
581 528 802 565 deducendum,
826 529 957 558 ostendit
979 532 1116 558 metrum.
1155 528 1214 556 Aut
1236 529 1329 565 igitur
1351 529 1523 559 ravastellus
1545 531 1751 568 scribendum,
1775 537 1825 560 aut
1844 534 2050 574 gravastellus,

104 575 140 598 ut
159 582 181 610 g
203 571 241 598 sit
263 570 408 607 radicale,
430 570 474 598 uti
495 572 526 599 in
542 572 757 600 Germanorum
780 582 854 601 voce
874 583 964 612 grau,
988 580 1063 609 quae
1086 569 1186 598 eadem
1209 571 1345 608 videtur,
1369 577 1455 610 atque
1478 573 1650 602 Latinorum
1672 585 1773 611 raons,
1794 586 1916 614 gravus‚
1939 577 1969 606 in
1992 589 2049 616 qua

103 624 125 652 g
146 617 250 652 postea
274 614 313 641 sit
335 615 491 650 omissum,
515 618 550 642 ut
573 614 604 642 in
623 625 750 653 gnarus,
772 622 894 653 gnotus,
915 614 1028 653 gnitor,
1048 619 1165 652 gnatus.

274 654 460 684 Gramine.
505 653 615 696 Λήμη,
639 657 759 685 Aeolice
782 654 897 698 γλάμα,
920 655 999 685 unde
1026 654 1155 684 Gramia.
1180 654 1281 685 Scal.
1326 656 1438 685 Nonius
1461 656 1542 696 (pag.
1559 660 1626 689 119.
1651 657 1766 697 Mero.):
1800 657 1921 689 Gramia
1942 661 2050 700 pituita

106 695 266 726 oculorum.
313 696 478 728 Caecilius:

728 740 891 771 Gramiosis
913 739 1005 771 oculis
1027 740 1106 780 ipsa,
1141 740 1245 768 atratis
1268 738 1409 769 dentibus.

108 790 245 820 Glossae:
270 789 397 828 Grama,
420 788 507 831 λήμη.
540 791 615 820 Vide
637 791 765 831 Hesych.
809 792 897 822 Dac.

273 840 417 872 Groma.
464 843 601 871 Glossae:
640 841 764 880 Grumu,
800 840 948 883 γνώμων,
985 839 1122 882 βασιλικὴ
1147 838 1261 882 γνώμη.
1307 842 1342 870 Et
1365 843 1440 871 male
1468 843 1576 871 lectum
1599 842 1635 871 ab
1659 842 1723 881 ipso
1747 849 1867 874 auctore
1893 846 2050 877 Glossarii:

110 881 224 912 Gauma
242 880 330 923 ὄραία
343 884 509 923 τεκτονική.
543 886 634 923 Lege:
662 884 788 915 Gruma:
810 883 905 926 ὅπτροι
919 883 1082 924 τεκτονική.
1110 884 1143 913 In
1167 884 1231 912 aliis
1253 884 1371 922 glossis:
1397 883 1507 914 Gruma
1530 883 1667 926 διόπτερα
1691 884 1780 926 (legex
1804 888 1975 928 δίοπτρα.
1998 889 2051 929 L.)

107 922 128 964 ἦ
150 929 210 957 τῶν
234 927 359 967 μέτρων.
405 928 440 957 Et
464 926 610 957 Grumari.
655 927 778 957 Lucill.:

725 986 765 992 —-
810 986 851 992 -—
894 987 935 992 —
977 981 1110 1010 viamque

687 1012 743 1042 Vis
765 1011 948 1052 degrumari,
980 1020 1011 1041 ut
1034 1012 1138 1042 castris
1160 1022 1275 1040 mensor
1289 1009 1374 1052 facit
1397 1010 1477 1040 olim.

109 1052 307 1083 Glossarium:
332 1052 472 1092 Grumum,
496 1058 606 1094 μετρεῖ,
630 1054 731 1092 ἐξισοῖ.
765 1055 879 1084 Nonius
902 1054 982 1095 (pag.
995 1057 1046 1086 63.
1070 1053 1188 1094 Merc.):
1216 1053 1344 1083 Grumae
1365 1061 1431 1082 sunt
1455 1052 1521 1083 loca
1543 1052 1658 1090 media,
1682 1054 1712 1082 in
1735 1066 1808 1095 quae
1830 1055 1957 1086 directae
1978 1069 2052 1098 qua-

108 1102 174 1124 tuor
195 1104 409 1136 congregantur
431 1104 456 1125 et
477 1099 648 1127 conveniunt
669 1098 741 1126 viae.
779 1099 878 1127 Recte.
917 1098 990 1126 Nam
1019 1101 1046 1125 et
1075 1097 1106 1125 in
1134 1097 1239 1126 castris
1269 1101 1298 1125 et
1326 1096 1357 1124 in
1386 1096 1511 1124 coloniis
1534 1096 1685 1135 capiendis
1710 1107 1809 1135 groma
1833 1099 2000 1137 ponebatur
2021 1101 2053 1129 in

108 1142 284 1175 tetrantem,
317 1139 437 1177 amiqua
462 1144 491 1168 et
513 1140 627 1179 postica
650 1141 726 1168 linea
751 1151 781 1169 se
804 1141 933 1169 invicem
956 1140 992 1169 ad
1015 1140 1137 1178 angulos
1167 1144 1263 1168 rectos
1292 1138 1549 1168 intersecantibus.
1591 1139 1704 1168 Auctor
1727 1141 1868 1178 AggenuS.
1894 1141 1992 1171 Scal.
2029 1143 2052 1172 A

108 1177 226 1220 γνώμα,
250 1193 268 1210 n
291 1187 404 1210 mutato
427 1182 456 1210 in
480 1194 508 1219 r,
528 1191 650 1222 groma‚
674 1193 729 1222 pro
754 1193 813 1221 quo
836 1183 946 1211 dicitur
966 1193 1084 1222 gruma,
1109 1182 1173 1211 oin
1188 1194 1216 1212 u.
1249 1182 1327 1210 Hinc
1346 1192 1482 1221 grumare
1504 1186 1533 1210 et
1556 1180 1734 1220 degrumare.
1767 1183 1922 1212 Lucillius:
1950 1184 2053 1214 Viam-

108 1234 163 1263 que
184 1222 378 1262 Degrumabis
400 1225 443 1253 uti
464 1225 570 1253 castris
592 1236 705 1254 mensor
718 1224 803 1265 facit
825 1224 906 1254 olim.
936 1226 971 1253 In
994 1230 1158 1253 castrorum
1182 1224 1270 1253 etiam
1293 1224 1451 1253 metatione
1471 1235 1577 1263 gruma
1599 1224 1709 1252 dicitur
1730 1235 1867 1254 mensura
1890 1227 1955 1264 illa,
1978 1227 2054 1257 illud
2096 1252 2097 1255 ,

109 1275 269 1303 organum,
301 1266 380 1305 quod
404 1277 419 1294 a
443 1272 586 1296 metatore
607 1267 638 1295 in
660 1268 728 1296 loco
750 1267 847 1296 medio
871 1267 1040 1306 ponebatur
1061 1267 1091 1295 in
1115 1272 1290 1304 tetrantem,
1325 1267 1383 1295 hoc
1405 1272 1465 1301 est,
1497 1271 1528 1294 ut
1551 1271 1680 1305 quatuor
1702 1267 1813 1297 faceret
1836 1270 1958 1306 angulos
1981 1280 2054 1299 nor—

108 1308 215 1345 males,
239 1313 267 1336 et
289 1308 328 1337 ita
353 1309 499 1338 divideret
521 1314 616 1338 castra
638 1310 669 1338 in
692 1314 820 1348 quatuor
842 1314 950 1348 partes.
990 1311 1027 1338 Et
1048 1310 1133 1338 locus
1154 1310 1219 1348 ipse
1241 1309 1372 1346 medius,
1395 1309 1447 1337 ubi
1467 1319 1590 1348 gruma,
1614 1319 1718 1347 gruma
1741 1310 1826 1338 etiam
1850 1311 1957 1341 dictus.
1994 1312 2055 1341 No-

108 1351 193 1379 nius:
226 1349 353 1380 Grumae
374 1359 441 1380 sunt
463 1350 531 1380 loca
555 1350 667 1389 media,
699 1353 729 1381 in
752 1364 825 1392 quae
848 1351 975 1381 directae
996 1360 1124 1392 quatuor
1144 1359 1358 1392 congregantur
1379 1352 1451 1380 viae.
1495 1351 1520 1379 A
1540 1362 1646 1390 gruma
1668 1361 1720 1380 seu
1739 1363 1844 1392 groma
1865 1354 1964 1383 dictus
1984 1365 2055 1394 gro-

108 1393 235 1422 maticus
256 1397 284 1421 et
303 1394 472 1433 gromatica
493 1393 665 1432 disciplina,
703 1405 777 1432 quae
800 1405 937 1433 agrorum
962 1404 1130 1423 mensuram
1154 1395 1250 1424 docet.
1280 1394 1369 1425 Dae.
1414 1395 1447 1422 ln
1471 1394 1622 1422 Sanscrito
1644 1404 1780 1423 sermone
1802 1394 1943 1434 krama(s)
1966 1398 2055 1435 signi-

108 1434 178 1464 ficat
197 1434 341 1475 gradum,
362 1447 497 1476 passum,
521 1447 538 1465 a
560 1436 661 1466 radice
684 1435 783 1474 kram,
806 1437 957 1476 progredi.
991 1437 1094 1466 Fuerit
1116 1437 1206 1474 igitur
1226 1448 1332 1476 groma
1354 1437 1477 1475 proprie
1499 1447 1633 1465 mensura
1653 1448 1772 1475 passus,
1796 1438 1876 1476 quod
1898 1450 1963 1468 voc.
1988 1450 2055 1469 cum

111 1478 191 1506 omni
213 1479 414 1517 agrimensura
437 1484 466 1508 et
490 1484 654 1508 castrorum
678 1480 836 1508 metatione
859 1489 897 1508 ex
919 1479 1040 1508 Etruria
1064 1480 1242 1508 translatum
1266 1489 1327 1509 esse
1350 1480 1474 1507 Romam
1497 1479 1638 1507 credibile
1661 1484 1714 1508 est.

277 1519 441 1550 Grumus.
479 1522 680 1551 Glossarium:
706 1520 809 1550 Grumi
824 1519 938 1560 τύμβοι.
972 1520 1099 1550 Grimini
1122 1522 1153 1552 οἷ
1173 1522 1350 1560 διορίζοντες
1372 1519 1444 1557 τούς
1466 1519 1556 1559 ὅρους
1578 1523 1668 1553 λίθοι.
1700 1522 1775 1559 Lege
1794 1520 1934 1550 Grummi.
1958 1521 2054 1552 Scal.

110 1562 259 1591 Sci-ibitur
281 1567 310 1591 et
329 1575 489 1601 grummus.
526 1564 652 1602 Proprie
674 1564 818 1600 clivulus,
849 1568 946 1591 terrae
970 1563 1109 1591 collectio
1133 1564 1275 1602 paulatim
1299 1573 1467 1601 exsurgens.
1509 1564 1590 1592 Unde
1618 1565 1781 1602 exponitur
1803 1562 1919 1604 τύμβος.
1958 1565 2054 1594 Gloss.

114 1602 232 1639 Grumi,
270 1602 387 1644 τύμβοι.
432 1605 503 1633 Inde
529 1610 656 1645 propter
683 1605 907 1634 similitudinem
937 1605 1036 1633 acervi
1065 1605 1216 1642 lapidum,
1254 1606 1303 1644 qui
1332 1606 1368 1634 ad
1397 1605 1588 1634 terminorum
1618 1606 1838 1635 distinctionem
1861 1607 2057 1645 ponebantur,

110 1647 208 1685 grumi
230 1647 313 1676 dicti.
351 1647 447 1676 Gloss.
472 1648 681 1678 Graeco-Lat,
705 1645 785 1687 ὅρων
808 1648 906 1684 λίθοι,
927 1648 1033 1687 grumi.
1075 1646 1203 1676 Grumus
1226 1653 1321 1675 autem
1345 1658 1361 1675 a
1384 1648 1517 1686 congerie
1539 1648 1621 1676 ducit
1642 1649 1755 1676 Nonius
1780 1653 1857 1686 (pag.
1873 1650 1919 1681 15.
1942 1648 2056 1688 Mera).

114 1687 235 1716 Vossius
258 1699 273 1716 a
294 1687 410 1728 κρυμός
432 1689 541 1728 frigus,
565 1690 633 1729 quia
658 1690 768 1728 frigore
790 1701 838 1719 res
862 1694 1067 1719 concrescunt.
1110 1690 1166 1718 Sed
1190 1690 1379 1718 verisimilius
1402 1690 1495 1725 illud,
1522 1700 1609 1728 quam
1633 1691 1741 1720 verius.
1781 1692 1854 1719 Puto
1877 1702 1892 1719 a
1912 1703 2004 1731 31·υο,
2025 1691 2057 1720 id

114 1734 157 1758 est
179 1740 329 1768 congrue,
358 1731 471 1760 dictum
490 1744 627 1772 grumus,
655 1732 735 1771 quod
758 1737 837 1761 terra
860 1732 953 1761 multa
976 1737 1004 1761 et
1027 1732 1113 1760 multi
1136 1732 1250 1771 lapides
1273 1737 1380 1760 coeant
1403 1737 1431 1760 et
1455 1737 1621 1769 congruant
1642 1733 1677 1761 ad
1703 1743 1839 1770 grumum
1862 1733 2056 1764 efficiendum.

112 1771 138 1801 A
157 1784 279 1812 grumus
307 1773 415 1802 sactum
446 1774 655 1803 diminutivum
683 1773 836 1814 grumulus
864 1785 919 1813 pro
948 1774 1079 1813 qualibet
1102 1775 1290 1803 acervatione
1313 1780 1341 1802 et
1364 1778 1455 1804 strue.
1499 1775 1639 1803 Paulinus
1661 1775 1752 1813 Epist.
1767 1775 1815 1804 ΙΙΙ.
1840 1775 1877 1804 ad
1901 1777 2056 1806 Severum:

115 1813 153 1843 Et
176 1821 206 1843 ut
229 1822 320 1844 totam
345 1816 432 1844 iuxta
454 1816 510 1845 Dei
530 1816 646 1845 verbum
676 1816 887 1858 confectionem
915 1817 1079 1856 prophetici
1103 1818 1191 1856 panis
1218 1816 1362 1856 impleret,
1400 1815 1502 1845 lentem
1525 1828 1638 1857 quoque
1659 1824 1685 1845 et
1706 1816 1844 1846 hordeum
1867 1819 1974 1847 viciam
1999 1819 2056 1847 mi-

113 1858 231 1886 scuisset
253 1859 282 1886 in
303 1857 471 1898 grumilum,
519 1860 540 1887 A
564 1870 685 1897 grunius
709 1860 786 1888 sacta
811 1860 924 1888 Gallica
946 1870 1005 1887 vox
1024 1870 1174 1898 grumeau.
1221 1859 1306 1888 Dac.

283 1899 523 1931 Gracchuris.
567 1902 662 1931 Ilerda
689 1902 855 1930 Ptolemaeo
879 1903 909 1930 in
933 1901 1076 1940 Hispania
1100 1902 1321 1930 Tarraconensi.
1367 1901 1456 1929 Duc.

281 1940 425 1972 Graeca
447 1955 564 1974 sacra.
611 1945 758 1981 Cerealia,
782 1955 856 1983 quae
879 1945 917 1973 ad
938 1944 1154 1973 Eleusiniorum
1177 1944 1371 1973 imitationem
1396 1944 1482 1971 sacta.
1523 1942 1592 1971 Ideo
1615 1953 1650 1971 ex
1675 1944 1797 1973 Graecia
1820 1943 1958 1972 translata
1982 1943 2056 1973 dicit

114 1983 226 2014 Festus.
272 1985 561 2023 Repraesentabatur
585 1988 672 2016 Ceres
698 1988 901 2026 Proserpinam
933 1996 1076 2025 quaerens
1105 1991 1134 2015 et
1164 1997 1231 2015 cum
1261 1987 1324 2015 sace
1348 1990 1442 2014 totum
1469 1985 1568 2014 orbem
1591 1995 1758 2024 pererrans.
1804 1985 1876 2015 Vide
1900 1985 2053 2016 Ovid.1V.

114 2026 190 2055 Fast.
215 2028 298 2061 (390.
312 2028 409 2066 seqq.)
433 2029 600 2058 Cerealibus
624 2034 689 2059 aute
713 2034 828 2058 noctem
852 2030 968 2067 epulari
991 2029 1086 2064 nefas,
1126 2030 1213 2067 quia,
1253 2034 1285 2057 ut
1308 2029 1348 2056 ait
1370 2028 1583 2064 Callimachus,
1619 2028 1704 2057 Ceres
1727 2029 1801 2057 fame
1824 2028 1928 2057 affecta
1952 2039 1985 2057 ac
2008 2029 2054 2057 ni-

113 2068 275 2097 hilominus
298 2071 489 2108 pertinaciter
513 2072 653 2101 ieiunium
678 2083 798 2100 servans
822 2083 835 2100 a
860 2072 991 2111 Vespero
1014 2071 1129 2099 tandem
1155 2082 1310 2111 persuasa,
1338 2075 1370 2099 ut
1393 2076 1495 2110 potum
1518 2075 1661 2099 sumeret:

640 2121 805 2160 “ansoog,
840 2120 906 2153 ὅστε
928 2126 1006 2153 πιεῖν
1032 2120 1189 2162 Δαμάτερα
1211 2125 1313 2161 μῶνος
1335 2122 1458 2152 ἔπεισεν.

114 2171 186 2207 Vel,
211 2177 243 2200 ut
266 2171 391 2201 Ovidius
415 2172 578 2211 (Fasi.1v‚
601 2175 792 2212 532-seqq.)‚
817 2174 910 2212 quod,
937 2174 1005 2202 dum
1029 2173 1084 2201 sub
1109 2178 1223 2202 noctem
1247 2183 1379 2211 papaver
1402 2172 1531 2210 legebat,
1556 2170 1725 2210 imprudens
1748 2171 1928 2208 gustaverit:

691 2223 812 2263 Colligit
834 2226 940 2263 agresti
963 2223 1021 2252 leve
1040 2235 1170 2262 papaver
1192 2223 1287 2252 humo.

651 2266 726 2294 Dum
750 2265 836 2305 legit,
867 2266 958 2295 oblito
970 2266 1073 2306 fertur
1092 2273 1223 2305 gustasse
1242 2264 1357 2305 palato,

689 2308 883 2349 Longumque
904 2307 1070 2348 imprudens
1093 2307 1254 2337 eaesoluisse
1265 2307 1393 2349 famem.

649 2350 731 2389 Quae
750 2362 809 2390 qua.
830 2352 976 2390 principio
997 2351 1093 2389 posuit
1115 2351 1222 2379 ieiunia
1245 2351 1347 2385 noctis,

696 2393 820 2432 Tempus
842 2392 948 2422 habent
970 2400 1080 2433 mystae
1100 2392 1196 2433 sidera
1217 2395 1278 2422 visa
1301 2391 1368 2422 cibi.

158 2442 323 2471 GRAMMAT.
345 2453 411 2471 ωτ.
436 2444 468 2471 11.
1542 2443 1575 2476 K
1589 2442 1611 2475 k
1626 2442 1648 2474 k
