2263 2668
436 110 500 145 DE
526 108 803 146 VERBORUM
829 107 1219 146 SIGNIFICATIONE
1246 107 1561 146 FRAGMENTA.
1812 110 1886 144 237

273 205 405 247 Reus,
432 216 508 240 cum
537 216 600 250 pro
627 210 772 251 utroque
793 209 969 251 ponatur,
996 208 1033 237 ut
1060 204 1111 238 ait
1133 202 1267 237 Sinnius
1293 203 1326 235 in
1354 215 1413 245 eo,
1441 216 1543 248 quem
1570 205 1617 238 de
1637 215 1698 238 reo
1719 205 1885 246 inscribit,

109 261 140 290 et
168 268 245 290 cum
273 257 356 291 dicit
382 268 445 302 pro
472 269 517 298 se,
545 261 603 290 aut
630 269 708 291 cum
735 262 857 291 contra
881 261 915 290 te
941 257 1032 302 agit,
1060 256 1254 289 iuramento
1281 259 1338 287 tuo
1366 255 1413 288 uti
1438 260 1559 301 potest.
1595 257 1754 289 Roscii
1775 257 1886 302 vulgo

107 309 282 354 appellari
304 309 429 350 solent,
457 309 489 341 in
514 309 606 342 omni
632 313 711 342 arte
736 310 788 342 ita
812 309 979 354 perfecti,
1008 311 1045 340 ut
1067 307 1218 340 Roscius
1244 307 1426 340 comoedus
1452 308 1485 340 in
1512 312 1591 342 arte
1616 320 1682 342 sua
1704 307 1887 354 perfectus

97 360 224 405 suerit,
253 361 309 393 cui
330 360 413 393 nihil
435 360 565 393 deesset
592 361 643 393 ad
666 360 928 406 perfectionem,
956 363 993 392 ut
1020 358 1109 392 libro
1130 359 1154 391 Ι.
1181 358 1224 391 de
1251 363 1383 391 oratore
1410 359 1454 391 ait
1480 359 1610 393 Cicero.
1664 359 1800 393 Rusti
1809 357 1886 393 ca3

113 411 305 445 Vinalia
333 424 444 445 mense
466 413 641 456 Augusto,
669 416 705 445 ut
734 416 783 446 est
809 413 842 445 in
866 412 992 451 Fastis,
1025 410 1151 444 I'eneri
1164 409 1318 456 fiebant,
1347 410 1440 454 quod
1468 411 1587 444 eodem
1615 411 1675 443 illo
1702 411 1761 444 die
1787 411 1889 444 aedis

107 463 139 496 ei
166 463 257 496 deae
284 467 490 497 consecrata
517 468 581 504 est,
624 464 837 509 iumentaque
864 467 897 497 et
923 463 1064 496 olitores
1090 462 1135 495 ab
1164 472 1268 507 opere
1292 465 1447 502 cessant,
1486 464 1568 507 quia
1595 474 1710 496 omnes
1737 462 1826 495 horti
1854 463 1887 495 in

106 515 217 548 tutela
246 515 388 548 Veneris
415 526 488 548 esse
515 515 689 549 dicuntur.

271 567 439 599 Raucos
473 566 665 610 appellatos
699 577 773 600 esse
808 566 860 599 ait
892 565 1035 598 Verrius
1069 564 1184 598 videri
1219 564 1262 597 ab
1298 564 1467 605 ariditate,
1513 565 1585 598 sive
1612 577 1635 598 a
1661 564 1887 598 similitudine

106 616 265 661 quadam
297 618 466 662 spicarum
500 618 628 650 aristae.
661 619 694 650 in
726 618 830 662 spicis
864 628 1014 662 namque
1033 615 1143 662 flava
1159 615 1342 661 ¹frumenta
1369 627 1446 648 rava
1474 616 1649 661 appellari
1675 616 1769 649 idem
1799 615 1885 648 Ver-

105 669 179 701 rius
205 668 316 702 docet.
369 670 473 702 Rica
501 674 549 702 est
572 670 810 702 vestimentum
837 669 1073 713 quadratum,
1104 668 1329 709 fimbriatum,
1364 678 1594 712 purpureum,
1622 678 1688 712 quo
1711 667 1884 700 Flamini—

106 731 169 752 cae
200 731 269 764 pro
296 713 441 764 palliolo·
472 721 610 754 mitrave
637 720 840 760 utebantur,
885 724 923 753 ut
958 720 1100 753 Verrius
1126 719 1297 752 existimat.
1349 719 1515 752 Titinius:
1559 719 1673 752 Rica
1701 730 1752 752 ea·
1778 719 1884 751 lana

104 771 269 813 sucida,
305 772 401 805 alba
427 773 623 806 vestitus.
677 772 751 806 Alii
777 772 918 813 dicunt,
947 772 1102 817 pallium
1129 782 1203 804 esse
1229 771 1368 815 tripleX,
1395 770 1489 814 quod
1515 771 1701 803 conficiant
1727 770 1886 815 virgines

104 823 294 867 ingenuae3
321 824 502 868 patrimae,
531 824 737 865 matrimae,
765 823 859 868 quod
881 824 1042 856 caeruleo
1065 823 1181 856 colore
1203 822 1367 868 infectum
1390 822 1517 855 lavetur
1538 834 1623 865 aqua
1643 833 1745 866 pura.
1799 821 1883 860 Alii,

103 885 170 918 quo
191 874 391 908 Flaminica
419 876 544 920 cingat
568 876 709 921 pileum.
762 875 941 920 Respici
969 875 1057 908 avis
1085 879 1166 907 tunc
1192 874 1396 914 dicebatur,
1425 885 1502 907 cum
1526 877 1675 918 peracto
1697 873 1882 912 sacrificio,

103 926 196 968 quasi
224 927 296 959 finis
322 927 529 972 impetratus
557 931 661 968 esset,
689 931 722 960 et
748 928 849 971 quasi
866 926 990 972 forent
1017 927 1151 960 comitia
1176 927 1348 970 perfecta,
1376 925 1461 958 sumi
1487 929 1568 958 tunc
1594 936 1692 957 reum
1719 923 1884 957 iubebant

101 978 302 1012 sacerdotes
329 990 388 1011 suo
423 990 535 1019 more,
589 979 725 1023 aliisque
755 979 915 1023 peractis
940 978 1041 1011 iuxta
1068 978 1348 1011 consuetudinem
1375 977 1462 1017 luci,
1505 977 1538 1009 in
1566 988 1633 1020 quo
1660 987 1752 1009 sacra
1778 976 1883 1009 facie-

103 1027 207 1069 bant,
252 1041 312 1063 reo
339 1042 363 1063 a
390 1030 596 1064 calatoribus
632 1030 874 1075 ingeniculato,
921 1034 1026 1074 atque
1060 1030 1110 1062 ita
1143 1030 1310 1063 inclinato
1336 1029 1447 1061 vinum
1475 1028 1506 1060 in
1534 1032 1635 1073 caput
1660 1027 1883 1060 infundebant

101 1081 247 1113 solemni
275 1093 353 1114 cum
374 1082 583 1127 precatione.
637 1082 832 1115 Remissa
860 1082 1078 1123 exercitu,
1105 1081 1209 1115 simul
1236 1077 1377 1129 etiami}
1396 1080 1546 1125 Augur,
1581 1091 1648 1124 quo
1675 1090 1755 1112 con·
1800 1077 1881 1124 [99]

101 1132 157 1165 sul
183 1133 217 1165 in
245 1132 335 1166 bello
360 1145 437 1166 usus
464 1139 512 1166 est
539 1133 570 1166 in
599 1134 836 1178 auspicando,
877 1133 1062 1166 discedere
1088 1144 1158 1166 una
1184 1133 1334 1173 iubetur,
1370 1132 1462 1176 quod
1490 1135 1572 1165 tunc
1599 1132 1659 1164 illo
1686 1130 1883 1163 discedente

101 1189 231 1216 certum
260 1189 326 1225 est,
363 1186 547 1218 exercitum
572 1185 678 1218 etiam
706 1196 779 1218 esse
805 1185 1006 1224 remissum,
1043 1189 1078 1217 ut
1105 1196 1181 1218 cum
1210 1196 1294 1229 opus
1321 1184 1378 1225 sit,
1414 1187 1495 1216 tunc
1519 1184 1550 1216 si
1575 1183 1676 1223 velit,
1704 1181 1884 1215 discedere

99 1236 212 1279 possit.
249 1247 326 1268 nam
361 1236 544 1277 Consules,
589 1241 621 1269 et
655 1236 823 1270 Censores
856 1247 923 1268 non
951 1237 983 1269 in
1011 1241 1213 1280 perpetuum
1233 1235 1445 1282 Auguribus
1466 1233 1714 1280 praesentibus
1737 1237 1882 1272 utuntur,

100 1292 136 1319 ut
162 1288 206 1319 ait
235 1288 302 1332 Ap.
322 1287 497 1329 Pulcher,
523 1288 588 1321 sed
614 1292 750 1321 tantum
777 1288 812 1321 in
839 1288 1015 1332 auspicio,
1043 1292 1148 1330 quas*
1167 1292 1293 1332 postea
1320 1288 1475 1321 dimittat
1502 1287 1549 1328 is,
1581 1298 1606 1319 α
1632 1296 1699 1331 quo
1725 1285 1808 1330 lege
1828 1295 1882 1317 se-

100 1350 193 1371 cures
220 1338 356 1371 habitae
382 1343 461 1372 sunt
482 1340 605 1384 prius;
636 1351 737 1385 quem
765 1343 797 1373 et
820 1340 978 1384 priorem
1003 1351 1074 1372 esse
1101 1339 1145 1372 ait
1163 1340 1326 1373 Antistius
1345 1339 1465 1372 Labeo
1491 1338 1617 1383 quique
1643 1336 1770 1371 eadem
1797 1346 1883 1381 quo-

99 1401 165 1433 que
191 1390 269 1435 lege
295 1390 503 1437 significari,
531 1395 569 1423 ut
591 1392 694 1436 prior
718 1391 762 1425 sit
789 1391 824 1424 in
851 1391 1065 1435 auspicando
1093 1391 1234 1433 dicitur,
1266 1397 1301 1424 ut
1326 1392 1376 1424 ait
1401 1391 1496 1424 idem
1516 1389 1637 1423 Labeo
1664 1389 1698 1422 in
1726 1387 1813 1421 libro
1835 1387 1881 1420 de

99 1441 214 1475 officio
238 1443 400 1487 Auguris.
455 1443 573 1476 Potest
601 1447 719 1476 autem
739 1443 873 1488 Augur
899 1443 938 1475 id
966 1447 998 1476 et
1023 1443 1056 1475 in
1084 1443 1223 1477 consilio
1251 1443 1387 1481 facere‚·
1423 1443 1478 1476 vel
1505 1442 1539 1474 in
1567 1442 1657 1481 alio,
1693 1451 1758 1484 quo
1784 1438 1880 1472 sedet

99 1493 197 1532 loco;
230 1494 397 1539 pullisque
419 1495 555 1539 pultem
583 1494 764 1528 edentibus
789 1495 993 1528 solistimum
1019 1494 1100 1528 facit
1125 1495 1322 1540 auspicium.
1344 1498 1460 1540 potest
1487 1493 1594 1526 etiam
1619 1492 1650 1526 si
1674 1491 1769 1533 velit,
1796 1491 1880 1523 intra

98 1546 325 1588 pomoerium.
360 1546 413 1578 sin
440 1549 576 1587 autem,
619 1547 654 1579 in
680 1547 810 1591 templo
837 1547 994 1579 consistit.
1045 1547 1286 1592 Repertum
1321 1547 1452 1580 dicitur
1482 1545 1578 1578 idern
1604 1544 1699 1589 quod
1726 1543 1879 1575 amissum

98 1597 270 1640 recipere,
297 1597 398 1641 quasi
423 1601 608 1642 repartum
636 1601 669 1630 et
694 1602 900 1642 reparatum.
952 1597 1123 1640 Rictus,
1153 1599 1273 1640 rixae,
1300 1599 1459 1639 rixosae,
1487 1596 1644 1641 ringitur
1670 1595 1735 1627 dici
1762 1593 1878 1626 viden—

98 1653 168 1688 tur,
195 1648 273 1690 quia
300 1648 334 1680 in
362 1648 539 1682 diversum
565 1653 795 1694 rumpantur,
826 1650 1058 1693 contrariaque
1085 1650 1148 1682 sint
1174 1654 1288 1691 recto,
1321 1650 1415 1695 quod
1437 1647 1647 1682 vocabulum
1670 1657 1693 1679 a
1715 1645 1878 1690 regendo,

100 1703 134 1730 ut
161 1699 376 1732 commodius
403 1699 593 1733 deductum
619 1701 801 1744 videatur,
833 1701 960 1735 dictum
986 1701 1092 1734 videri
1118 1705 1242 1746 potest.

264 1749 370 1783 Seso
377 1751 459 1795 pia
481 1752 714 1798 inAugurali
737 1756 770 1786 et
793 1752 927 1786 Saliari
954 1753 1099 1786 carmine
1118 1754 1352 1798 appellantur,
1369 1762 1459 1796 quae
1486 1751 1579 1783 olias
1605 1749 1719 1793 esopia
1734 1759 1797 1793 pro
1824 1759 1876 1781 se-

98 1799 219 1833 dilibus
246 1801 362 1835 dicere
388 1801 558 1836 habemus
582 1815 673 1837 nunc
699 1804 819 1838 adhuc
839 1804 871 1836 in
887 1804 1135 1837 consuetudine.
1169 1804 1340 1848 Susque
1363 1804 1503 1847 deque
1521 1801 1692 1847 frequens
1719 1806 1784 1841 est,
1811 1810 1875 1844 pro

97 1853 172 1896 plus
203 1853 360 1886 minusve.
395 1854 578 1901 significat
610 1859 726 1888 autem
761 1856 800 1889 id
831 1856 924 1900 quod
952 1856 1077 1899 antiqui
1109 1867 1214 1900 usque
1245 1856 1361 1889 dicere
1391 1854 1482 1887 soliti
1517 1856 1628 1886 erant.
1694 1850 1876 1885 Sonivio

97 1904 263 1948 significat
288 1904 321 1936 in
347 1906 495 1939 carmine
517 1906 654 1940 Saliari
677 1911 709 1940 et
729 1907 919 1953 Augurali,
946 1907 1085 1942 sonanti.

264 1956 312 1989 Si
321 1967 369 1989 ne
396 1958 545 1991 sacris
571 1958 805 1992 hereditas
830 1960 863 1991 in
889 1959 1070 2003 proverbio
1098 1958 1164 1992 dici
1190 1957 1294 1998 solet,
1337 1967 1416 1989 cum
1442 1955 1578 2000 aliquid
1605 1954 1781 1988 obvenerit
1806 1953 1875 1985 sine

96 2006 166 2039 ulla
199 2007 403 2040 incommodi
437 2004 692 2057 assppendice:
736 2010 828 2054 quod
864 2011 944 2043 olim
978 2021 1070 2043 sacra
1097 2020 1164 2042 non
1190 2008 1300 2042 solum
1327 2008 1466 2052 publica
1492 2007 1710 2040 curiosissime
1763 2002 1871 2050 [100]

95 2057 385 2099 administrabant,
422 2060 483 2093 sed
511 2061 609 2093 etiam
635 2062 773 2106 privata.
808 2062 1008 2105 relictusque
1034 2060 1133 2094 lieres
1160 2059 1230 2094 sic*
1251 2060 1432 2104 pecuniae,
1467 2058 1565 2092 etiam
1591 2067 1756 2092 sacrorum
1785 2060 1874 2094 erat;

95 2115 131 2142 ut
157 2121 196 2142 ea
221 2109 472 2155 diligentissime
499 2112 726 2146 administrare
753 2118 836 2146 esset
862 2113 1091 2147 necessarium.
1144 2109 1371 2156 Suppum4
1398 2110 1521 2154 antiqui
1552 2109 1726 2150 dicebant,
1769 2117 1871 2151 quem

94 2171 181 2195 nunc
206 2162 361 2206 supinum
387 2162 526 2197 dicimus
554 2175 593 2197 ex
620 2164 774 2205 Graeco,
816 2164 972 2198 videlicet
997 2174 1061 2208 pro
1088 2162 1313 2208 adspiratione
1339 2167 1502 2208 ponentes
1525 2161 1688 2201 litteram,
1730 2163 1767 2192 ut
1792 2169 1870 2193 cum

93 2294 171 2323 nulia
196 2295 312 2325 Bustica
338 2296 480 2326 dicuntur
504 2308 529 2326 a.
547 2298 575 2326 d.
596 2297 662 2328 XII.
685 2298 751 2328 Kal.
774 2298 855 2337 Sept.
879 2297 961 2337 quod
1004 2299 1054 2327 lib.
1075 2299 1105 2329 9.
1135 2307 1199 2337 cap.
1220 2298 1248 2329 4.
1278 2296 1428 2327 Plutarch.
1458 2295 1604 2326 Problem.
1651 2295 1730 2323 Urs.
1763 2309 1804 2315 —
1840 2291 1869 2332 4)

93 2341 156 2366 tum
181 2337 288 2367 Veneri
313 2338 447 2368 dedicata
471 2340 577 2377 aedes,
608 2346 637 2369 et
658 2340 737 2369 horti
760 2342 823 2370 eius
847 2341 958 2370 tutelae
1002 2340 1172 2380 Samium]
1201 2341 1356 2379 Sappam,
1386 2340 1498 2369 iactum
1520 2337 1670 2377 quendam
1695 2338 1726 2366 in
1751 2335 1870 2366 tesseris

94 2380 298 2419 assignantur,
328 2392 363 2411 ac
383 2386 446 2411 tum
466 2387 533 2412 sunt
555 2383 651 2413 feriati
669 2384 799 2412 olitores.
844 2384 959 2413 Plinius
1002 2384 1102 2413 vocari
1126 2382 1220 2413 tradit
1238 2382 1370 2413 Isidorus
1393 2382 1444 2412 lib.
1461 2383 1509 2414 18.
1533 2391 1597 2420 cap.
1619 2382 1670 2414 65.

1909 1291 1920 1307 Ψ·
1930 1288 1948 1314 f.
1975 1296 2040 1321 quos

1898 2056 1907 2066 ⁸
1917 2056 1935 2081 f.
1962 2056 2030 2081 sicut
