2263 2668
383 185 457 219 266
1004 180 1143 214 SEXTI
1169 181 1369 216 POMPEI}
1396 183 1536 217 FESTI

383 280 487 314 ciem
514 287 613 320 quam
641 286 701 308 nos
728 274 885 315 dicimus,
923 271 1015 313 εἶδος
1042 274 1176 309 Graeci
1202 276 1376 310 dixerant.
1431 276 1563 310 Platon
1588 275 1725 320 quidem
1752 275 1869 315 ideam
1905 275 2002 311 nobis
2027 279 2161 324 species

378 342 447 376 pro
473 328 599 361 eadem
626 326 772 371 ponitur.
826 323 1039 359 Sestertil
1066 331 1147 360 nota
1182 329 1283 373 apud
1316 328 1475 373 antiquos
1498 327 1575 373 suit
1608 327 1780 371 dupondi,
1824 332 1856 360 et
1883 329 2030 362 semissis.
2068 330 2162 363 unde

229 391 264 415 ἐ.
284 380 557 415 auant-‚sestertius
587 378 701 411 dictus
734 377 827 423 quod
859 377 1087 414 semistertius.
1147 378 1216 412 Sed
1248 383 1388 413 auctos*
1412 384 1460 413 est
1487 379 1578 413 bello
1598 379 1733 412 Punico
1758 378 1920 412 secundo.
1956 381 2047 424 apud
2074 382 2162 414 anti-

382 443 464 476 quos
499 435 609 463 autem
645 430 829 471 denarias,
875 432 908 461 et
941 429 1136 475 qaiizqaesis
1169 432 1204 464 in
1237 443 1301 464 usa
1335 436 1444 472 erant,
1487 435 1520 464 et
1545 431 1699 464 valebant
1726 429 1894 464 denarias
1920 431 2027 465 denos
2053 444 2160 474 asseS,

382 482 610 528 quadrigati,
650 482 773 526 bigati;
814 481 1005 524 quinquesis
1037 482 1165 526 quinos.
1198 483 1263 516 sed
1294 486 1438 527 uterque
1463 486 1590 516 auctas
1616 487 1680 524 est,
1724 493 1898 515 numerum
1925 483 2007 515 aeris
2033 484 2162 528 perdu-

230 541 264 564 ‘11
297 547 356 572 pro-
383 538 499 568 ctum*
528 544 601 566 esse
636 533 734 566 aiant
768 533 851 578 lege
873 532 1044 566 Flaminia
1076 534 1181 566 minus
1217 534 1384 575 solvendi,
1430 546 1510 568 cum
1543 545 1628 567 aere
1663 534 1778 567 alieno
1808 539 2028 579 premeretur
2053 535 2091 568 P.
2117 536 2160 568 R.

241 576 340 598 <iactum
384 585 538 620 Solida
565 582 717 626 sella2,
745 585 790 618 ait
815 584 977 624 Verrius,
1004 585 1129 618 sedere
1154 589 1226 618 tam
1254 586 1329 630 qais
1355 586 1505 628 iubetur,
1539 597 1617 620 cuin
1641 597 1741 619 mane
1765 596 1923 630 surgens,
1951 586 2163 631 auspicandi

383 638 511 683 gratia
538 636 730 681 evigilavit,
765 636 858 680 quod
885 636 1010 679 antiqui
1037 648 1193 682 exprese,
1231 638 1385 682 nihilque
1412 637 1458 670 ab
1485 638 1642 671 interiore
1666 642 1761 681 parte
1788 643 1982 678 excavatas,
2018 641 2081 671 aut
2106 638 2164 671 la-

384 693 493 722 xatas
508 687 694 733 faciebant
719 688 825 721 sedes,
852 699 933 731 quas
960 688 1076 731 sedes,
1102 689 1238 722 solidas
1263 689 1359 728 ideo,
1391 689 1485 734 qaod
1510 690 1541 722 in
1569 689 1619 721 his
1646 689 1730 721 nihil
1757 694 1826 722 erat
1846 700 2056 730 concavum,
2082 701 2163 722 ma*-

383 741 478 773 xime
503 740 750 785 appellabant,
786 741 892 783 inquit
912 739 1065 783 Verrius,
1106 741 1199 784 quod
1225 741 1358 774 scilicet
1384 745 1495 774 essent
1521 745 1624 776 totae.
1651 740 1814 781 absurde,
1851 745 1887 773 ut
1912 740 1995 774 mihi
2020 741 2162 783 videtur,

385 803 463 825 cam
490 803 590 824 omne
616 792 654 824 id
681 791 775 836 quod
808 792 847 824 sit
877 795 1002 835 totum,
1047 792 1091 825 ait
1125 792 1251 826 dictum
1286 792 1439 827 solidum.
1504 790 1723 826 Silatunzss
1751 793 1885 836 antiqui
1910 803 1974 836 pro
2002 803 2043 825 eo
2070 792 2163 836 quod

384 854 472 876 nunc
498 844 698 877 iantaculum
726 843 885 885 dicimus,
917 842 1168 888 appellabant,
1196 844 1272 887 quia
1298 843 1398 876 iaiuni
1425 844 1535 876 vinum
1563 844 1648 876 soli*
1672 844 1847 877 conditam
1874 848 1955 876 ante
1980 844 2164 877 meridiem

385 895 620 927 obsorbebant.
677 893 1040 939 Suffragatores4
1063 894 1271 928 dicebantur
1305 895 1404 939 apud
1436 896 1596 936 maiores,
1639 894 1675 927 hi
1703 895 1759 938 qui
1784 895 1890 940 vulgo
1916 895 1950 928 in
1975 906 2035 928 usu
2063 899 2165 929 erant

386 946 598 979 candidatis.
634 957 718 979 nam
744 950 780 978 ut
806 946 925 978 melius
952 952 1153 991 apparerent
1179 947 1290 980 iuncta
1316 947 1505 992 suffragia,
1544 945 1774 994 saffragator
1799 958 1900 990 quem
1927 947 2066 991 quisque
2091 947 2165 980 fieri

386 998 504 1037 vellet,
549 998 684 1031 notabat
711 998 867 1042 apposito
888 1003 1042 1042 puncto,
1087 999 1214 1032 scribtis
1247 998 1502 1031 candidatorum
1534 998 1710 1032 hominum
1742 998 1944 1032 nominibus.
1997 998 2104 1032 Varro
2131 998 2165 1031 in

386 1050 424 1083 L.
448 1049 522 1082 Vll.
548 1061 658 1082 reruni
685 1049 905 1082 humanarum
933 1049 1000 1083 hoc
1022 1050 1143 1083 tradit.
1197 1048 1405 1094 Struppi⁵
1432 1056 1594 1084 vocantur
1620 1051 1652 1083 in
1678 1050 1906 1095 pulvinaribus
1920 1049 2096 1096 fasciculi
2127 1045 2149 1098 Η

387 1101 433 1134 de
458 1100 617 1134 verbenis
633 1100 747 1146 sacti,
791 1101 850 1146 qui
879 1111 947 1146 pro
974 1101 1120 1134 deorum
1148 1102 1311 1146 capitibus
1337 1107 1515 1146 ponuntur.
1573 1101 1605 1136 S
1654 1128 1661 1134 .
1903 1102 2003 1147 apud
2054 1099 2162 1148 [155]

388 1153 508 1185 arbem
531 1152 614 1185 Calo
636 1152 792 1185 Antistius
812 1152 932 1185 Labeo
955 1153 1028 1186 dici
1054 1154 1103 1186 ait
1130 1154 1364 1198 magistratum
1388 1154 1562 1198 publicum
1602 1179 1611 1188 .
1787 1179 1795 1187 .
1909 1181 1916 1188 .
1971 1179 1978 1186 .
2032 1178 2040 1186 .
2093 1153 2165 1186 Se-

388 1202 624 1248 cespitaniG
653 1216 722 1237 esse
745 1204 906 1237 Antistius
926 1204 1044 1237 Labeo
1071 1205 1138 1246 ait,
1183 1206 1332 1238 cultram
1349 1205 1526 1251 sei-reum,
1571 1205 1776 1249 oblongum,
1812 1204 1977 1238 manibrio
2005 1203 2164 1246 eburneo,

386 1255 556 1296 rotundo,
584 1255 713 1297 solido,
740 1256 851 1289 vincto
877 1255 921 1288 ad
949 1256 1110 1300 capulam
1133 1268 1222 1290 auro
1249 1262 1483 1302 argentoque,
1515 1257 1618 1290 fixum
1642 1257 1743 1290 clavis
1765 1257 1891 1300 aeneis,
1917 1267 1998 1289 aere
2023 1255 2165 1302 Cypria,

388 1318 454 1352 qao
476 1306 671 1349 Flamines,
713 1307 918 1341 Flaininicae
940 1308 1115 1352 Virgines,
1158 1308 1414 1355 Pontificesque
1439 1309 1491 1342 ad
1516 1309 1684 1342 sacrificia
1710 1312 1853 1341 utuntur.
1911 1308 2047 1341 Eadem
2072 1307 2167 1341 alias

214 1357 251 1381 Ὗ·
272 1356 378 1382 reticulo
389 1358 534 1400 dicitur,
562 1370 633 1403 qaa
658 1359 691 1391 in
717 1359 860 1392 sacrario
887 1363 1029 1392 utuntur.
1056 1360 1223 1393 sacraria
1248 1371 1398 1405 namque
1424 1360 1458 1393 in
1483 1360 1624 1404 templis
1648 1359 1824 1392 rediculo*
1847 1370 1951 1392 aeneo
1978 1359 2058 1392 olim
2083 1370 2165 1392 sae—

384 1409 592 1455 piebantur,
635 1410 669 1442 in
696 1421 763 1455 qao
789 1411 888 1443 tubae
918 1411 1056 1445 relictae
1082 1416 1173 1452 sunt,
1210 1423 1281 1456 per
1307 1423 1397 1456 qaas
1423 1411 1583 1445 manibus
1608 1422 1713 1444 sacra
1737 1415 1876 1455 tangere
1901 1411 1987 1445 licet.
2025 1414 2074 1443 est
2098 1410 2165 1443 hoc

389 1462 424 1494 in
450 1462 580 1506 templo
616 1461 739 1495 Bonae
775 1462 885 1494 deae:
919 1462 978 1495 sed
1005 1466 1038 1495 et
1063 1463 1097 1496 in
1123 1463 1193 1496 aliis
1219 1463 1316 1497 locis:
1349 1468 1382 1496 et
1406 1467 1485 1497 sant
1510 1463 1601 1496 velat
1628 1462 1811 1507 repagula
1837 1462 2015 1506 quaedam.
2041 1462 2086 1494 ita
2112 1473 2166 1494 se-

390 1513 538 1557 cespitae
564 1512 723 1546 dicantur
749 1513 884 1546 dnobus
898 1514 1023 1548 modis.
1060 1513 1220 1548 Secias
1237 1519 1294 1555 est,
1322 1515 1414 1558 quod
1430 1515 1592 1559 secespita
1609 1519 1739 1548 secatur
1752 1513 1874 1556 libam,
1901 1525 1962 1547 sea
1982 1513 2165 1559 placenta,

390 1575 477 1609 qnae
503 1564 608 1597 soleat
633 1565 823 1598 necessariis
844 1564 1025 1611 sacrificiis
1045 1566 1219 1599 adhiberi.
1272 1566 1531 1599 Suffimenta
1559 1570 1650 1606 sunt,
1678 1577 1764 1609 quae
1780 1565 1972 1611 faciebant
1995 1576 2039 1598 ex
2054 1564 2165 1611 saba,

389 1616 551 1659 miliaque
572 1616 708 1656 inolito,
736 1616 844 1649 inulso
865 1627 991 1660 sparso.
1019 1628 1064 1650 ea
1091 1618 1159 1650 diis
1185 1616 1367 1650 dabantur
1393 1629 1432 1650 eo
1458 1622 1628 1662 tempore,
1656 1628 1724 1660 quo
1751 1628 1836 1650 uvae
1861 1617 2010 1650 calcatae
2031 1617 2164 1661 praela

392 1666 586 1712 Serpsit,
615 1668 667 1700 usi
692 1672 770 1700 sunt
797 1668 921 1711 antiqui
946 1679 1010 1712 pro
1037 1669 1210 1713 serpserit,
1236 1669 1329 1702 unde
1354 1669 1518 1702 videntur
1542 1669 1703 1713 serpulae
1729 1668 1854 1710 dictae,
1882 1680 1963 1712 quas
1987 1679 2074 1702 nunc
2096 1680 2166 1701 ser-

388 1722 511 1763 pentes
537 1719 685 1751 dicimus
711 1730 755 1752 ex
783 1719 942 1761 Graeco,
970 1720 1048 1762 quia
1075 1721 1122 1753 illi
1149 1717 1299 1766 ἑρπετά,
1326 1731 1385 1752 nos
1407 1732 1478 1766 pro
1501 1721 1717 1766 aspiratione
1741 1731 1878 1761 eoram,
1911 1720 1936 1753 S
1963 1720 2072 1753 littera
2101 1730 2168 1764 po-

392 1770 471 1812 sita,
504 1775 539 1803 ut
566 1770 617 1811 ἓξ,
658 1781 739 1813 sex,
786 1768 897 1813 ἑπτοῖ,
938 1775 1079 1816 septem.
1142 1772 1403 1805 Suffibulum
1431 1777 1478 1806 est
1503 1772 1735 1806 vestimentum
1761 1771 1896 1813 albam,
1929 1774 2167 1816 praetextum,

247 853 255 860 ”
265 851 281 874 s.
301 850 340 875 sili

459 1903 485 1941 l)
500 1903 644 1942 Sea-terti]
665 1903 738 1932 Vide
754 1904 782 1932 in
798 1904 996 1933 isba-cantara.
1018 1903 1067 1931 Ur
1076 1915 1100 1932 s.
1112 1919 1155 1925 -—
1166 1900 1198 1942 2)
1207 1904 1260 1932 So-

1302 1909 1415 1943 puncta
1437 1915 1496 1934 non
1519 1906 1588 1934 tulit
1610 1910 1733 1944 septem.

396 1942 462 1971 lida
485 1946 581 1984 sellan]
607 1946 679 1974 Vide
700 1947 731 1974 in
754 1947 880 1974 &lentio
904 1957 1032 1984 suigere.
1055 1951 1083 1974 et
1105 1946 1135 1974 in
1159 1947 1258 1975 Silere.

1303 1947 1366 1976 cio:
1406 1948 1479 1976 Nam
1505 1949 1587 1986 quod
1616 1953 1736 1986 questus
1758 1952 1802 1976 est
1824 1947 1924 1985 plnres
1947 1950 1977 1975 te
1998 1950 2087 1975 testes
2107 1946 2167 1974 ha-

1788 1904 1892 1933 Cicero
1914 1913 1968 1942 pro
1992 1903 2048 1932 CN.
2072 1903 2165 1932 Plan-

397 1985 541 2016 videndus
565 1988 650 2017 etiam
665 1988 767 2017 Livius
786 1989 837 2017 lib.
852 1992 898 2021 10.
915 2000 1031 2026 exprese
1051 1988 1140 2017 unico
1155 2000 1179 2026 S,
1203 1999 1259 2017 an-

398 2026 477 2063 tiqua
501 2030 658 2069 scriptura.
702 2032 782 2060 Urs.
806 2048 848 2054 —
880 2032 910 2069 3)
934 2031 1092 2070 Silatam.]
1117 2032 1260 2061 lautam-

399 2068 478 2103 !mn,
515 2077 543 2099 et
578 2074 680 2100 iuliani
711 2078 753 2102 est
782 2073 813 2102 in
844 2074 1015 2113 exemplari.
1075 2074 1261 2102 Glossarium

400 2113 465 2137 iteiii
490 2111 590 2141 habel:
615 2116 709 2143 lantat
731 2113 887 2154 α’κρατίζει.
909 2117 1096 2146 ientaculum
1117 2115 1260 2156 ἄκρατον.

402 2161 503 2198 ᾳυεξιιι-
525 2155 641 2191 quidem
671 2158 849 2196 scripturam
880 2160 911 2189 in
945 2159 1009 2188 aliis
1040 2159 1130 2189 etiam
1153 2170 1258 2189 manu-

401 2199 519 2231 scriptis
548 2196 630 2224 libris
654 2199 791 2230 vidimus.
840 2202 917 2230 Urs.
954 2219 995 2225 —
1041 2201 1069 2241 4)
1094 2202 1260 2241 Suffraga-

401 2235 510 2273 torma]
544 2237 706 2284 Porphyrio
735 2243 769 2271 in
789 2243 902 2274 Horatii
925 2254 1046 2274 versum
1073 2245 1106 2274 in
1127 2246 1258 2283 poetica:

403 2277 516 2325 Omne
539 2279 635 2309 tulit
664 2290 854 2319 punctum.
898 2286 1038 2326 Antiqui,
1060 2287 1173 2326 inquit,
1196 2287 1261 2316 suf-

402 2319 495 2357 fragia
529 2330 589 2350 non
623 2323 812 2363 scribebant,
859 2328 911 2356 sed
953 2335 1065 2367 puncto
1107 2330 1259 2361 notabant.

403 2361 484 2410 [dem
501 2364 594 2392 refert
616 2364 790 2402 epigramma
812 2369 917 2398 incerti
943 2376 1046 2408 poetae
1076 2372 1111 2402 de
1139 2373 1260 2411 punctis

400 2404 615 2442 suflragiorum.
672 2407 859 2439 Ciconiarum
894 2413 989 2441 Rufus
1026 2414 1080 2443 iste
1113 2415 1260 2451 conditor,

400 2445 454 2474 Hic
477 2451 521 2476 est
541 2447 658 2477 duobus
686 2449 848 2487 elegantior
868 2454 985 2482 Plancis
998 2476 1005 2488 ,
1051 2456 1259 2494 suffragiorum

1301 1990 1370 2019 bere
1408 1991 1446 2019 de
1482 1990 1614 2019 Voltinia
1630 2012 1639 2027 ,
1683 2000 1769 2029 quam
1807 1989 1839 2018 in
1875 1998 1909 2018 ea
1942 1989 2023 2018 tribu
2057 1993 2168 2027 puncta

1302 2032 1417 2063 tuleris.
1462 2033 1509 2062 Ex
1531 2033 1578 2061 his
1600 2032 1675 2061 locis
1697 2032 1776 2062 Festi
1799 2031 1974 2061 sententiani
1988 2053 1995 2067 ‚
2027 2030 2089 2060 sive
2109 2041 2167 2071 po-

1303 2075 1364 2103 tius
1388 2075 1547 2112 Varronis,
1577 2076 1661 2104 cuius
1684 2075 1773 2104 verba
1797 2074 1945 2104 referebat
1972 2074 2090 2111 Festus,
2118 2073 2166 2102 in-

1303 2118 1437 2155 telligere
1459 2119 1582 2157 poteris.
1610 2119 1688 2147 Urs.
1712 2117 1741 2157 5)
1765 2118 1912 2156 Struppi.]
1937 2115 2011 2145 Vide
2032 2126 2122 2156 supra
2136 2115 2167 2145 in

1304 2162 1463 2199 Sti-oppas.
1492 2161 1533 2189 Ur
1541 2172 1566 2189 S.
1587 2177 1629 2183 -—-
1652 2159 1680 2200 6)
1704 2158 1908 2199 secespitam]
1930 2159 2114 2197 Sacrarium,
2132 2162 2167 2187 ut

1304 2208 1432 2242 apparet
1451 2213 1490 2232 ex
1511 2203 1592 2233 Festi
1612 2203 1762 2242 reliquiis,
1786 2202 1891 2241 templi
1911 2202 1999 2231 locus
2011 2200 2166 2231 dicebatur

1303 2246 1462 2280 secretior,
1483 2251 1517 2274 ut
1538 2247 1681 2285 adytum,
1708 2246 1745 2274 ad
1768 2255 1856 2284 quem
1877 2244 1955 2274 nulli
1975 2248 2038 2274 erat
2058 2243 2164 2279 aditus,

1303 2288 1361 2316 nisi
1385 2288 1541 2318 sacerdoti.
1565 2290 1648 2318 Serv.
1677 2288 1727 2318 lib.
1747 2291 1776 2320 2.
1799 2287 1871 2316 Aen.
1893 2287 1925 2316 in
1947 2297 1982 2316 eo
2003 2295 2050 2316 res
2063 2293 2164 2314 sacrae

1303 2331 1535 2370 reponebantur.
1580 2331 1723 2370 Ulpianus
1745 2330 1807 2368 mg.
1830 2329 1861 2358 L.
1878 2331 1905 2362 1.
1930 2329 1977 2358 tit.
1989 2331 2018 2361 8.
2063 2328 2165 2356 Sacra-

1303 2373 1398 2409 rium,
1428 2373 1540 2412 inquit,
1571 2379 1616 2403 est
1645 2374 1743 2409 locus,
1772 2373 1803 2401 in
1826 2382 1886 2410 quo
1907 2380 2007 2401 saci-ne
2035 2377 2083 2398 res
2102 2378 2163 2408 po-

1303 2421 1440 2452 nuntur,
1490 2415 1571 2454 quod
1599 2416 1687 2445 etiam
1723 2416 1753 2444 in
1785 2413 1922 2444 aedi-ficio
1957 2411 2075 2451 privato
2101 2420 2163 2440 esse

1302 2462 1412 2496 potest.
1435 2458 1623 2496 saepiebatur
1639 2463 1737 2487 autem
1756 2456 1916 2485 sacrarium
1931 2453 2083 2493 secespita,
2103 2452 2161 2482 hoc
