2263 2668
245 174 320 209 636
674 168 1017 203 COMMENTARII
1043 170 1090 204 IN
1116 168 1261 203 PAULI
1287 168 1482 202 DIACONI
1507 168 1758 204 EXCER-PTA

244 267 446 306 reponendum
477 262 636 297 runcastri,
670 261 719 289 vel
748 261 919 291 rumice-stri.
966 262 1104 291 Rumices
1126 262 1254 291 Lucilio:
1294 262 1370 290 Tum
1400 271 1487 300 spara
1517 268 1576 289 ium
1605 263 1727 291 rumices
1751 268 1806 291 etc.
1853 262 1949 301 Atque
1977 263 2044 292 ideo
2067 265 2187 294 videtur

245 310 357 338 Gellius
378 310 428 337 illa
452 307 510 333 duo
533 305 679 338 iunxisse,
713 308 855 341 tanquam
879 304 957 342 apud
982 305 1105 333 eundem
1130 305 1275 334 Lucilium
1298 305 1383 333 lecta.
1429 305 1593 342 Antequam
1626 304 1696 332 hinc
1725 305 1798 333 abeo
1830 306 1993 334 monendus
2016 311 2060 335 est
2081 307 2186 344 lector,

244 357 312 381 ante
334 354 421 387 caput
436 346 572 381 Rumeae,
595 346 625 374 in
643 344 765 373 Schedis
787 345 865 384 (pag.
879 345 961 384 225.)
987 353 1086 376 extare
1110 348 1250 386 quasdam
1273 347 1428 384 reliquias.
1452 356 1526 384 quae
1549 347 1579 374 in
1604 347 1741 375 omnibus
1756 348 1834 376 Festi
1857 349 1940 377 editt.
1957 349 2187 387 praetermissae.

244 394 278 423 In
300 394 334 421 iis
357 394 477 429 apparet
499 389 535 417 de
555 387 656 416 Rama
680 388 709 416 id
732 393 776 416 est
797 398 921 416 mamma
945 389 1063 418 Festum
1088 391 1192 425 egisse,
1222 391 1291 418 item
1316 389 1351 417 de
1373 388 1431 416 ficu
1455 389 1604 417 Ruminali
1628 395 1656 417 et
1679 390 1766 426 lupa,
1798 400 1871 428 quae
1897 392 1987 419 Remo
2011 395 2040 420 et
2062 391 2188 420 Romulo

242 433 377 474 praebuit
398 442 529 468 rumam,
562 435 631 459 sunt
653 431 729 459 enim
754 430 790 458 ad
814 430 893 459 hunc
916 432 1055 461 modum:
1091 431 1192 461 Rama
1214 432 1247 461 id
1269 439 1309 461 est
1331 441 1460 459 mamma.
1483 453 1489 459 .
1514 453 1520 459 .
1545 453 1551 460 .
1576 454 1581 459 .
1606 431 1746 471 capitolio
1771 454 1900 462 .....
1925 435 2004 462 nium
2028 455 2188 463 ......

244 476 279 505 de
303 496 476 505 ......
501 485 575 513 quae
599 495 774 503 ......
799 474 906 513 requisi
929 496 1101 505 ......
1126 474 1304 515 appellatam
1327 496 1500 504 ......
1525 481 1566 502 est
1588 486 1661 513 quae
1681 473 1804 503 Rumeoe
1825 474 1875 504 teli
1894 487 2000 515 genus,
2023 480 2078 506 etc.
2115 476 2188 512 Qui-

243 519 295 546 bus
320 517 374 546 etsi
397 527 444 546 eas
466 517 632 545 instaurare
655 526 715 544 non
740 525 877 554 possum,
902 516 1015 544 diutius
1038 527 1137 546 carere
1159 523 1188 546 te
1211 518 1307 554 nolui,
1332 520 1365 544 ut
1389 515 1469 554 quod
1493 515 1555 545 fieri
1579 517 1688 555 possit,
1712 523 1740 546 et
1757 523 1900 556 quantum
1918 519 1948 546 in
1967 528 2013 547 me
2029 523 2086 554 est,
2109 518 2189 548 Festi

243 570 318 599 quae
340 564 516 598 supersunt,
540 569 572 587 ea
596 558 648 586 tibi
673 560 771 586 omnia
793 559 823 586 in
847 564 990 597 promptu
1013 560 1085 596 sint,
1115 564 1142 588 et
1164 559 1271 588 habeas
1294 559 1381 588 etiam
1406 559 1526 596 quicum
1551 561 1629 587 vires
1651 565 1715 587 tuas
1739 561 1909 598 experiaris.
1934 560 2021 590 Duo.
2062 561 2108 590 Ex
2130 559 2189 589 hoo

242 603 310 632 loco
329 603 439 631 Gellius
456 603 493 630 X.
515 612 539 631 e.
556 602 606 633 25.
631 601 846 637 emendandm,
871 602 950 640 apud
975 612 1060 640 quem
1085 612 1140 641 pro
1163 602 1342 641 mmigravi,
1358 599 1461 642 falces
1484 601 1641 639 legendum
1667 603 1806 638 rumices,
1829 602 1958 644 trifaces.
1993 603 2108 632 Glossis
2131 603 2188 632 alio

243 645 410 684 significatu
436 646 548 672 Ramex
571 641 711 674 λάπαθον
735 654 768 671 ac
791 644 976 682 Lapathium.
1006 643 1109 673 Gotlz.
1147 645 1273 674 Glossis:
1298 643 1426 683 Sparus,
1451 641 1531 678 εἶδος
1555 641 1707 675 ἀκοντίου.
1754 643 1860 674 Idem.

407 686 621 715 Rumitant.
669 688 692 713 A
716 697 797 715 rumo
823 687 1074 725 frequentativum
1098 689 1220 725 ramiro,
1257 691 1291 715 ut
1312 685 1430 726 afero,
1457 685 1562 727 ferito.
1609 687 1717 716 Versus
1740 687 1857 725 Naevii,
1894 687 1943 725 qui
1966 688 2122 717 Saturnius
2143 692 2188 717 est

244 731 293 768 (cf.
318 730 416 759 Herm.
441 729 532 757 Elem.
555 728 651 757 doctr.
675 733 760 757 metr.
783 739 848 768 pag.
864 732 965 766 636.):

862 771 970 800 Simitu
993 770 1070 800 alius
1092 771 1211 801 aliunde
1234 772 1374 800 rumitant
1397 772 1470 800 inter
1492 783 1529 803 se,

244 815 316 843 Vide
339 813 516 842 adrumavit.
539 813 625 842 Dac.
660 812 899 850 Rumigeraniur.
929 814 1002 842 Inde
1019 814 1224 854 rumigerulus,
1249 814 1360 842 Glossis
1374 812 1535 853 θρυλήτης.
1571 814 1712 843 Dicebant
1735 820 1831 844 autem
1855 820 1969 844 veteres
1991 824 2051 844 non
2073 818 2188 844 tantum

243 857 450 895 Rumigerare,
474 861 507 884 ut
528 855 594 890 hic,
617 857 668 884 sed
692 862 720 885 et
742 855 946 893 Ramisi-rme,
970 858 1007 885 de
1030 867 1089 895 quo
1112 858 1180 885 vide
1202 858 1328 885 Nonium
1352 856 1429 896 (pag.
1445 860 1514 888 166.
1537 857 1648 895 Mem).
1676 856 1779 887 Goth.
1817 857 1862 888 Se.
1894 859 1971 886 Sere.
2017 856 2126 886 Idem.

404 897 638 928 Ruminalis.
683 899 778 927 Infra:
817 898 919 928 Ficum
944 898 1115 928 ruminalem
1139 898 1317 939 appellatam
1341 901 1383 928 ait
1408 898 1505 928 Varro
1528 911 1546 928 a
1568 898 1722 935 veteribus,
1759 899 1839 940 quod
1861 899 1913 929 sub
1936 911 1969 929 ea
1992 899 2096 929 arbore
2116 897 2188 939 lupa

241 952 399 970 mammam
414 939 508 969 Remo
529 948 554 968 et
572 939 701 970 Romulo
726 940 843 972 dederit.
877 941 1015 970 Illamma
1039 949 1131 970 autem
1149 941 1255 970 Rumis
1278 941 1396 970 dicitur.
1434 940 1517 969 Unde
1539 953 1630 980 agnos
1654 948 1757 970 veteres
1779 941 1932 971 subrumos
1953 941 2114 979 vocabant,
2135 941 2188 981 ‚qui

241 983 294 1012 sub
317 984 452 1011 mammis
475 991 581 1020 essent,-
604 983 658 1011 alii
682 991 775 1012 autem
799 991 881 1019 sunt,
905 986 961 1024 qui¹
974 991 1091 1024 putent,
1114 983 1193 1023 quod
1215 984 1266 1012 sub
1289 995 1322 1012 ea
1343 995 1430 1023 pecus
1454 986 1597 1012 ruminari
1617 983 1736 1013 solitum
1759 992 1837 1014 esset.
1862 984 1963 1014 Scal.
1997 983 2188 1013 Ruminalem

236 1027 338 1065 ficum.
383 1026 459 1054 Duas
484 1026 653 1054 Ruminales
677 1026 749 1054 ficus
773 1027 864 1054 fuisse
889 1032 1002 1055 certum
1027 1031 1084 1062 est,
1116 1027 1238 1054 alteram
1262 1027 1290 1054 in
1313 1026 1469 1062 Germalo,
1494 1027 1548 1054 sub
1573 1037 1630 1065 qua
1655 1027 1762 1055 Remus
1786 1033 1814 1056 et
1836 1028 1978 1055 Romulus
2003 1037 2018 1055 a
2041 1026 2111 1065 lupa
2132 1036 2188 1054 nu-

242 1069 319 1104 triti,
343 1068 463 1097 alteram
487 1069 518 1096 in
539 1069 674 1104 comitio,
701 1079 774 1107 quae
798 1070 919 1107 proprie
942 1069 1034 1098 Navia
1058 1069 1218 1097 dicebatur.
1264 1070 1424 1107 Utramque
1447 1069 1476 1097 in
1501 1075 1602 1097 octava
1627 1069 1709 1097 urbis
1732 1070 1849 1108 regione
1873 1070 1958 1108 ponit
1981 1069 2098 1098 Victor:
2129 1067 2188 1096 Fi-

242 1122 292 1139 cus
313 1109 484 1139 Ruminalis
506 1118 531 1139 et
554 1110 705 1150 Lupercal
725 1112 853 1150 vir-ginis.
892 1110 1034 1140 Columna
1058 1123 1122 1140 cum
1146 1119 1242 1140 statua
1266 1111 1313 1140 M.
1337 1110 1438 1141 Ludii.
1475 1112 1553 1140 Haec
1576 1117 1619 1140 est
1642 1122 1711 1140 vera
1733 1113 1905 1142 Ruminalis.
1953 1111 2050 1149 Pergit
2070 1111 2188 1140 Victor:

241 1151 330 1182 Ficus
350 1152 521 1182 Ruminalis
543 1154 573 1182 in
596 1154 729 1189 comitio,
762 1153 811 1182 ubi
833 1161 859 1182 et
881 1153 1032 1193 Lupercal
1053 1153 1151 1182 Aecles
1175 1153 1293 1182 Veiovis
1315 1155 1389 1182 inter
1410 1165 1506 1182 arcem
1530 1162 1555 1182 et
1581 1153 1756 1193 Capitolium
1777 1166 1868 1194 prope
1887 1153 1999 1193 asylum
2045 1154 2124 1183 Haec
2146 1157 2189 1181 est

241 1194 315 1224 ficus
338 1196 439 1224 Navia.
471 1197 508 1224 At
531 1196 567 1224 de
591 1197 681 1224 Navia
707 1197 764 1224 ficu
787 1197 844 1224 ian]
867 1206 955 1235 supra
980 1197 1038 1232 egit
1062 1197 1173 1225 Festus.
1206 1196 1259 1224 Hic
1280 1197 1372 1234 igitur
1395 1197 1430 1224 de
1453 1207 1522 1225 vera
1546 1197 1602 1225 ficu
1627 1197 1777 1225 Ruminali
1800 1198 1863 1225 eius
1887 1197 1976 1225 verba
1997 1195 2188 1234 intelligenda

243 1243 325 1274 sunt,
357 1239 437 1276 quod
460 1243 488 1266 et
511 1239 580 1267 olim
605 1239 810 1267 animadvertit
831 1249 952 1276 magnus
976 1239 1135 1267 Salmasius
1159 1239 1189 1266 in
1216 1239 1480 1268 exercitationibus
1505 1239 1662 1276 Plinianis,
1699 1239 1749 1268 ubi
1774 1240 1867 1268 multa
1890 1239 1977 1269 docte
2000 1243 2028 1268 et
2051 1242 2189 1267 accurate

243 1281 279 1308 de
301 1285 426 1318 utraque
450 1280 506 1309 ficu
531 1282 700 1317 annotavit,
732 1281 783 1310 sed
806 1282 889 1320 queis
912 1282 1044 1310 nondum
1069 1281 1140 1309 mihi
1164 1281 1206 1309 uti
1232 1282 1395 1319 contigerat
1420 1292 1486 1310 cum
1509 1282 1615 1311 horum
1639 1283 1783 1311 librorum
1808 1283 1938 1311 decimus
1961 1286 2085 1320 quartus
2107 1282 2187 1320 typis

241 1323 447 1353 mandabatur.
487 1323 565 1352 Haec
588 1325 663 1352 enim
688 1325 749 1353 sere
770 1324 832 1352 sine
855 1324 937 1352 libris
960 1324 1130 1360 scribimus,
1161 1334 1234 1361 quos
1259 1326 1353 1362 patria
1377 1325 1462 1361 longe
1487 1323 1568 1353 dulci
1591 1323 1707 1353 distinet
1729 1326 1759 1353 in
1783 1324 1879 1354 domo.
1920 1324 2020 1360 Quare
2044 1329 2088 1353 est
2109 1329 2188 1353 certe

242 1366 321 1403 quod
343 1366 504 1404 gaudeam,
544 1377 588 1395 me
618 1367 649 1394 in
672 1367 765 1396 Navia
795 1366 852 1394 ficu
878 1372 981 1395 contra
1005 1372 1131 1395 mentem
1155 1366 1295 1403 Scaligeri
1318 1366 1493 1395 illustranda
1518 1372 1547 1394 et
1570 1367 1721 1406 putanda,
1756 1368 1839 1395 iuxta
1863 1367 1960 1396 virum
1984 1367 2186 1396 doctissimum

241 1408 302 1436 sere
325 1418 379 1446 per
402 1409 498 1437 omnia
521 1410 563 1437 sic
586 1410 718 1440 sensisse.
763 1409 832 1438 Eius
860 1409 948 1437 verba
975 1410 1005 1438 iu
1030 1410 1085 1437 tine
1108 1409 1272 1444 addentur,
1310 1414 1344 1437 ut
1367 1419 1400 1437 ea
1424 1419 1491 1437 cum
1514 1409 1572 1436 illis
1596 1419 1671 1446 quae
1693 1409 1723 1437 in
1745 1409 1845 1438 Navia
1868 1409 1948 1438 dicta
1971 1414 2055 1445 sunt,
2091 1409 2188 1437 lector

242 1451 376 1479 conferre
399 1452 500 1489 possit.
540 1452 705 1481 Redeamus
729 1451 764 1479 ad
789 1452 915 1481 Festum.
959 1452 1008 1480 Ait
1030 1451 1118 1480 ficum
1143 1451 1325 1479 Ruminalem
1350 1461 1443 1490 prope
1466 1451 1579 1480 curiam
1602 1451 1712 1488 fuisse,
1744 1456 1773 1480 at
1795 1451 1877 1480 curia
1900 1452 1931 1480 in
1954 1451 2081 1480 comitio.
2120 1451 2187 1479 Non

240 1497 338 1531 potest
359 1493 450 1531 igitur
472 1493 545 1523 haec
568 1505 630 1523 esse
652 1505 723 1523 vera
745 1494 818 1522 ficus
842 1495 1019 1531 Ruminalis,
1058 1504 1133 1532 quae
1162 1494 1191 1521 in
1216 1494 1372 1531 Germa103
1408 1493 1467 1522 hoc
1489 1504 1548 1522 non
1570 1494 1670 1532 potuit
1692 1494 1869 1533 scrupulum
1893 1504 1993 1523 creare
2015 1493 2186 1522 doctissimo

241 1536 399 1573 salmasio,
424 1537 474 1575 qui
497 1538 733 1576 supplementum
756 1537 832 1564 Festi
856 1547 1017 1574 numquam
1041 1537 1134 1573 vidit,
1158 1535 1290 1574 adeoque
1313 1547 1350 1564 ex
1373 1536 1433 1564 sola
1458 1541 1572 1564 tantum
1595 1537 1721 1575 epitome
1743 1536 1887 1565 iudicavit
1905 1536 1955 1564 hic
1977 1536 2014 1565 de
2035 1546 2106 1564 vera
2127 1535 2187 1564 ficu

240 1578 388 1607 Ruminali
411 1589 426 1606 a
449 1580 535 1608 Festo
559 1584 657 1608 actum
680 1580 778 1608 fuisse.
823 1579 854 1607 ln
879 1580 1006 1617 epitome
1028 1588 1100 1607 vero
1124 1577 1199 1606 nihil
1223 1584 1266 1606 est
1288 1579 1367 1616 quod
1391 1588 1449 1606 non
1472 1579 1593 1616 utrique
1616 1578 1685 1606 ficui
1710 1588 1800 1616 aeque
1824 1579 1987 1608 conveniat.
2031 1578 2072 1607 De
2094 1579 2188 1607 Navia

240 1621 317 1649 enim
341 1621 399 1650 ficu
422 1621 499 1650 idem
525 1622 663 1650 dicebant
686 1622 765 1660 quod
790 1622 826 1649 de
850 1622 1008 1650 Ruminali.
1053 1621 1146 1650 Tacit.
1170 1621 1275 1649 Annal.
1292 1622 1373 1650 XtH.
1398 1621 1527 1658 (c.58.):
1562 1619 1670 1649 Eodem
1694 1632 1770 1650 anno
1791 1619 1980 1650 Ruminalem
2004 1619 2134 1650 arborem
2156 1621 2187 1649 in

241 1664 374 1700 comitio,
398 1675 473 1704 quae
494 1676 578 1703 super
601 1666 779 1703 octingentos
802 1671 828 1692 ei
851 1665 972 1703 triginta
995 1670 1061 1692 anie
1084 1674 1192 1699 annos,
1217 1662 1304 1692 Remi
1326 1662 1504 1703 Romulique
1524 1663 1684 1704 infantiam
1707 1670 1822 1692 texerat
1844 1668 1898 1692 etc..
1934 1664 1975 1691 De
1997 1663 2090 1691 Navia
2112 1663 2188 1691 enim

240 1705 382 1744 loquitur.
426 1707 484 1735 Sed
508 1707 610 1735 Festus
636 1705 752 1736 Curiam
775 1707 950 1745 simpliciter
973 1706 1065 1742 dixit,
1089 1716 1175 1744 quam
1199 1706 1248 1734 alii
1275 1704 1392 1735 Curiam
1416 1704 1596 1743 Hostilium,
1623 1716 1697 1744 quae
1721 1705 1837 1734 diversa
1861 1710 1905 1734 est
1926 1705 1962 1734 ab
1985 1705 2076 1734 altera
2099 1705 2188 1734 Curia

242 1758 328 1785 quam
351 1747 569 1788 βουλευτήριον
584 1749 690 1777 Graeci
705 1754 830 1787 vocant3
856 1747 946 1779 Curia
961 1747 1111 1779 Hostiliae
1132 1747 1185 1777 sub
1208 1748 1363 1786 veteribus,
1386 1748 1426 1776 ita
1450 1753 1570 1778 notatur
1591 1749 1623 1777 in
1646 1748 1847 1787 descriptione
1872 1748 1970 1784 urbis,
1993 1747 2043 1776 ubi
2062 1747 2135 1777 haec
2158 1752 2189 1777 et

243 1790 302 1820 illa.
348 1792 396 1821 Sic
419 1792 495 1820 enim
518 1792 548 1820 in
570 1792 648 1821 Vlll.
671 1793 806 1830 regione:

967 1833 1063 1865 Curia.

966 1876 1054 1906 Curia
1079 1876 1213 1906 Hostilia
1236 1876 1288 1906 sub
1311 1876 1460 1906 veteribus.

246 1915 331 1946 Dae.
362 1918 532 1949 Ruminalis
555 1918 635 1949 dicta
659 1921 802 1957 esi-ficus.
841 1921 883 1948 De
905 1930 963 1958 qua
986 1920 1054 1948 vide
1078 1930 1167 1959 supra
1190 1921 1220 1948 in
1243 1918 1414 1948 Romulum.
1452 1918 1569 1950 Rumis.
1599 1919 1722 1949 [tumus.
1763 1919 1821 1947 Alii
1842 1917 1943 1947 Ruma
1966 1923 1999 1948 ut
2021 1919 2102 1959 apud
2122 1919 2188 1948 No-

247 1957 326 1986 nium
350 1959 427 1998 (pag.
442 1965 510 1993 167.
536 1962 649 1999 Mera).
689 1961 812 1991 Haedos
834 1962 995 1991 subrumos.
1034 1963 1109 1991 Vide
1131 1962 1223 1990 infra:
1256 1961 1429 1990 subrumari
1453 1961 1590 1991 dicuntur
1612 1960 1707 1990 haedi.
1754 1959 1858 1990 Goth.

406 2002 551 2032 Rumen.
596 2005 700 2033 isidor.
724 2005 784 2041 (lib.
797 2005 849 2033 XI.
874 2016 939 2043 cap.
955 2008 983 2036 1.
1006 2015 1028 2033 s.
1046 2006 1101 2042 v,):
1141 2004 1255 2033 Rumen
1277 2005 1449 2044 proximum
1472 2002 1651 2039 curculioni,
1685 2015 1742 2044 quo
1766 2003 1847 2033 cibus
1869 2011 1895 2032 et
1914 2011 2001 2043 potus·
2023 2002 2185 2033 devoratur.

246 2041 284 2069 Et
304 2042 385 2072 Serv.
410 2045 446 2072 ad
466 2046 541 2073 illud
565 2047 670 2086 (Virg.)
690 2048 787 2084 Eclog.
807 2048 858 2083 Vl,
882 2048 971 2085 (54.):
995 2046 1142 2076 Pallentes
1164 2049 1292 2075 ruminat
1312 2045 1424 2075 herbas.
1457 2045 1647 2082 Ruminaiio,
1670 2046 1782 2084 inquit,
1807 2044 1890 2075 dicta
1911 2053 1952 2075 est
1973 2057 1993 2074 a
2014 2057 2098 2075 ruma
2119 2047 2188 2075 emi-

247 2090 328 2111 nente
347 2087 472 2122 gutturis
497 2096 596 2125 parte,
632 2101 683 2128 per
712 2101 800 2129 quam
826 2089 966 2118 demissus
989 2089 1070 2118 cibus
1092 2101 1110 2118 a
1133 2090 1218 2118 certis
1239 2096 1390 2118 revocatur
1412 2087 1598 2117 animalibus.
1641 2087 1742 2117 Rama
1765 2093 1862 2117 autem
1886 2093 1916 2118 et
1937 2099 2036 2117 rumen
2058 2099 2074 2117 a
2096 2086 2186 2128 ῥύμη,

246 2132 371 2162 tractus,
396 2127 451 2156 via.
475 2128 525 2155 Da
535 2141 559 2158 c.
594 2131 666 2160 Vide
689 2132 814 2160 Nonium
839 2132 916 2171 (pag.
932 2135 980 2164 18.
1005 2131 1105 2171 Merc.)
1128 2131 1158 2159 in
1182 2131 1306 2160 Rumen.
1342 2129 1481 2160 Rumare.
1514 2131 1588 2159 Vide
1611 2141 1701 2168 supra
1722 2129 1913 2160 Adrumavit.
1945 2131 1983 2160 Et
2003 2131 2080 2160 infra
2103 2129 2187 2160 Sab-

249 2169 366 2196 rumari.
403 2169 514 2197 Glossis
529 2170 640 2201 Rumat
656 2174 875 2214 ἐμβρωματίζει.
902 2173 1075 2203 Ruminare.
1108 2174 1183 2203 Vide
1200 2174 1328 2202 Nonium
1344 2174 1375 2201 in
1389 2172 1567 2209 Ruminare,
1591 2171 1753 2210 Ruminat,
1776 2171 1956 2202 Ruminatur
1971 2172 2013 2213 (p.
2027 2173 2098 2205 471.
2115 2174 2186 2205 480.

248 2208 358 2248 Mem).
404 2208 507 2240 Goth.

412 2251 640 2284 Rumentum.
684 2257 755 2294 Eget
776 2259 947 2298 interprete.
979 2257 1065 2287 Ant.
1090 2257 1185 2297 Aug.
1230 2259 1407 2286 Rumentum
1433 2258 1466 2286 in
1490 2257 1689 2295 auguralibus
1717 2257 1880 2296 significare
1908 2257 2003 2287 videri
2027 2258 2069 2287 ait
2090 2257 2185 2287 abru-

248 2293 390 2332 ptionem,
426 2295 494 2323 dum
522 2296 610 2323 verba
635 2297 708 2325 Anci
735 2302 873 2337 exponit:
911 2301 935 2329 si
959 2300 1117 2339 posterime
1140 2301 1203 2329 avis
1225 2301 1354 2334 canerit,
1391 2305 1422 2329 ut
1446 2300 1577 2338 auspicio
1600 2300 1724 2337 augurio
1746 2305 1916 2330 rumentum
1938 2300 1986 2330 sit.
2028 2299 2186 2329 Pescen-ime

250 2335 297 2363 vel
318 2337 486 2374 poster-rime
508 2343 550 2366 est
572 2343 728 2376 postremo.
769 2341 900 2378 Gener-it,
925 2343 1074 2371 cecinerit.
1115 2343 1207 2371 Etiam
1231 2343 1389 2371 Sallustius
1413 2341 1604 2380 (Oceanuere.
1638 2342 1783 2380 Fragmm.
1805 2353 1842 2372 ex
1866 2343 1941 2372 Hist.
1962 2342 2013 2372 lib.
2026 2342 2048 2370 1.
2071 2351 2119 2370 no.
2131 2343 2182 2373 38.

251 2377 302 2406 ubi
325 2378 363 2407 cf.
388 2379 536 2417 Gerlach.)
557 2380 633 2408 dixit
653 2392 774 2409 canuere
796 2393 849 2419 pro
872 2386 1004 2413 cecinere.
1049 2386 1223 2423 Suspectum
1247 2390 1290 2414 est
1311 2395 1419 2414 nomen
1440 2385 1529 2420 Anci,
1559 2389 1586 2412 et
1608 2385 1708 2423 potius
1730 2386 1772 2413 ita
1793 2390 1894 2424 putem
1916 2384 2082 2423 legendum:
2111 2381 2184 2411 Ru-

252 2427 376 2450 menium
400 2422 432 2450 in
447 2421 652 2461 Auguralibus
673 2424 838 2463 signficare
859 2425 971 2454 videtur·
992 2425 1207 2465 abruptionem:
1232 2427 1308 2456 Dum
1330 2427 1460 2456 verberat
1475 2425 1665 2456 Anciliorum
1686 2428 1826 2463 aerimen,
1853 2427 1915 2456 avis
1936 2426 2046 2455 canerit
2066 2425 2182 2462 interea,
