2263 2668
540 137 604 171 DE
630 136 1019 174 SIGNIFICATIONE
1046 135 1331 172 VERBORUM.
1388 138 1535 175 LIBER
1559 139 1617 174 IV.
1972 143 2047 178 4⁰3

261 229 459 270 Depubem.
503 231 615 261 Porcus
645 232 696 270 qui
725 232 896 262 trucidatur
924 230 994 259 dum
1025 229 1115 258 lactet
1144 234 1173 258 et
1199 229 1239 259 ita
1260 229 1350 270 pubes
1372 231 1434 261 fieri
1459 232 1644 272 prohibetur.
1689 233 1743 262 Pro
1766 230 1924 263 lactantem
1946 235 2046 274 legen-

99 273 170 303 dum
194 273 315 302 omnino
339 271 507 310 lactentem,
537 275 568 302 id
592 279 635 304 est
658 275 703 303 lac
726 280 886 313 sugentem.
933 273 967 302 Et
989 272 1030 300 ita
1053 272 1083 300 in
1107 272 1185 302 MSS.
1230 272 1316 302 Dac.

263 316 439 345 Decoies.
483 317 513 345 L.
539 327 575 345 m.
599 316 696 346 addit:
729 318 867 354 Decotes,
899 315 1086 345 Decuriones.
1114 313 1213 343 Fqu.
1242 315 1318 344 Urs.
1362 317 1418 346 Alii
1446 318 1588 354 necatos,
1621 317 1705 356 quasi
1726 317 1788 348 sine
1811 322 1877 347 cute
1897 324 1927 348 et
1948 320 2044 350 flocco

101 359 148 387 vel
169 358 278 394 ssacc03
312 358 390 386 unde
416 359 583 388 Dessoccai·e
602 360 700 388 Nonio
724 362 803 399 (pag.
815 363 844 392 7.
868 359 956 387 Merc.
981 357 1030 385 ubi
1057 357 1164 395 legitur
1180 358 1391 397 Deflaccare.).
1439 358 1544 389 Goth.

264 402 470 441 Dictynna.
516 402 650 430 Ridicule
677 403 781 431 Festus
810 403 984 440 Dictynnam
1016 400 1115 428 lunam
1147 400 1254 428 dictam
1286 406 1389 438 putat,
1432 402 1514 440 quasi
1545 412 1621 441 quae
1650 402 1730 430 dicat
1758 407 1786 430 et
1813 402 1923 432 indicet
1952 410 2044 435 noctu

99 442 207 471 omnia.
254 444 398 482 Dictynna
429 444 504 473 enim
528 445 676 473 Graecum
700 450 744 474 est
767 450 795 474 et
817 445 859 473 sic
882 444 960 472 dicta
982 442 1072 471 Diana
1095 453 1110 470 a
1132 442 1246 471 retibus
1269 444 1445 481 venatoriis,
1484 455 1559 483 quae
1584 446 1698 474 Graece
1720 445 1824 476 δίκτυα
1846 450 1879 474 ut
1902 447 1938 476 de
1960 458 2045 486 nym-

100 484 159 524 pha
183 485 356 515 Britomarti
380 486 468 516 docet
491 487 690 516 Callimachus
712 488 813 527 hymn.
836 487 865 516 in
888 486 1019 515 Dianam:

592 548 630 553 —
675 547 717 553 —
760 547 801 552 --
844 530 891 560 καὶ
913 529 1040 567 ἔνθορεν
1064 527 1105 563 εἰς
1128 524 1240 566 ἄλιήων

593 573 723 609 Aluum,
747 570 782 603 τὰ
806 570 861 610 σφ’
885 569 1028 607 ἐσάωσεν,
1061 568 1136 600 ὅθεν
1159 569 1308 606 μετέπειτα
1334 567 1476 606 Κύδωνες

596 612 731 653 Νύμφαν
754 615 805 654 μὲν
830 615 1016 651 Δίκτυνναν,
1049 611 1120 651 ὅρος
1142 607 1171 643 δ’
1197 610 1270 643 ὅθεν
1292 611 1382 651 ἥλατο
1406 611 1509 653 νύμφη

592 661 738 689 Δικταῖον
760 657 908 688 καλέουσι.

101 697 185 726 Hanc
208 697 379 726 Callimachi
407 697 560 727 historiam
591 706 693 730 narrat
716 700 894 729 Scholiastes
916 697 1123 737 Aristophanis
1150 697 1181 726 in
1206 699 1329 737 Βατραχ.
1352 708 1381 737 p.
1395 699 1466 730 275.
1492 696 1544 727 sed
1573 697 1653 737 apud
1681 707 1747 727 euni
1776 702 1916 736 corrupte
1944 698 2042 737 βρετι-

100 738 213 780 μάρτυς
234 751 289 779 pro
314 739 512 780 βριτομάρτυς
534 742 658 780 legitur3
686 749 716 772 tu
741 743 870 771 monitus
893 741 1024 771 emenda.
1070 740 1156 770 Duc.

264 782 528 814 Deblaterare.
577 785 649 814 Vide
672 785 832 816 Blaterare.
857 785 942 815 Dac.
974 781 1194 812 Deblacterare.
1226 782 1321 811 Nonio
1345 783 1423 821 (pag.
1436 784 1486 814 96.
1502 782 1604 821 Mero.)
1630 783 1821 812 Deblaterare
1844 786 1887 810 est
1913 782 2046 821 obloqui,

101 824 276 863 confingere.
304 824 409 855 Goth.
454 825 602 863 Βλάκας
624 827 728 857 stultos
750 826 908 868 appellunt.
956 826 1068 855 Glossis
1090 823 1182 865 βλάξ
1204 826 1338 862 iactans,
1369 825 1511 864 βλακία
1533 826 1673 863 iactatio3
1707 830 1736 855 et
1758 821 1867 865 βλαρός
1889 823 1994 854 stultus
2016 829 2047 856 et

100 866 254 897 Blatemre
275 871 487 909 ματαιολογεῖν.
531 869 623 899 Blato
646 871 854 911 ματαιολόγος.
897 868 1004 898 Idem.

265 911 535 942 Dicae-archia.
578 913 766 942 Dicearclzia.
803 913 908 941 Melius
930 917 963 941 ut
984 913 1014 940 in
1039 910 1169 949 margine
1186 908 1405 939 Dicaearchia:
1428 920 1495 938 nam
1520 910 1631 938 Graece
1655 909 1834 948 δικαιαρχία.
1870 909 2047 948 Campaniae

100 951 194 980 felicis
216 953 288 981 urbs
310 954 435 982 Puteoli.
479 955 558 983 Idem
589 956 724 984 scribunt
746 956 868 992 Strabo,
908 955 1064 984 Pausanias
1087 959 1115 982 et
1138 952 1305 993 Stephanus
1328 952 1380 991 qui
1403 953 1489 982 etiam
1512 953 1658 981 Dicaeam
1682 957 1778 982 vocat.
1824 950 1929 981 Minor
1952 950 2047 982 Delos

100 994 186 1022 etiam
210 995 298 1025 dicta.
344 996 419 1025 Vide
441 998 579 1026 minorem
602 997 721 1027 Delum.
765 998 853 1026 Dac-

266 1038 399 1076 Δῆμοι.
445 1041 564 1069 Demoe.
597 1042 726 1079 Antique
745 1051 800 1080 pro
823 1039 934 1077 demoi,
957 1044 990 1068 ut
1011 1036 1132 1079 poploe,
1153 1036 1271 1077 poploi,
1294 1035 1395 1076 popli,
1418 1042 1451 1065 ut
1475 1037 1543 1065 alibi
1567 1037 1697 1073 dictum,
1721 1034 1819 1064 demoe
1841 1040 1935 1064 autem
1957 1036 2047 1065 Grae-

101 1088 170 1107 cum
192 1085 235 1108 est
258 1083 356 1119 ὸῆμοι.
401 1082 433 1109 ln
459 1081 556 1112 demes
579 1083 675 1112 Attica
705 1083 911 1119 dividebatur,
950 1092 1007 1121 qua
1036 1081 1073 1110 de
1100 1091 1131 1109 re
1162 1080 1230 1109 vide
1260 1080 1423 1108 doctissimi
1446 1079 1566 1108 Meursii
1596 1079 1726 1108 libellum
1757 1079 1792 1106 de
1823 1079 1942 1117 populis
1969 1078 2046 1107 Atti-

100 1131 161 1150 cae.
205 1122 290 1151 Dae.

265 1166 368 1196 Dice.
415 1166 447 1194 [n
470 1167 562 1196 veteri
585 1167 728 1205 editione,
761 1168 838 1197 Dice
858 1178 912 1207 pro
937 1165 1044 1196 dicam.
1084 1166 1182 1194 Recte.
1223 1163 1388 1202 Legendum
1413 1164 1490 1193 enim
1517 1164 1633 1198 Dicem,
1666 1172 1721 1201 pro
1745 1162 1861 1198 Dicam3
1893 1162 1933 1190 sic
1958 1171 2049 1200 supra

100 1204 253 1245 Attingem
274 1219 329 1247 pro
351 1208 518 1248 Attingam.
563 1211 617 1239 Ubi
641 1210 744 1239 similis
767 1221 864 1247 error,
895 1209 1035 1248 Attinge‚
1066 1218 1122 1247 pro
1145 1207 1318 1246 Attingem:
1352 1212 1385 1236 ut
1406 1206 1455 1235 hic
1479 1208 1573 1244 Dice,
1604 1216 1659 1244 pl'o
1683 1205 1803 1233 Dicam.
1845 1204 1950 1232 Dicem
1976 1213 2046 1242 ergo

101 1249 231 1277 secunda
254 1251 460 1288 coniugatione
483 1257 512 1281 et
534 1251 636 1281 dicebo
659 1253 739 1291 apud
759 1258 884 1281 veteres.
928 1252 1041 1280 Nonius
1063 1253 1106 1289 (p.
1120 1251 1192 1283 507.
1217 1250 1337 1288 Merc.):
1364 1248 1510 1287 Primum,
1538 1247 1618 1289 quod
1640 1246 1741 1277 dicebo
1764 1254 1851 1283 recte,
1874 1244 2042 1283 secundum,

101 1289 182 1330 quod
204 1290 321 1329 dicebo,
345 1305 376 1322 eo
399 1292 510 1323 melius.
535 1294 632 1324 Scal.
657 1296 712 1324 Pro
733 1291 795 1331 dic,
823 1296 916 1324 Plaut.
938 1294 1057 1322 Mercat.
1074 1294 1101 1329 I,
1126 1296 1161 1328 2,
1187 1293 1285 1330 (47,):

722 1336 802 1375 Quid
823 1345 863 1367 est
886 1337 976 1376 igitur
997 1334 1077 1376 quod
1099 1333 1169 1365 vis?
1201 1335 1330 1371 Dicam,
1358 1332 1430 1363 dice.

102 1374 176 1404 Vide
205 1375 303 1405 locum
327 1378 428 1407 Naevii
457 1379 487 1408 in
517 1389 590 1409 voce
620 1381 783 1409 summussi.
827 1379 885 1408 Sed
913 1379 942 1407 in
971 1378 1063 1408 veteri
1094 1378 1165 1406 edit.
1186 1377 1295 1415 legitur
1318 1376 1383 1406 dice
1402 1387 1456 1416 pro
1480 1373 1586 1404 dicam.
1632 1375 1721 1403 Recte
1744 1373 1832 1402 inodo
1854 1373 1932 1410 legas
1956 1371 2048 1402 dicem

100 1427 157 1456 pro
178 1416 286 1450 dicam.
326 1420 400 1449 Vide
422 1422 541 1462 attinge.
571 1422 662 1452 Dac.
705 1423 784 1452 Dice
805 1433 862 1462 pro
886 1422 985 1450 Dicem
1009 1420 1108 1460 (unde
1130 1420 1227 1449 Nonio
1252 1418 1379 1458 Dicebo)
1404 1419 1451 1448 alii
1472 1429 1528 1457 pro
1552 1418 1671 1453 Dicam,
1703 1417 1787 1446 male.
1828 1415 1860 1444 V.
1882 1425 1905 1444 S.
1926 1414 2051 1455 Attinge

100 1470 154 1498 pro
175 1460 342 1501 Attingam.
391 1462 495 1493 Goth.

265 1506 505 1538 Decermina.
552 1507 745 1546 Purgationes
768 1506 806 1535 ad
828 1506 992 1546 placandos
1015 1507 1091 1535 Deos
1112 1505 1177 1534 fieri
1199 1505 1312 1534 solitae.
1345 1503 1402 1533 Sed
1427 1513 1486 1532 non
1511 1505 1630 1531 constat
1651 1500 1803 1540 quomodo
1826 1503 2050 1538 peragerentur:

101 1553 171 1574 nam
187 1548 309 1585 proprie
332 1546 497 1578 ‹lecet-mina
519 1550 556 1580 de
578 1550 735 1579 frondibus
758 1549 796 1578 ad
818 1549 1006 1578 lustrandum
1030 1548 1186 1587 decerptis.
1231 1548 1267 1576 Et
1290 1547 1389 1576 forsan
1414 1546 1449 1575 de
1473 1546 1507 1574 iis
1531 1545 1645 1573 Festus.
1691 1544 1745 1572 Da
1757 1555 1780 1573 c.

267 1591 526 1622 Desertiones.
569 1593 761 1622 Disertiones.
800 1591 927 1620 Videtur
948 1591 1106 1628 legendum
1131 1590 1321 1618 Disortiones.
1359 1589 1433 1618 Vide
1454 1589 1532 1617 infra
1555 1588 1585 1616 in
1608 1585 1748 1624 Eretum3
1771 1589 1798 1615 et
1821 1583 1926 1613 Isidor.
1948 1582 2050 1615 lib.X·

103 1628 240 1665 Servius,
263 1630 370 1669 Ereto,
392 1633 506 1671 inquit,
528 1645 586 1663 non
610 1635 686 1671 cito,
714 1635 732 1662 ἰ.
754 1634 932 1673 patrimonio
952 1631 998 1662 vel
1018 1631 1175 1661 hereditate
1197 1643 1254 1660 non
1279 1631 1383 1660 divisa.
1409 1629 1508 1659 Fulv.
1537 1629 1612 1659 Urs.
1653 1624 1840 1667 Ἀρχαϊσμός,
1864 1635 1919 1664 pro
1943 1623 2051 1653 ‘lis-⁹⁰²¹·

104 1671 205 1700 tiones.
235 1673 355 1711 Apello,
380 1676 496 1714 Apollo.
522 1677 721 1705 Glossarium:
744 1677 894 1705 Dissorles
916 1674 1179 1714 διακληρωθέντες.
1211 1675 1261 1703 Est
1284 1679 1310 1702 et
1333 1674 1514 1702 Dissortium
1539 1668 1750 1710 ὄιαχωρισμός,
1775 1667 1925 1703 διάστασις
1948 1664 2051 1714 ὃσα-Ζ.

105 1712 226 1751 Antiqui
250 1725 304 1753 pro
328 1716 525 1747 dissei-tiones.
563 1718 635 1748 Sors
660 1724 757 1748 autem
778 1723 821 1747 est
844 1717 1010 1755 hereditas,
1034 1717 1256 1756 patrimonium.
1296 1716 1448 1745 Dissortio
1471 1715 1561 1745 sortis
1584 1713 1709 1750 divisio,
1732 1713 1809 1742 inter
1833 1713 1999 1745 consortes,
2020 1708 2052 1738 ld

105 1760 165 1791 θεῖ»
187 1756 355 1788 coheredes,
384 1760 455 1789 Vide
477 1773 548 1790 sors.
579 1762 650 1790 lnde
673 1761 808 1790 dissertio
832 1771 887 1799 pro
911 1760 1114 1790 controversia
1137 1765 1166 1788 et
1189 1759 1387 1788 contentione.
1413 1757 1508 1786 Gloss.
1534 1755 1686 1793 dissertio,
1709 1752 1941 1793 ἀμφισβήτησις.
1964 1750 2051 1781 Dae.

269 1801 578 1840 Dispensatores.
623 1804 777 1833 videndus
801 1803 896 1832 Varro
919 1804 970 1832 lib.
985 1803 1032 1832 lV.
1055 1803 1090 1832 de
1112 1803 1182 1839 ling.
1208 1802 1267 1831 Lat.
1293 1806 1321 1830 et
1348 1800 1418 1828 Plin.
1441 1799 1560 1835 lib.33‚
1584 1809 1609 1827 e.
1626 1802 1654 1831 3.
1698 1798 1772 1826 Vide
1797 1795 1933 1825 Pendere.
1952 1793 2053 1841 'Ani-

105 1839 196 1879 Aug.
227 1842 369 1872 Pecunias
392 1851 504 1875 veteres
529 1857 588 1875 non
612 1847 821 1882 numerabant,
846 1846 898 1875 sed
920 1846 1088 1885 pendebant
1110 1845 1218 1884 passim
1243 1845 1272 1872 in
1293 1843 1384 1872 sacris
1408 1846 1438 1870 et
1462 1842 1592 1880 profanis
1613 1841 1731 1870 litteris.
1768 1839 1862 1868 Huius
1885 1846 1974 1866 moris
1998 1845 2054 1883 ve·-

106 1883 224 1919 angium
248 1891 311 1915 erat
333 1888 361 1916 in
386 1890 457 1917 aede
477 1890 610 1925 sumni,
648 1890 698 1918 ubi
724 1889 835 1918 trutina
859 1876 966 1927 posita.
1012 1889 1106 1917 Varro
1130 1888 1180 1916 lib.
1193 1887 1240 1915 lv.
1266 1887 1323 1924 (l)e
1346 1886 1376 1914 L.
1396 1885 1427 1913 L.
1449 1885 1488 1921 V,
1514 1887 1582 1916 102.
1607 1885 1687 1922 Sp.):
1726 1881 1782 1912 Per
1811 1880 1950 1910 trutinam
1978 1874 2053 1905 solvi

106 1923 240 1962 solitum,
280 1930 430 1969 vestigium
460 1933 546 1960 eriam
580 1943 655 1960 nunc
682 1939 779 1960 manet
802 1933 831 1960 in
855 1930 926 1960 aede
949 1930 1088 1968 Saturni,
1126 1928 1206 1970 quod
1228 1940 1260 1957 ea
1282 1929 1367 1957 etiam
1391 1938 1468 1956 nunc
1487 1934 1605 1966 propter
1626 1936 1781 1965 pensuram
1805 1922 1943 1952 trutinam
1967 1917 2054 1948 habet

106 1969 242 2006 positam.
273 1972 296 1998 A
321 1973 475 2009 pendendo
499 1975 588 2012 igitur
611 1974 829 2013 dispensatores
852 1974 925 2003 dicii
948 1974 999 2011 qui
1023 1974 1162 2012 pecunias
1185 1972 1360 2011 pendebant.
1400 1969 1472 1998 Inde
1495 1979 1624 2008 eoepensa
1647 1978 1722 2006 quae
1745 1967 1780 1995 de
1803 1963 1934 2004 pondere
1958 1961 2053 1990 detra-

106 2009 236 2048 huntur,
268 2023 453 2052 compensata
476 2027 550 2054 quae
574 2017 688 2055 aequali
711 2017 844 2055 pondere
865 2017 940 2044 sacta
964 2020 1041 2046 sunt.
1088 2013 1310 2054 Compendinm,
1340 2022 1407 2041 cum
1431 2013 1567 2050 aequales
1590 2010 1703 2048 ah'quid
1727 2006 1862 2037 addendo
1885 2003 2054 2034 redduntur

106 2054 215 2082 lances.
260 2056 470 2094 Dispendium,
512 2060 651 2097 ponderis
679 2059 852 2095 diminutio,
891 2069 957 2087 cum
989 2057 1058 2096 quid
1082 2057 1205 2096 ponderi
1230 2055 1405 2084 detrahitur.
1452 2055 1544 2083 Varro
1570 2053 1619 2082 lib.
1630 2053 1680 2083 IV.
1700 2051 1760 2091 (V,
1786 2052 1854 2082 181.
1878 2045 1963 2085 ὃΡ-)ἰ
1999 2044 2053 2075 Ab

107 2095 204 2124 eodem
229 2109 292 2126 aere
313 2099 504 2137 impendendo
528 2101 725 2141 dispensalor‚
748 2109 773 2129 et
797 2103 826 2130 in
848 2100 958 2129 tabulis
981 2099 1134 2129 scr-ibimus
1157 2110 1330 2137 empensum,
1356 2106 1381 2126 et
1406 2096 1472 2125 inde
1492 2098 1588 2136 prima
1610 2094 1729 2135 pensio,
1751 2100 1777 2122 el
1796 2093 1839 2121 sic
1857 2096 1908 2118 aut
1924 2085 2053 2136 secu'mla

106 2146 158 2166 aut
181 2151 256 2179 quae
278 2139 355 2177 alio,
384 2150 409 2170 e!
431 2141 615 2181 dispendium
638 2142 702 2173 ideo
726 2142 805 2183 quod
828 2145 856 2172 in
881 2141 1077 2181 dispendemlo
1100 2141 1170 2170 soler
1194 2143 1288 2169 minus
1301 2142 1390 2180 fieri:
1424 2137 1626 2177 compendium
1649 2134 1730 2177 quod
1752 2128 2052 2181 cum'fflmpm‘llffl'ff

107 2192 165 2209 una
189 2183 234 2210 sit.
269 2183 341 2211 Vide
367 2185 438 2212 Plin.
462 2186 511 2213 lib.
525 2188 578 2221 30,
603 2188 668 2217 03⁴
706 2186 775 2213 lnde
797 2191 841 2213 est
865 2186 949 2214 etiam
975 2185 1054 2223 quud
1081 2195 1159 2212 nunc
1183 2184 1308 2212 ‹lii-imus
1326 2193 1436 2222 poenas
1455 2180 1592 2221 pendere,
1617 2179 1685 2218 quia
1709 2177 1746 2207 ob
1770 2176 1914 2208 dellclum
1939 2177 2051 2202 veteres

106 2226 261 2261 pecuniam
286 2236 343 2253 non
369 2233 569 2264 numeratam,
598 2228 648 2256 sed
673 2238 791 2266 pensam
814 2228 977 2256 solvebant.
1024 2227 1096 2256 Vide
1116 2225 1246 2266 pendere.
1292 2226 1379 2255 Dae.

271 2269 512 2308 Dispescere.
558 2271 631 2299 Vide
653 2281 836 2309 compescere.
883 2270 969 2300 Duc.

272 2312 490 2350 Despreius.
537 2314 610 2341 Gell.
631 2313 698 2349 Vll,
726 2315 772 2343 10.
821 2311 925 2341 Goth.
1938 2339 1942 2344 .
2001 2335 2030 2341 .-

269 2355 462 2383 Desiivare.
509 2356 598 2384 Vetus
622 2356 727 2384 editio:
753 2356 911 2391 Desinat-e,
934 2354 1059 2383 sortasse
1082 2353 1194 2382 melius.
1240 2351 1437 2381 Glossarium:
1467 2348 1639 2384 Desinaior‚
1665 2342 1845 2392 οἷβοήθητρς·
1886 2340 1943 2374 Qffl
1966 2335 2047 2385 ³0¹¹?

108 2397 153 2422 cet
175 2393 283 2424 desinit
306 2396 462 2426 destitutus
486 2408 550 2437 ope.
582 2399 689 2426 Tamen
714 2397 828 2426 dubito.
861 2398 933 2426 Nam
957 2402 983 2426 ct
1007 2397 1076 2425 alibi
1100 2396 1219 2434 legitur:
1244 2396 1303 2424 Die
1324 2401 1440 2429 suatur,
1464 2393 1628 2432 βοηθεῖτα,
1652 2400 1707 2429 pro
1730 2388 1902 2416 Deswatur,
1925 2380 2047 2419 βοηθει·

1497 2443 1592 2476 Eee
1619 2442 1638 2465 *
