2263 2668
205 182 279 217 412
628 172 971 210 COMMENTARII
996 172 1045 206 IN
1071 171 1213 206 PAULI
1239 172 1435 207 DIACONI
1461 173 1715 208 EXCERPTA

367 270 507 300 Eamus.
552 266 650 295 Potius
673 277 689 295 a
713 267 826 295 Graeco
850 265 960 303 ἕωμεν,
999 263 1034 292 ab
1058 263 1096 294 ἕω
1119 274 1170 301 eo,
1206 265 1292 294 vado.
1322 263 1412 295 Dae.
1456 265 1562 295 Modus
1586 266 1756 305 potentialis
1779 266 1947 296 Sanscritus
1970 269 2144 309 plerumque

207 314 394 345 coniunctivo
417 311 520 340 Latino
544 309 705 347 praesentis
733 307 911 347 respondet,
950 311 1132 346 quapropter
1154 308 1337 336 Sanscritum
1367 308 1438 347 ijam
1461 309 1634 338 Latinorum
1663 313 1707 338 est
1729 319 1801 337 eam.
1847 309 1914 338 Non
1940 310 2077 341 absimilis
2100 317 2145 341 est

206 358 300 398 prima
330 364 455 395 persona
484 352 610 391 pluralis
641 351 821 390 imperativi,
859 359 934 388 quae
966 359 1058 388 quum
1087 349 1118 378 in
1147 350 1298 379 Sanscrito
1329 360 1465 380 sermone
1493 352 1541 380 vel
1568 352 1669 380 aitlma
1698 351 1747 380 vel
1778 352 1876 390 idma‚·
1916 353 1995 391 apud
2024 355 2144 384 Latinog

206 411 303 429 eamus
325 401 416 426 sonat.

365 437 560 475 Europam.
603 436 785 473 Legendum:
808 434 845 463 Et
867 445 984 470 navem,
1008 445 1080 474 quae
1103 432 1180 463 lovis
1202 433 1320 463 tutelam
1344 434 1440 476 effigie
1463 435 1558 464 Tauri
1579 435 1719 465 habuerit.
1752 436 1878 473 Notum,
1903 436 1973 474 quid
1995 437 2034 466 sit
2054 437 2145 468 tutela

205 484 236 511 in
265 481 341 509 navi.
387 479 476 507 Vetus
506 479 696 517 glossarium:
740 476 844 506 Tutela
872 474 1055 515 παράσημον
1085 479 1138 507 τοῦ
1167 479 1283 507 πλοίου.
1328 478 1447 506 'sutelas
1479 478 1599 506 navium
1621 489 1636 506 a
1660 478 1856 507 Phoenicibus
1885 480 2050 514 παταίκους
2073 480 2144 518 dici,

205 528 308 553 auctor
330 521 501 550 Herodotus
524 521 593 557 (ΙΙΙ,
616 519 699 559 37.),
728 519 785 548 hoc
808 525 852 548 est
875 519 1040 548 caelaturas
1063 519 1112 549 καὶ
1134 517 1318 555 ἐκτυπώσεις.
1364 520 1423 555 Qui
1449 519 1592 549 Hebraice
1614 521 1685 557 scit,
1723 531 1782 549 non
1805 521 1922 558 negabit
1945 531 2049 550 verum
2072 532 2144 559 esse,

205 565 285 604 quod
308 564 443 593 dicimus.
487 564 558 591 Nam
589 573 673 591 nemo
705 563 805 601 paullo
835 562 953 590 doctior
981 561 1113 597 dubitat,
1151 561 1312 591 Phoenices
1336 562 1479 591 Hebraice
1509 563 1635 593 locutos.
1667 562 1767 592 Scal.
1813 563 1933 592 Veteres
1961 564 2011 592 alii
2033 564 2062 592 in
2085 569 2145 593 tres

203 612 317 647 partes,
354 607 384 634 in
408 607 481 634 duas
505 607 553 634 alii
576 610 668 634 totum
693 605 791 633 orbem
816 604 996 633 dividebant.
1041 604 1158 634 Sallust.
1180 605 1240 642 Iug.
1266 603 1359 643 (17.):
1401 603 1436 633 1η
1465 603 1606 634 divisione
1636 605 1714 635 orbis
1742 613 1835 634 terrae
1860 604 1990 645 plerique
2013 607 2043 634 in
2064 613 2146 645 parte

206 650 291 679 tertia
313 647 458 688 Africam
478 659 611 688 posuere,
633 649 723 687 pauci
745 645 945 676 tantummodo
968 647 1076 676 Asiam
1100 654 1125 674 et
1148 645 1295 686 Europam
1319 658 1392 683 esse,
1423 646 1474 675 sed
1495 647 1639 688 Africam
1662 649 1692 677 in
1715 646 1842 687 Europa.
1888 648 1981 677 Varro
2002 647 2038 676 de
2061 649 2092 679 L.
2114 649 2146 679 L.

203 692 255 722 lib.
269 692 317 720 lv.
339 691 400 726 (V,
424 693 453 721 6.
478 701 505 729 p⁴
518 691 568 722 46.
591 690 675 729 Sp.):
723 690 810 718 Terra
838 690 867 718 in
890 689 998 719 Asiam
1024 697 1049 717 et
1072 688 1239 728 Europam‚·
1274 688 1353 717 Asia
1375 690 1449 718 enim
1475 690 1550 718 iacet
1572 689 1612 718 ad
1633 688 1779 719 meridiem
1803 698 1829 718 et
1852 698 1997 727 austrum,
2027 689 2147 730 Europa

204 733 244 763 ad
266 734 483 773 septentrionem
506 741 531 761 et
553 729 727 773 aquilonem.
774 732 827 760 Ubi
850 731 1012 760 notandum
1037 731 1198 760 Varronem
1221 731 1352 759 Africam
1376 732 1407 760 in
1433 732 1498 760 Asia
1520 743 1647 770 ponere,
1682 737 1784 760 contra
1809 733 1889 771 quod
1911 742 2004 771 supra
2026 733 2144 763 Sallust.

205 776 245 804 De
275 776 332 804 hac
362 779 509 813 postrema
539 775 683 803 divisione
712 774 921 812 intelligendus
952 774 1033 802 locus
1060 774 1174 802 Horatii
1197 773 1324 810 Od.111,
1347 776 1399 806 27.
1425 773 1522 813 (75.):
1545 792 1587 796 —
1609 782 1660 803 tua
1682 782 1774 803 secius
1797 774 1876 804 orbis
1897 774 2028 803 Nomina
2050 773 2144 806 ducet.

206 817 308 847 Sectus
330 817 349 846 i.
373 827 396 846 e.
423 817 534 846 divisus
557 818 587 845 in
612 818 686 846 duas
709 821 816 856 partes.
860 817 996 855 Europae
1026 821 1122 845 autem
1153 826 1259 844 nomen
1292 826 1354 845 esse
1386 817 1421 845 ab
1446 817 1583 856 Europa,
1622 818 1763 854 Agenoris
1791 817 1868 854 fitia,
1904 817 2064 856 scriptores
2085 817 2146 846 fere

206 870 305 888 ornnes
327 859 457 888 tradunt.
496 860 568 888 Vide
591 865 687 889 tamen
710 859 844 889 Eustath.
867 859 896 887 in
922 859 1038 898 Dionys.
1080 859 1137 888 Sed
1160 869 1261 887 verum
1286 863 1330 887 est
1351 859 1489 898 Europae
1512 870 1619 888 nornen
1641 859 1837 888 Phoenicibus
1860 860 1979 894 deberi,
2013 859 2064 897 qui
2087 859 2145 888 Eu-

204 912 306 940 ropam
331 902 466 931 dicebant
494 902 666 942 Ur-appa,
705 902 787 941 quasi
811 907 919 930 terram
943 900 1211 941 λευκοπρόσωπον,
1249 901 1317 939 quia
1341 902 1488 941 Europaei
1511 903 1666 930 Africanos
1694 902 1821 930 candore
1845 902 1930 930 faciei
1953 902 2077 930 multum
2100 911 2145 930 su-

205 949 323 983 perant,
354 945 432 972 unde
456 951 484 973 et
507 946 624 984 Europa
648 946 712 983 ipsa
736 944 836 973 Cadini
860 955 944 972 soror
967 945 1046 973 dicta
1071 949 1129 980 est,
1167 944 1250 982 quasi
1274 942 1343 972 alba
1357 944 1448 986 facie
1469 945 1563 982 virgo.
1607 946 1648 973 De
1670 945 1806 983 Europae
1829 950 1918 983 raptu
1940 945 2056 972 variant.
2078 954 2146 972 sen-

204 988 327 1021 tentiae,
351 992 383 1014 ut
406 986 454 1015 hic
478 988 581 1016 Festus
603 988 708 1024 refert,
732 988 779 1015 cui
803 987 911 1015 addere
934 992 1034 1025 potes,
1064 987 1088 1014 si
1111 986 1205 1022 lubet,
1238 997 1299 1014 eam
1323 992 1436 1024 raptam
1460 987 1550 1015 fuisse
1573 987 1658 1023 navi,
1688 997 1762 1026 quae
1785 992 1888 1015 taurus
1910 987 2080 1023 dicebatur,
2107 996 2145 1015 ex

204 1029 325 1057 Polluce
348 1029 399 1057 lib.
414 1029 437 1059 Ι.
460 1033 583 1068 cap.9.:
612 1030 694 1059 ’Ἐστι
720 1030 751 1060 δέ
776 1041 840 1059 τινα
868 1032 956 1059 πλοῖα
978 1030 1081 1068 Λίβυα
1109 1027 1251 1068 λεγόμενα
1281 1029 1361 1068 κριοὶ
1389 1030 1437 1060 καὶ
1466 1027 1585 1069 τράγοι,
1623 1027 1661 1063 ὧς
1692 1027 1830 1066 εἰκάζειν,
1870 1026 1913 1060 ’ὅτι
1943 1032 2081 1059 τοιοῦτον
2107 1023 2146 1066 ἧν

203 1074 309 1102 πλοῖον
331 1071 382 1101 καὶ
406 1068 422 1102 ὅ
444 1074 570 1111 ταῦρος,
608 1069 624 1102 ὁ
648 1071 700 1110 τήν
724 1069 877 1111 Εὐρώπην
900 1069 1028 1112 α’γαγών.
1075 1071 1146 1099 Item
1176 1081 1213 1099 ex
1237 1071 1429 1110 Palaephatu,
1464 1073 1594 1100 Taurum
1617 1072 1696 1101 hunc
1720 1072 1903 1100 Cretensium
1926 1081 2022 1108 regem
2044 1071 2145 1107 fuisse,

204 1114 254 1152 qui
278 1119 423 1153 occupata
446 1115 525 1153 Tyro
549 1115 697 1153 Europam
720 1115 797 1143 inter
821 1115 890 1142 alias
912 1114 1040 1152 virgines
1064 1114 1170 1152 rapuit.
1215 1112 1254 1144 Τὸ
1279 1113 1309 1144 δὲ
1331 1112 1456 1153 ἀληθὲς,
1482 1115 1591 1153 inquit,
1615 1115 1671 1154 ἔχει
1695 1110 1759 1145 ὦδε.
1795 1112 1886 1153 Ἀνήρ
1912 1111 2052 1149 Κνώσιος
2076 1111 2146 1143 ὀνό-

205 1168 274 1193 ματι
303 1159 415 1194 Ταῦρος
438 1156 570 1194 ἐπολέμει
593 1160 627 1198 τῇ
651 1158 743 1198 Τυρίᾳ
765 1154 865 1198 χώρᾳζ
883 1159 1045 1187 τελευταῖον
1069 1154 1098 1186 δ’
1124 1155 1154 1186 ἒκ
1178 1154 1282 1194 Τιῗρου
1304 1153 1438 1194 ἥρπασεν
1462 1154 1551 1193 ἄλλας
1573 1169 1602 1188 τε
1624 1154 1717 1195 κόρας
1739 1156 1787 1187 καὶ
1811 1155 1847 1194 ὁή
1872 1156 1920 1186 καὶ
1940 1154 1994 1195 τὴν
2016 1158 2072 1186 τοῦ
2094 1157 2145 1193 βα-

204 1198 304 1234 σιλέως
327 1199 476 1239 θυγατέρα
501 1196 672 1238 Εὐρώπην,
703 1200 804 1240 ἔλεγον
828 1199 883 1229 οὖν
905 1200 935 1229 οῖ
956 1197 1134 1237 ἅνθρωποι,
1173 1196 1322 1237 Εὐρώπην
1346 1198 1399 1237 τὴν
1422 1202 1476 1229 τοῦ
1497 1200 1641 1238 βασιλέως
1665 1203 1781 1237 Ταῦρος
1803 1199 1877 1238 ἔχων
1900 1197 1999 1239 ᾤ’χετο.
2037 1195 2145 1228 τούτου

204 1239 235 1270 δὲ
260 1241 422 1280 γενομένου
453 1240 702 1280 προςανεπλάσθη
727 1239 742 1273 ὁ
765 1244 874 1281 μῦθος.
920 1240 1011 1269 Huius
1034 1240 1122 1269 Tauri
1150 1241 1227 1278 regis
1255 1241 1387 1269 meminit
1414 1242 1547 1271 Eustath.
1574 1243 1604 1271 in
1635 1242 1755 1281 Dionys.
1801 1241 1933 1269 Meminit
1961 1245 1990 1269 et
2017 1240 2146 1278 scriptor

204 1282 337 1311 chronici
361 1284 569 1319 Alexandrini,
608 1285 707 1322 aitque
737 1295 802 1313 eum
832 1289 974 1322 occupata
999 1284 1078 1322 Tyro
1107 1284 1239 1321 rapuisse
1264 1284 1413 1322 Europam
1447 1289 1475 1312 et
1504 1285 1563 1312 tori
1593 1290 1760 1313 consortem
1784 1284 1896 1314 secisse.
1923 1282 2014 1313 Dac.
2063 1281 2146 1320 Quae

203 1323 281 1354 Iovis
304 1324 423 1354 tutelam
447 1326 569 1367 effigiem
593 1328 678 1356 muri.
718 1327 793 1364 Lege
816 1336 883 1355 cum
905 1326 1066 1364 scaligero:
1095 1325 1176 1364 Quae
1199 1324 1277 1354 Iovis
1299 1325 1419 1354 tutelam
1441 1326 1537 1366 effigie
1558 1328 1642 1356 tauri.
1684 1327 1740 1355 Sed
1763 1326 1879 1354 foedius
1901 1325 2040 1354 mendum
2063 1325 2144 1354 latet.

204 1366 323 1406 Quippe
346 1369 515 1405 legendum:
538 1368 576 1397 Et
599 1380 686 1405 nave,
709 1380 782 1409 quae
804 1374 859 1399 ete.
892 1369 942 1397 Ait
965 1369 1041 1397 enim
1066 1368 1209 1405 Agenoris
1232 1367 1320 1396 filiam
1343 1378 1418 1396 nave
1441 1369 1568 1397 delatam
1590 1370 1620 1397 iu
1643 1379 1704 1397 eam
1728 1369 1895 1405 regionem,
1919 1378 2025 1406 nempe
2048 1367 2145 1395 Euro-

202 1419 279 1447 pam.
310 1410 391 1438 Nihil
415 1413 534 1442 certius.
568 1412 642 1449 Lege
665 1412 763 1440 modo.
798 1411 902 1440 Tutela
926 1411 1080 1439 dicebatur
1102 1411 1132 1438 in
1155 1410 1239 1446 navi,
1261 1410 1313 1438 ubi
1336 1410 1463 1439 Deorum
1487 1411 1596 1449 effigies
1619 1411 1827 1448 caelabantur,
1852 1410 1883 1438 in
1906 1411 2001 1448 puppi
2023 1409 2143 1444 scilicet,

204 1462 262 1481 non
284 1453 315 1481 in
337 1464 441 1492 prora,
471 1458 504 1482 ut
527 1453 703 1492 quibusdam
726 1464 909 1494 persuasum.
954 1453 1041 1481 Ovid.
1064 1454 1095 1481 in
1117 1453 1209 1491 Epist.
1234 1453 1332 1489 (XVI,
1357 1455 1456 1490 112.):

232 1543 237 1549 ῃ
277 1545 282 1550 .
777 1503 900 1543 Accipit
922 1511 947 1531 et
967 1504 1064 1543 pictos
1083 1504 1190 1543 puppis
1211 1502 1251 1531 ad
1274 1514 1351 1532 unca
1372 1503 1457 1532 Deos.

205 1544 305 1582 V¹r8¹l⁴
321 1547 357 1575 X·
381 1546 451 1576 Aen·
475 1545 592 1586 (171).
776 1588 813 1617 Et
836 1596 941 1618 aurato
958 1587 1101 1630 fulgebat
1124 1586 1269 1627 Apolline
1287 1589 1403 1627 puppis.

206 1636 339 1665 Tutelam
362 1643 390 1666 et
412 1649 585 1676 parasemon
608 1649 765 1677 perperam
789 1639 978 1667 confundunt
1002 1638 1060 1667 viri
1083 1638 1178 1674 docti,
1218 1648 1292 1676 quae
1316 1643 1343 1667 et
1366 1639 1432 1666 loco
1457 1642 1486 1665 et
1507 1637 1720 1675 significatione
1744 1637 1894 1667 differunt.
1937 1638 2043 1667 Tutela
2065 1647 2143 1666 sem-

206 1688 257 1716 per
278 1680 308 1707 in
331 1681 442 1719 puppi,
482 1692 657 1719 parasemon
681 1692 796 1720 semper
818 1682 847 1709 in
872 1692 978 1720 prora,
1013 1691 1117 1720 nempe
1140 1680 1324 1717 animalium,
1358 1686 1392 1709 ut
1412 1680 1589 1719 plurimnm3
1626 1681 1785 1719 aliquando
1809 1681 1897 1709 etiam
1919 1680 1963 1709 rei
1985 1680 2145 1710 cuiuslibet

208 1720 330 1759 effigies,
352 1723 414 1751 sive
435 1723 570 1762 pictura,
594 1734 685 1763 supra
707 1729 804 1753 rostra
828 1725 934 1763 posita.
980 1724 1066 1752 Unde
1088 1723 1214 1751 navibus
1236 1734 1342 1752 nomen
1368 1724 1448 1761 apud
1472 1723 1575 1760 Virgil.
1597 1722 1682 1762 (Aen.
1697 1724 1741 1760 X,
1767 1723 1867 1760 166.):

776 1774 930 1804 Massicus
952 1782 1051 1803 aerata
1071 1775 1207 1814 princeps
1229 1781 1307 1803 secat
1329 1785 1457 1815 aequora
1479 1775 1557 1813 tigri.

210 1821 295 1850 Navis
318 1823 400 1861 tigris
424 1825 517 1861 dicta,
541 1825 622 1863 quod
646 1825 748 1862 tigrem
770 1824 893 1853 haberet
917 1836 971 1863 pro
994 1835 1156 1864 parasemo.
1195 1825 1244 1852 Sic
1267 1825 1346 1863 apud
1370 1824 1493 1853 eundem
1515 1825 1634 1863 pristis,
1658 1823 1820 1860 chimaera,
1846 1821 2019 1860 Centaurus,
2043 1821 2144 1863 Scylla

210 1872 296 1892 naves
320 1865 422 1895 dictae.
466 1868 513 1895 Sic
537 1868 620 1895 navis
643 1867 883 1906 Bellerophontis
907 1868 984 1896 dicta
1009 1867 1152 1906 Pegasus,
1183 1867 1263 1905 quod
1286 1867 1311 1895 ei
1334 1877 1425 1905 equus
1449 1868 1543 1895 alatus
1567 1871 1628 1895 erat
1649 1867 1772 1904 insigne.
1816 1866 1906 1894 Navis
1928 1871 2040 1904 autem,
2069 1874 2144 1903 quae

210 1903 354 1943 Europam
377 1909 472 1945 vexit,
507 1910 628 1938 tutelam
653 1910 730 1938 Iovis
759 1909 865 1938 habuit
894 1911 949 1938 sub
979 1910 1073 1947 effigie
1102 1909 1189 1940 tauri.
1234 1910 1318 1938 Unde
1348 1914 1377 1938 et
1405 1910 1489 1937 navis
1519 1916 1620 1937 taurus
1648 1909 1735 1937 dicta.
1781 1908 1888 1937 Verum
1911 1907 2142 1946 Agatharchides

213 1944 335 1990 Gnidius
357 1949 387 1977 in
407 1951 560 1990 Europicis
583 1953 639 1988 ait,
663 1963 723 1980 non
746 1953 775 1980 in
798 1952 889 1981 tutela
910 1954 1009 1988 navis,
1033 1952 1083 1980 sed
1107 1952 1137 1980 in
1159 1962 1328 1991 parasemo,
1353 1952 1381 1980 in
1404 1962 1511 1990 prora,
1533 1956 1651 1980 taurum
1674 1951 1764 1979 fuisse
1787 1951 1949 1989 depictum.
1992 1950 2064 1979 Inde
2085 1950 2144 1979 sul-

213 1995 264 2014 Clrl
289 1990 377 2024 possit
403 1995 541 2022 sententia
565 1995 756 2023 eruditissimi
780 1995 930 2031 Salmasii,
956 1995 1007 2033 qui
1030 1994 1144 2032 legebat
1168 1994 1197 2022 in
1221 1994 1318 2022 verbis
1341 1994 1435 2022 Festi:
1457 1993 1512 2022 alii
1532 2005 1595 2022 eam
1618 2004 1637 2021 a
1657 1992 1854 2033 praedonibus
1877 2000 1992 2032 raptam
2015 2000 2041 2022 et
2060 2003 2142 2028 nave,

212 2038 287 2067 quae
304 2029 379 2058 louis
400 2033 515 2063 tutelam
538 2037 660 2077 effigiem
684 2038 761 2066 tauri
783 2036 931 2073 habuerit,
956 2038 1040 2076 quasi
1062 2037 1165 2065 Festus
1188 2042 1305 2076 separet
1327 2037 1408 2065 Iovis
1430 2037 1572 2073 tutelam,
1597 2046 1672 2074 quae
1693 2036 1725 2064 in
1747 2035 1858 2075 puppi,
1881 2034 1917 2063 ab
1939 2035 2033 2074 effigie
2054 2035 2142 2071 tauri,

213 2079 287 2107 quae
309 2081 478 2109 parasemon
503 2084 564 2105 erat
585 2079 614 2107 in
638 2090 735 2118 prora.
779 2079 866 2109 Dae.

375 2112 573 2160 Epolonos.
617 2122 702 2159 Apud
727 2123 873 2150 Romanos
895 2122 920 2150 is
943 2132 1006 2150 mos
1029 2126 1109 2155 erat,
1144 2125 1179 2149 ut
1207 2121 1369 2160 placandae
1395 2120 1520 2149 alicuius
1543 2120 1588 2149 dei
1610 2121 1671 2149 irae
1694 2121 1814 2158 epulae,
1853 2119 1989 2148 convivia
2009 2119 2041 2148 in
2061 2118 2142 2147 illius

212 2154 572 2202 templo-exhiberentur,
602 2172 674 2198 quae
697 2164 754 2192 alio
778 2164 896 2192 nomine
921 2162 1096 2193 lectisternia
1120 2163 1309 2200 dicebantur,
1341 2164 1421 2202 quod
1441 2164 1496 2192 diis
1520 2163 1683 2202 epulaturis
1706 2163 1774 2191 lecti
1794 2166 2005 2192 sternerentur.
2048 2162 2085 2190 Et.
2104 2161 2142 2189 iis

213 2205 356 2224 convnvns
379 2200 572 2235 procurandis
595 2211 748 2239 praeerant
769 2207 920 2235 triumviri
942 2206 1072 2244 Epuloni
1093 2206 1182 2242 dicti,
1222 2207 1271 2244 qui
1294 2212 1397 2245 postea
1427 2205 1613 2245 septemviri,
1651 2205 1769 2234 tandem
1792 2205 1952 2234 decemviri
1973 2204 2042 2233 facti
2064 2207 2141 2233 sunt.

211 2235 360 2275 Epolonos
381 2245 474 2268 autem
497 2242 615 2279 antiqua
638 2247 784 2275 scribendi
807 2249 1038 2283 consuetudine,
1061 2258 1118 2286 qua
1141 2247 1241 2288 epolas
1262 2259 1317 2288 pro
1340 2246 1441 2289 epulas
1463 2253 1519 2278 etc.
1540 2248 1631 2279 Dac.
1669 2247 1823 2288 Epulonee.
1858 2248 2010 2287 Epulares.
2034 2244 2136 2277 Goth-

214 2278 258 2308 Cf.
279 2280 413 2311 Creuzer.
436 2282 514 2312 Antt.
540 2284 620 2312 Rom.
644 2291 672 2314 et
694 2298 766 2324 quos
789 2290 828 2318 ibi
853 2291 958 2319 citatos
982 2291 1119 2330 reperies.

374 2331 574 2362 Eudiaeon.
620 2332 774 2367 Εὕὸίαιον.
808 2340 850 2367 ΑΙ)
874 2351 908 2369 eo
930 2340 1053 2379 Eugium
1075 2341 1217 2370 dixerunt
1237 2341 1342 2371 Latini.
1377 2340 1520 2370 Lucillius
1541 2340 1671 2380 Epodis:

260 2411 266 2417 .
315 2412 321 2418 -
908 2382 1036 2422 Hymnis
1057 2384 1118 2411 sine
1139 2384 1222 2422 cugio
1244 2394 1280 2412 ac
1303 2382 1423 2412 (listina.

214 2412 342 2441 imitatio
365 2414 554 2445 Graecorum.
590 2417 665 2447 Vide
687 2417 814 2457 Hesych.
837 2420 980 2455 εὐδίαιον.
1003 2423 1104 2454 Scal.
1149 2423 1296 2456 Εὖδίαιον
1316 2426 1440 2465 proprie
1461 2426 1596 2455 foramen
1619 2423 1719 2459 navis,
1746 2433 1800 2462 per
1822 2421 1903 2460 quod
1925 2420 2048 2449 effluunt
2069 2427 2134 2447 cum
