2263 2668
499 147 563 180 DE
589 145 977 180 SIGNIFICATIONE
1005 146 1288 185 VERBORUM.
1343 148 1487 182 LIBER
1513 148 1621 182 xvu.
1961 153 2031 186 701

81 247 163 279 rent3
188 241 274 273 funes
299 239 374 268 enim
399 238 469 267 olim
494 250 529 268 ex
553 239 620 278 pilis
644 239 782 278 caprinis.
827 238 883 266 Sed
908 248 964 276 pro
988 239 1136 277 spirillum
1161 241 1188 269 in
1214 240 1367 270 Catholico
1391 241 1498 279 legitur
1519 240 1658 270 stirillum
1681 241 1727 270 his
1750 242 1864 273 verbis:
1888 243 2035 275 Stirillum

83 283 191 312 barbae
213 294 321 322 caprae
342 289 367 310 et
392 281 501 310 dicitur
521 294 540 310 a
563 284 651 318 stria,
676 280 755 322 quod
775 279 879 320 pendet
903 280 944 308 ad
967 281 1084 310 modum
1108 285 1204 314 striae.
1250 284 1289 312 De
1314 285 1401 312 Striis
1425 284 1540 314 Vitruv.
1566 284 1634 323 (lV,
1657 287 1687 315 3.
1711 285 1757 320 X,
1782 285 1852 324 15.).
1897 287 1987 319 Dac.

248 325 494 364 Spintyrnioe.
540 325 732 353 Desideratur
747 333 851 352 nomen
871 329 989 361 poetae,
1014 326 1095 353 cuius
1112 326 1201 354 verba
1218 327 1396 355 referuntur.
1423 327 1544 356 Plautus
1564 332 1661 355 autem
1678 327 1707 354 in
1724 327 1816 357 Milite
1834 329 1896 368 (IV,
1920 332 1947 366 1,
1971 330 2035 369 42.)

80 368 138 396 hoc
161 367 252 396 verbo
278 368 388 395 utitur:
412 365 573 396 Pithecium
597 367 668 395 haec
691 374 731 395 est
751 377 822 405 prae
844 364 899 393 illa
922 373 947 394 et
970 368 1202 405 spinturnicium.
1246 369 1322 397 Ptin.
1345 369 1394 397 lib.
1407 370 1444 398 X.
1468 379 1530 408 cap.
1545 371 1611 400 13.:
1638 367 1857 400 Incendiariam
1879 383 1959 401 avem
1981 371 2037 402 alii

80 411 287 450 spinturnicem
309 417 433 445 vocant,
458 408 509 437 sed
531 409 602 437 haec
625 410 704 447 ipsa,
735 419 811 448 quae
832 415 901 436 esset
923 409 998 436 inter
1020 420 1101 447 aves,
1130 412 1180 450 qui
1202 422 1231 439 se
1252 413 1327 440 scire
1350 411 1474 448 diceret,
1505 422 1564 440 non
1586 412 1690 440 inveni.
1712 412 1801 442 Ant.
1826 413 1920 453 Aug.
1963 415 2036 444 Avis

79 453 261 481 incendiaria
293 452 470 490 σπινθαρίς,
510 463 524 480 a
547 452 693 488 scintilla,
730 461 806 489 quae
836 451 950 479 Graece
979 451 1121 491 σπινθὴρ.
1166 454 1401 492 Spintyrnicium
1433 454 1609 482 diminutive
1638 453 1714 482 dixit
1746 455 1839 484 Plaut.
1865 457 1925 486 Mil.
1953 457 2035 486 Glor-

79 496 144 524 Act.
163 495 210 523 lV.
234 505 274 522 sc.
293 498 327 530 1,
351 494 442 531 (42‚):
464 510 506 515 —
531 493 690 522 Pithecium
715 493 787 522 haec
809 500 849 521 est
868 504 940 532 prae
962 492 1016 522 illa
1040 502 1066 522 et
1088 496 1322 534 spinturnicium.
1360 496 1413 524 Ubi
1438 497 1597 525 Salmasius
1620 497 1835 535 spintyrnicem
1859 509 1916 527 non
1941 510 2035 537 avem,

79 538 131 566 sed
155 537 381 575 quadrupedem
405 547 467 564 esse
496 537 586 571 dicit,
625 536 778 575 sphingem
807 535 934 572 scilicet,
974 536 1116 575 additque
1139 540 1283 576 quosdam
1307 545 1442 567 veterum
1466 540 1502 568 de
1526 549 1579 568 ave
1602 549 1665 567 esse
1686 539 1915 578 interpretatos,
1954 543 2035 581 quod

80 581 186 609 Graeci
209 580 300 608 alatas
323 578 462 618 sphinges
487 589 523 607 ex
541 579 640 607 sabula
664 580 835 617 pingerent,
860 589 933 616 quas
949 580 1086 617 Aegyptii
1104 581 1173 608 'sine
1197 582 1266 617 alis,
1291 587 1323 609 ut
1346 588 1429 610 erant
1450 592 1564 611 revera.
1598 581 1654 609 Sed
1673 582 1848 611 salmasium
1867 584 1930 612 falli
1949 591 2033 623 puto.

80 621 260 662 Spintyrnix
289 629 315 649 et
345 621 527 650 incendiaria
556 622 620 649 avis
650 622 743 657 dicta,
783 621 864 659 quod
895 621 932 650 de
963 621 1051 649 busto
1081 623 1183 651 sudem
1207 625 1294 652 tectis
1316 624 1439 653 inferret
1461 630 1550 663 atque
1572 624 1612 652 ita
1634 624 1805 653 incendium
1829 626 1949 655 faceret.
1992 628 2035 656 Ea

79 665 233 694 Aristoteli
264 664 376 693 dicitur
407 665 584 699 σπίνθασις,
625 664 761 702 interque
789 674 874 692 ranas
900 669 928 692 et
956 666 1126 702 peregrinas
1149 675 1217 694 aves
1239 672 1419 695 recensetur.
1452 667 1539 696 Dac.
1586 667 1660 695 Vide
1683 667 1790 696 Iulium
1814 668 2034 707 Obsequentem

78 708 155 737 libro
178 707 214 736 de
236 707 398 746 prodigiis,
426 707 628 745 Lampridium
653 707 681 734 in
708 707 878 735 Commodo.
926 704 1029 736 Goth..

245 748 408 788 Spicum.
443 748 503 789 (Ad
526 760 554 788 p.
569 747 652 787 257.)
685 749 806 787 Legitur
829 749 936 788 Spicus
958 753 986 777 et
1008 748 1137 788 Spicum.
1185 751 1306 780 Servius
1329 752 1359 779 in
1381 752 1402 780 I.
1427 752 1549 789 Georg.:
1583 751 1718 780 Dicimus
1749 760 1774 780 et
1804 752 1853 782 hic
1881 754 1979 792 spicus
2008 761 2035 781 et

77 793 133 823 hoc
156 793 278 832 spicum.
326 790 427 821 Cicero
451 793 481 820 in
503 792 602 820 Arato
626 792 703 830 (Nat.
730 793 762 821 D.
780 792 823 824 11,
847 792 904 828 42,
931 794 999 823 110.
1023 792 1094 830 ibiq.
1117 793 1253 832 Moser.);

657 833 778 873 Spicum
801 832 915 863 illustre
938 841 1032 862 tenens
1056 836 1164 874 insigni
1187 847 1307 875 corpore
1328 837 1420 875 virgo.

77 877 138 909 Sed
159 879 232 908 scire
255 876 389 906 debemus
411 877 440 905 in
464 888 517 905 usu
539 887 597 905 esse
618 887 637 904 a
661 876 824 906 masculino
848 884 999 916 utrumque
1021 889 1186 914 numerum,
1219 889 1237 906 a
1261 886 1359 907 neutro
1383 889 1449 906 vero
1474 890 1541 907 raro
1564 886 1589 906 et
1614 886 1725 907 tantum
1750 878 1925 918 singularem
1949 881 2034 908 inve-

76 922 150 959 niri,
176 932 244 950 nam
265 918 379 960 plurali
401 930 542 959 nusquam
566 918 671 948 lectum
695 926 745 947 est.
784 919 858 948 Vide
880 919 1009 947 Nonium
1034 920 1111 958 (pag.
1126 922 1197 952 225.
1224 920 1336 960 Mero).
1381 921 1414 949 In
1438 931 1526 949 versu
1550 921 1673 959 antiquo
1698 922 1777 959 lege:
1812 920 1905 960 Quasi
1926 933 2034 951 messor

72 975 125 1004 per
147 963 270 992 messim.
294 962 348 990 Da
358 973 381 991 c.
416 960 508 990 Hunc
528 962 655 1001 stirpem.
686 962 761 990 Vide
784 972 874 1001 supra
896 960 1079 992 Masculino.
1101 961 1208 991 Goth.
1242 962 1335 993 Hanc
1357 975 1479 992 amnem.
1511 963 1585 992 Vide
1609 974 1699 1002 supra
1725 963 1862 992 Petronia
1886 965 1981 994 amnis
2004 970 2033 993 et
2074 970 2076 973 '

73 1005 208 1035 Perenne.
254 1003 366 1033 Idem.

240 1046 384 1086 Speres.
410 1045 469 1086 (Ad
494 1045 622 1087 p.257.)
648 1047 731 1076 Varr.
756 1045 829 1082 ὄνος
852 1044 960 1086 λύρας.-

679 1088 791 1127 Quibus
813 1101 895 1118 suam
919 1090 979 1129 ipse
1001 1087 1120 1118 delectet
1145 1092 1290 1119 amasiam

674 1130 712 1160 Et
735 1131 905 1160 aviditatem
929 1131 1058 1171 sper-ibus
1081 1130 1170 1160 lactet
1193 1134 1261 1162 suis.

74 1175 148 1204 Vide
171 1174 300 1203 Nonium
325 1175 404 1213 (pag.
420 1176 489 1204 171.
515 1174 627 1211 Merc.).
653 1173 738 1203 Dac.
778 1174 815 1202 Et
837 1174 925 1203 semel
945 1175 1058 1215 ffugi!-
1089 1175 1174 1202 Ennii
1198 1185 1319 1203 versum
1342 1175 1383 1203 sic
1407 1176 1590 1204 commodius
1615 1177 1739 1205 Merula:

675 1215 712 1245 Et
733 1215 822 1246 semel
842 1217 947 1258 effugit
969 1228 1062 1257 speres
1085 1217 1126 1245 ita
1140 1216 1286 1260 funditus
1309 1225 1431 1248 nostras.

72 1259 184 1289 Idem.

238 1301 402 1341 Spectio.
436 1302 503 1337 (Ad
526 1313 555 1340 p.
569 1302 662 1340 257.)
695 1302 792 1330 Locus
824 1301 956 1331 difficilis
987 1307 1015 1331 et
1045 1303 1171 1331 sortasse
1201 1303 1368 1333 mendosus.
1413 1303 1570 1331 Sciendum
1600 1309 1643 1332 est
1675 1313 1796 1341 augures
1826 1302 1898 1331 alios
1922 1302 2031 1332 habere

71 1345 265 1386 aspectionem
291 1350 318 1373 et
342 1345 570 1380 nuntiationem,
608 1345 681 1373 alios
704 1346 897 1384 aspectionem
920 1350 1052 1382 tantun15
1091 1346 1279 1384 Magistratus
1303 1351 1399 1374 autem
1422 1345 1530 1374 habere
1554 1346 1703 1385 auspicia,
1741 1346 1946 1384 inspectionem
1968 1345 2031 1374 sive

70 1389 243 1428 spectionem
268 1392 296 1415 et
320 1386 579 1415 obnuntiationem.
627 1387 733 1415 Cicero
760 1386 886 1425 Philipp.
903 1387 938 1416 II.
963 1388 1143 1426 (cap 32.):
1184 1387 1272 1427 Quod
1294 1395 1320 1416 te
1342 1387 1501 1417 sacerdotii
1523 1389 1584 1417 iure
1602 1387 1712 1429 facere
1737 1399 1821 1427 posse
1849 1386 1970 1424 dixisti,
2004 1388 2031 1416 si

70 1442 164 1470 augur
187 1441 245 1458 non
268 1441 340 1458 esses
363 1436 388 1456 et
412 1427 517 1457 consul
537 1441 623 1466 esses,
657 1431 752 1458 minus
764 1428 871 1468 facere
891 1428 1061 1469 potuisses?
1092 1429 1159 1458 vide
1181 1442 1216 1459 ne
1237 1432 1323 1459 etiam
1344 1429 1491 1472 facilius-,¹
1529 1442 1581 1459 nos
1604 1432 1678 1459 enim
1702 1430 1912 1459 nuntiationem
1934 1428 2030 1459 solum

70 1472 224 1510 habemus,-
248 1470 381 1501 consules
404 1478 429 1499 et
452 1470 557 1510 reliqui
580 1473 771 1511 magistratus
794 1473 881 1500 etiam
904 1473 1087 1512 spectionem.
1120 1473 1199 1501 Idem
1222 1473 1273 1502 lib.
1288 1474 1343 1509 tlt,
1368 1474 1415 1510 (3,
1440 1475 1499 1510 10.)
1523 1473 1559 1501 de
1578 1474 1715 1509 Legibus:
1743 1471 1848 1501 Omnes
1871 1473 2030 1511 magistra-

70 1522 115 1544 tus
137 1515 271 1554 auspicia
293 1513 462 1553 iudiciaque
483 1513 617 1544 habento.
651 1515 689 1543 M.
707 1515 832 1542 Messala
855 1515 934 1552 apud
960 1515 1034 1544 Gett.
1060 1514 1109 1542 lib.
1125 1516 1205 1544 XIII.
1230 1526 1296 1554 cap.
1311 1515 1358 1547 14.
1384 1520 1413 1543 et
1438 1516 1502 1546 15.:
1529 1514 1722 1544 Patriciorum
1746 1515 1879 1554 auspicia
1901 1515 1932 1543 in
1955 1513 2030 1544 duas

69 1565 135 1587 sunt
156 1564 313 1596 potestates
337 1555 442 1584 divisa.
486 1555 633 1584 Maxima
656 1564 722 1585 sunt
747 1554 915 1592 consulum,
943 1564 1130 1596 praetorum,
1155 1569 1316 1587 censorum.
1359 1556 1554 1597 Reliquorum
1578 1559 1803 1597 magistratuum
1826 1557 1942 1585 minora
1963 1563 2030 1586 sunt

69 1600 212 1639 auspicia.
260 1596 371 1627 Consul
399 1597 437 1625 ab
467 1597 602 1626 omnibus
632 1598 853 1638 magistratibus
875 1606 901 1626 et
926 1599 1107 1627 comitiatum
1131 1606 1157 1627 et
1180 1601 1349 1630 concionem
1380 1610 1504 1628 avocare
1529 1607 1632 1639 potest.
1678 1599 1716 1628 Et
1743 1600 1774 1627 in
1796 1598 1891 1628 edicto
1917 1597 2029 1628 Consu-

68 1640 145 1678 lum,
170 1652 227 1682 quo
251 1640 385 1676 edicunt,
415 1640 480 1679 quis
503 1639 563 1668 dies
587 1642 714 1669 comitiis
736 1641 906 1670 centuriatis
918 1640 1046 1682 futurus
1069 1648 1126 1678 est,
1149 1642 1288 1671 scribitur
1310 1653 1350 1670 em
1373 1643 1460 1670 veteri
1471 1641 1582 1683 forma
1602 1650 1760 1682 perpetua.-
1790 1653 1824 1669 ne
1842 1642 1907 1681 quis
1929 1642 2028 1681 magi-

69 1691 178 1712 stratus
201 1684 298 1712 minor
321 1681 356 1710 tle
379 1681 459 1710 coelo
483 1693 610 1711 servasse
631 1682 709 1711 velit.
753 1684 798 1711 Ex
821 1683 867 1711 his
890 1684 982 1720 igitur
1005 1683 1163 1712 dicendum
1187 1689 1230 1713 est
1253 1683 1310 1712 hoc
1331 1684 1401 1712 Joco
1424 1684 1542 1713 Festum
1566 1685 1715 1721 votuisse,
1744 1694 1804 1712 non
1827 1694 1914 1722 posse
1937 1694 2028 1722 augu-

67 1736 115 1755 res
137 1726 284 1765 impedire
307 1725 474 1753 nuntiando
504 1726 710 1763 magistratus,
750 1727 800 1754 sed
830 1725 938 1754 habere
967 1726 1165 1763 spectionem,
1201 1726 1260 1755 hoc
1289 1731 1332 1755 est
1361 1727 1561 1765 aspectionem
1585 1733 1613 1756 et
1637 1727 1870 1762 nuntiationem,
1906 1726 1962 1755 hoc
1984 1731 2028 1755 est

66 1769 317 1798 renuntiationem
337 1768 399 1796 eius
419 1768 550 1805 augurii:
576 1774 650 1796 tunc
673 1769 802 1807 pertinet
825 1768 862 1796 ad
886 1769 1105 1805 magistratum,
1129 1770 1179 1806 qui
1203 1769 1293 1798 habet
1317 1770 1467 1808 auspicia,
1490 1775 1524 1797 ut
1548 1770 1663 1806 videat,
1687 1780 1722 1797 an
1746 1770 1781 1797 iis
1805 1768 1942 1808 auspiciis
1964 1779 2027 1798 rem

67 1821 168 1849 gerere
194 1812 275 1840 velit.
321 1811 386 1838 Vid.
411 1811 504 1838 Cicer.
529 1810 579 1840 tib.
596 1811 615 1839 l.
639 1816 667 1839 et
689 1811 724 1841 lt.
749 1811 784 1839 de
808 1811 903 1841 Divin.
936 1812 1029 1839 Varro
1055 1811 1103 1840 lib.
1119 1812 1151 1842 V.
1176 1812 1212 1840 de
1236 1813 1267 1841 L.
1284 1813 1317 1841 L.
1341 1812 1401 1850 (VI.
1427 1814 1575 1850 pag-259.
1599 1813 1673 1850 Sp.).
1703 1812 1789 1841 Ant.
1811 1811 1905 1851 Aug.
1950 1812 2025 1840 Pro-

66 1854 268 1892 ssigatissimus
290 1853 375 1882 locus
399 1864 432 1881 ac
455 1853 557 1881 multis
581 1853 754 1882 vulneribus
780 1854 941 1884 confectus.
988 1854 1053 1882 Non
1078 1854 1174 1882 solum
1199 1855 1276 1883 enim
1301 1859 1479 1892 corruptus,
1516 1854 1567 1882 sed
1590 1865 1710 1883 mancus
1734 1865 1767 1882 ac
1790 1859 1876 1892 parte
1897 1855 1942 1882 sui
1963 1864 2025 1882 non

66 1907 160 1937 parva
184 1901 347 1926 truncatus.
394 1896 471 1924 Festi
497 1896 643 1924 sententia
665 1895 737 1925 haec
759 1897 878 1925 videtur
901 1897 1008 1925 fuisse:
1047 1896 1165 1936 Spectio
1188 1898 1217 1925 in
1242 1898 1441 1935 Auguralibus
1464 1897 1586 1936 ponitur
1609 1907 1665 1936 pro
1689 1898 1861 1936 aspectione.
1907 1895 2024 1935 Spectio

66 1945 95 1969 et
118 1940 264 1968 nuntiatio
289 1940 356 1967 data
379 1944 439 1967 erat
463 1939 497 1966 iis
522 1939 759 1976 magistratibus,
786 1939 836 1977 qui
860 1950 945 1967 omne
969 1940 1014 1967 ius
1038 1940 1239 1978 auspiciorum
1263 1940 1388 1976 liabent,
1413 1940 1605 1978 auguralibus
1626 1941 1736 1979 spectio
1759 1939 1921 1975 duntaxat,
1947 1948 2024 1977 quo—

65 1993 132 2011 rum
156 1982 279 2010 consitio
303 1992 363 2010 rem
389 1986 525 2019 gererent
547 1982 751 2019 magistratus,
774 1992 835 2010 non
858 1986 891 2009 ut
914 1987 1035 2020 possent
1058 1982 1202 2020 impedire
1226 1981 1413 2017 nuncianda,
1437 1992 1634 2021 quaecunque
1659 1983 1817 2016 vidissent,
1841 1987 1871 2010 at
1893 1981 1929 2010 iis
1951 1992 2023 2020 spe-

66 2026 124 2054 ctio
146 2025 210 2054 sine
233 2024 422 2053 nunciatione
444 2024 512 2052 data
537 2029 589 2052 est.
634 2024 697 2053 Hoc
729 2025 889 2053 videndum
920 2030 963 2053 est
992 2026 1020 2053 in
1050 2024 1094 2052 his
1123 2025 1237 2060 verbis,
1277 2026 1493 2054 nunciationem
1518 2025 1667 2064 duplicem
1692 2035 1767 2053 esse:
1806 2024 2021 2052 nunciationem

65 2068 196 2106 augurii,
229 2077 316 2104 quam
340 2066 467 2094 habebat
490 2067 603 2100 solum,
637 2068 681 2095 cni
705 2068 813 2106 spectio
838 2073 914 2103 erat,
947 2066 1005 2095 hoc
1028 2073 1073 2096 est,
1096 2077 1208 2104 augur,
1245 2073 1271 2096 et
1298 2069 1512 2096 nunciationem
1537 2067 1708 2096 avocandae
1732 2066 1900 2102 concionis,
1933 2075 2021 2104 quarn

64 2111 146 2139 solus
163 2109 306 2145 habebat,
331 2109 382 2147 qui
407 2120 492 2137 omne
515 2110 559 2137 ius
584 2110 786 2148 auspiciorum
810 2109 915 2146 habet,
937 2109 996 2138 hoc
1020 2115 1064 2138 est
1086 2111 1180 2138 nmiur
1204 2111 1409 2148 magistratus,
1433 2121 1509 2149 quae
1531 2110 1697 2138 vocabatur
1715 2108 1913 2138 obnunciatio.
1947 2108 2019 2136 Cum

64 2152 228 2190 Philippica
245 2152 281 2180 Il.
304 2152 341 2190 (Ι.
364 2162 453 2190 supra
478 2151 522 2190 c.)
547 2152 658 2180 dicitur
678 2162 803 2190 augures
828 2152 932 2181 habere
955 2154 1184 2188 nunciationem,
1225 2158 1268 2181 est
1296 2155 1342 2181 ius
1372 2158 1489 2181 tantum
1519 2152 1681 2181 nunciandi
1710 2151 1892 2189 magistratui
1915 2150 1949 2179 de
1971 2159 2017 2180 eo,

64 2195 144 2234 quod
168 2194 285 2222 viderit.
332 2192 470 2223 Consules
499 2193 609 2223 habere
633 2196 821 2233 spectionem,
860 2206 948 2235 quam
972 2203 998 2224 et
1022 2206 1144 2234 augures
1168 2194 1308 2232 habeant,
1344 2203 1370 2224 et
1393 2195 1667 2230 obnunciationem,
1704 2205 1791 2234 quam
1816 2203 1936 2232 augures
1959 2202 2018 2219 non

63 2236 217 2266 habebant.
249 2237 386 2265 Invenies
409 2242 506 2265 tamen
531 2237 792 2266 obnunciationem
816 2239 943 2277 positum
968 2248 1023 2277 pro
1046 2238 1253 2274 nunciatione,
1278 2243 1311 2266 ut
1335 2238 1365 2266 in
1387 2238 1486 2277 primo
1509 2238 1545 2266 de
1571 2237 1757 2266 Divinatione
1781 2237 1820 2272 (Ι,
1845 2235 1925 2270 29·):
1948 2232 2017 2261 Non

62 2282 93 2310 in
115 2290 162 2315 eo,
185 2279 297 2317 inquit,
321 2286 361 2307 est
385 2278 488 2318 culpa,
511 2280 562 2319 qui
584 2279 788 2315 obnunciavit,
813 2279 863 2309 sed
886 2281 915 2308 in
938 2292 987 2316 eo,
1013 2281 1065 2320 qui
1087 2292 1142 2309 non
1164 2282 1274 2320 paruit.
1296 2280 1396 2310 Scal.
1427 2281 1534 2309 Verum
1558 2285 1618 2315 est,
1642 2280 1722 2318 quod
1748 2280 1787 2307 ait
1803 2278 1923 2312 Festus,
1947 2285 2016 2314 spe-

63 2323 208 2358 ctionem,
244 2321 302 2350 hoc
325 2326 368 2350 est
391 2323 592 2360 aspectionem
615 2323 727 2360 augurii
751 2323 897 2351 duntaxat
920 2324 1081 2360 auguribus
1106 2324 1219 2359 datam,
1257 2323 1477 2352 nunciationem
1502 2333 1575 2353 vero
1599 2333 1666 2352 cum
1690 2321 1841 2361 spectione
1862 2318 1898 2346 iis
1919 2317 2016 2355 magi-

63 2365 221 2400 stratibus,
253 2365 301 2402 qui
326 2374 411 2392 omne
434 2365 480 2392 ius
504 2364 648 2394 haberent
671 2365 888 2404 auspiciorum,
919 2371 990 2404 puta
1014 2366 1211 2401 Consulibus,
1235 2366 1431 2401 (lemuribus,
1455 2376 1509 2404 per
1532 2365 1751 2394 nunciationem
1775 2365 1872 2389 autem
1895 2359 1944 2389 hle
1963 2361 2013 2387 in·-

62 2408 160 2446 tellige
182 2407 227 2435 ius
250 2407 420 2436 avocandae
443 2408 611 2443 concionis,
636 2418 711 2446 quae
734 2407 897 2436 vocabatur
919 2407 1118 2437 obnunciatio.
1151 2409 1215 2437 Atia
1240 2409 1351 2448 quippe
1374 2414 1435 2438 erat
1457 2409 1624 2444 nunciatio,
1650 2416 1734 2445 quam
1752 2402 1900 2432 habebant
1919 2411 2014 2441 nugu-
