2263 2668
534 148 600 182 DE
625 144 1011 182 SIGNJFtcATtoNE
1038 145 1323 184 VERBORUM.
1373 149 1520 183 LIBER
1544 150 1603 183 lv.
1969 152 2044 186 399

92 253 236 273 converso
259 242 290 271 in
309 253 347 282 ἒς
381 252 398 270 a
420 237 524 273 δάκνω
547 241 678 270 mordeo.
722 240 782 269 Has
812 249 882 268 aves
904 238 1022 268 coronis
1045 238 1160 268 vinctas
1184 241 1275 280 capiti
1296 242 1491 281 imponebant
1514 243 1624 281 quippe
1647 241 1715 281 quis
1737 243 1910 273 ebrietatem
1934 246 2043 285 depelli

91 296 182 325 seque
204 285 301 315 ebrios
323 285 436 322 factos,
474 284 538 313 fieri
560 284 675 313 sobrios
699 282 915 312 existimabant.
959 282 1001 310 De
1025 282 1145 311 coronis
1169 284 1303 322 Geopon.
1325 286 1374 314 lib.
1386 285 1457 322 VII,
1481 287 1588 318 c.30.:
1627 283 1795 324 ἀνανήφειν
1824 289 1947 318 ποιοῦσι
1971 286 2043 324 τούς

93 326 266 369 μεθύοντας
289 327 432 365 στέφανοι
454 324 514 358 ἀπὸ
537 328 683 358 ποικίλων
706 324 825 362 ἀνθῶν,
849 324 1048 363 ἑπιτιθὲμεναι
1069 327 1106 366 τῇ
1127 329 1254 366 κεφαλῇ.
1277 327 1365 357 Dae.
1406 328 1576 365 DacnadeS,
1600 329 1738 364 δακνίδες
1760 328 1918 367 Hesychio.
1958 329 2042 360 Gan-

92 370 235 401 turiendo.
281 370 313 399 ld
337 370 451 398 Glossis
472 371 662 408 ψιθηρίζειν,·
696 369 746 397 alii
769 365 939 397 cantitando
962 367 1071 403 legunt.
1120 366 1225 398 Goth.

255 413 417 442 Daunia.
460 413 536 441 Ptin.
561 412 631 451 (HI,
657 414 712 448 11,
737 413 816 449 16.):
844 408 960 449 Apulia
980 409 1154 439 Daunorum
1181 413 1363 450 cognomine,
1393 424 1411 441 a
1435 411 1508 442 duce
1534 411 1686 442 Diomedis
1708 424 1815 443 socero.
1859 414 1976 444 Solinus
1997 420 2043 444 ta-

92 466 176 485 men:
205 455 238 485 A
262 454 382 485 Cleolao
404 453 520 484 llllinoz‘s
535 453 622 494 filio,
645 454 788 483 Daunius.
825 453 971 491 corrupte
993 453 1102 481 forsan.
1146 453 1201 481 Da
1211 465 1236 483 c.

256 498 428 526 Dorsum.
471 498 496 525 A
519 496 660 526 deorsum
690 496 772 535 quod
801 495 922 524 dorsum
945 506 982 524 ex
1003 500 1130 534 utraque
1151 501 1236 534 parte
1258 496 1371 525 declive
1394 498 1432 526 sit
1452 503 1481 526 et
1508 498 1649 527 deorsum
1671 497 1793 528 feratur.
1825 497 1912 528 Dac.
1958 499 2043 528 Adde

94 541 224 570 Nonium
243 542 274 568 in
295 539 396 568 Darsa.
418 545 446 569 et
466 539 594 568 Dorsum
618 540 659 578 (p.
672 539 744 570 459.
768 548 798 577 p.
812 540 884 570 203.
906 536 970 577 M.).
1017 536 1122 567 Goth.

257 582 410 612 Donum.
454 582 527 611 Nam
551 592 639 621 saepe
662 594 678 610 r·
699 586 832 610 mutatur
852 580 884 608 in
907 592 934 609 n.
957 580 1012 609 Da
1022 592 1046 610 c.
1080 580 1156 609 Vide
1179 581 1308 610 Nonium
1330 582 1363 610 in
1383 581 1469 610 Dona
1487 580 1530 622 (p.
1544 583 1618 614 527.
1636 582 1752 620 Mem).
1770 582 1790 610 l.
1803 582 1873 613 194.
1890 583 1909 610 l.
1924 583 1996 616 214.
2010 583 2040 614 fl',

96 626 132 655 de
154 625 271 655 verbor.
293 625 391 662 signif.
419 622 524 655 Goth.
568 625 716 653 Sans-:rite
741 623 820 652 dana
843 624 936 660 (nom.
961 621 1094 662 danum).

258 668 486 696 Donaticae.
531 668 607 696 Sunt
629 673 661 696 ut
684 671 759 705 puto
783 666 868 694 aliter
889 665 1089 705 provinciales
1113 665 1220 697 dictae.
1253 666 1453 694 Tertullianus
1475 666 1529 705 (De
1553 668 1659 696 Coron.
1683 677 1708 695 c.
1723 665 1804 705 13.):
1827 665 1903 695 Sunt
1924 674 1951 695 et
1970 678 2042 706 pro-

91 708 231 739 vinciales
253 720 358 738 aureae
380 708 544 749 (coronae)
568 711 728 749 imaginum
752 709 829 746 iam,
867 719 924 737 non
951 709 1078 737 virorum
1107 709 1207 748 capita
1234 710 1350 737 maiora
1377 717 1552 749 quaerentes.
1595 710 1688 738 Erant
1710 714 1739 738 et
1762 708 1918 738 donatione
1939 708 2043 738 hastae

92 762 167 791 quae
189 752 330 780 militibus
355 752 391 780 ob
414 752 552 780 virtutem
582 753 736 781 dabantur.
776 751 848 779 Vide
869 752 899 779 in
925 750 1108 790 Optionaius.
1133 750 1231 783 Scal,
1273 752 1396 780 Maiores
1418 752 1560 790 quaedam
1584 762 1728 788 coronae,
1752 762 1824 790 quas
1848 751 1944 789 eapite
1965 751 2043 781 ferre

92 800 215 834 propter
243 805 343 823 earum
372 795 595 833 amplitudinem
627 794 788 834 nequibant
819 793 944 830 milites,
984 794 1036 822 sed
1064 793 1242 831 imaginibus
1272 793 1331 822 suis
1361 794 1575 832 appendebant.
1601 794 1690 824 Dac.
1737 793 1829 831 Quali
1850 792 2043 833 amplitudine

91 846 158 867 sunt
188 836 309 879 (fiunt).
355 838 445 866 Lares
475 838 595 866 coronis
618 838 744 866 floribus
767 836 914 865 ornabant
936 838 1015 865 Suet.
1040 836 1112 875 Aug.
1137 839 1244 868 c.31.:
1285 835 1461 876 Compitales
1490 835 1565 865 lares
1596 848 1699 866 ornare
1727 835 1772 865 bis
1798 846 1876 865 anno
1905 836 2041 873 instituit,

90 881 185 909 vernis
203 879 336 920 floribus
357 887 383 908 et
404 881 528 909 aestivis.
573 881 618 909 Ex
646 880 704 909 hoc
732 884 830 908 autem
859 879 940 908 Festi
963 879 1029 908 loco
1056 879 1198 908 docemur
1220 889 1343 908 coronas
1364 880 1429 907 illas
1453 880 1563 918 amplas
1584 880 1689 915 fuisse,
1725 880 1786 907 imo
1807 883 1836 907 et
1857 878 1930 918 ipsis
1953 879 2041 908 etiam

91 923 202 952 laribus
226 923 360 951 maiores.
384 922 474 951 Dac.
519 923 594 953 Vide
616 923 691 952 insra
713 922 744 951 in
769 922 937 961 Optionalis
961 927 988 950 et
1010 922 1169 950 Donaticae
1191 921 1301 952 hastae.
1353 920 1456 952 Goth.

256 966 398 994 Dotem.
441 966 516 994 Dos.
555 968 580 994 A
603 964 719 996 διδόναι
743 965 831 1001 dare,
863 964 962 1003 inquit
982 965 1059 993 Fest.
1103 965 1159 993 Sed
1183 975 1243 993 non
1266 964 1453 1001 immediate,
1486 968 1530 993 est
1554 964 1629 992 enim
1653 974 1668 992 a
1693 963 1751 999 δὼς
1775 963 1854 1002 quod
1874 962 2041 1002 Hesychius

91 1008 214 1047 exponit
235 1005 327 1043 δόσις.
357 1007 445 1036 Dac.
479 1008 519 1036 Ea
542 1008 656 1048 φὲρνη,
681 1008 767 1047 προὶξ
787 1007 908 1036 Glossis.
942 1007 1025 1036 Adde
1049 1008 1138 1037 Titul.
1158 1008 1189 1037 C.
1216 1010 1264 1038 10.
1290 1007 1324 1035 de
1347 1007 1389 1035 rei
1413 1017 1498 1036 uxor.
1522 1012 1578 1036 act.
1600 1007 1667 1045 Ulp.
1689 1007 1725 1035 de
1749 1006 1839 1034 dotib.
1864 1005 1893 1034 ff.
1918 1006 1953 1035 de
1976 1005 2041 1034 iure

92 1051 219 1080 Dulium.
244 1048 352 1081 Goth.
402 1051 494 1079 Recta
517 1052 671 1080 descendit
693 1062 709 1079 a
728 1051 876 1079 Sanscrita
899 1050 999 1079 radice
1023 1049 1106 1087 dds,
1137 1050 1221 1086 dare,
1253 1050 1414 1088 porrigere.

256 1092 427 1124 Doliola.
473 1094 566 1122 Varro
583 1094 696 1124 lib.lV.
714 1093 770 1130 (V,
793 1104 821 1132 p.
840 1094 907 1125 156.
924 1103 984 1131 seq.
1001 1094 1078 1132 Sp.):
1101 1092 1152 1122 Est
1179 1091 1262 1122 locus
1284 1094 1334 1132 qui
1358 1100 1481 1121 vocatur
1496 1090 1623 1120 Doliola
1646 1090 1686 1119 ad
1709 1089 1842 1120 cloacam
1863 1091 2041 1126 maximam,

92 1136 142 1165 ubi
164 1147 222 1166 non
245 1135 313 1165 licet
335 1135 485 1176 despuere,
509 1148 527 1165 a
551 1136 685 1166 Doliolis
706 1136 759 1165 sub
782 1143 867 1164 terra.
910 1136 1058 1174 Integram
1081 1146 1118 1164 ex
1140 1136 1224 1164 Livio
1250 1135 1404 1163 historiam
1427 1135 1501 1163 libet
1524 1143 1672 1173 apponere
1698 1134 1759 1162 Lib.
1774 1134 1814 1166 V,
1838 1135 1944 1164 c.40.:
1968 1131 2041 1161 Fla-

91 1191 153 1208 men
175 1179 288 1207 inierim
315 1177 478 1215 Quirinalis
501 1180 679 1219 virginesque
705 1177 854 1215 Vestales,
892 1179 999 1207 omissa
1022 1190 1115 1207 rerum
1138 1189 1255 1206 suarum
1280 1190 1366 1214 cura,
1409 1189 1483 1218 quae
1504 1187 1654 1206 sacrorum
1678 1187 1773 1204 secum
1794 1174 1934 1215 ferenda,
1967 1185 2042 1215 quae

91 1222 177 1262 (quia
199 1223 273 1249 vires
295 1219 335 1248 ad
358 1223 455 1250 omnia
467 1220 599 1261 firenda
624 1220 752 1258 deerant)
777 1219 966 1260 relinquenda
988 1228 1095 1257 essent,
1127 1219 1340 1255 consultantes,
1371 1222 1469 1260 quisve
1490 1231 1524 1248 ea
1548 1218 1630 1248 locus
1647 1217 1733 1257 fideli
1756 1216 1887 1248 custodia
1911 1228 2042 1246 asserva-

93 1272 174 1292 turus
197 1270 281 1299 esset,
307 1264 447 1301 optimum
472 1262 582 1292 ducunt
605 1263 725 1292 condita
747 1264 778 1292 in
801 1262 936 1300 doliolis,
959 1262 1070 1292 sacello
1090 1264 1248 1303 proximo,
1273 1261 1393 1292 aedibus
1405 1263 1545 1303 flaminis
1570 1259 1747 1299 Quirinalis,
1771 1259 1821 1288 ubi
1842 1271 1919 1288 nunc
1942 1257 2042 1299 despui

92 1305 194 1345 religio
217 1312 276 1340 est,
300 1304 444 1345 defodere.
487 1306 581 1334 Locus
605 1311 649 1334 est
671 1316 730 1334 non
754 1306 841 1343 longe
864 1317 878 1333 a
903 1307 994 1334 muris
1016 1307 1108 1345 paulo
1131 1316 1222 1345 supra
1244 1305 1352 1334 horrea
1376 1306 1512 1345 publica,
1534 1305 1564 1332 in
1587 1304 1668 1332 XIII.
1691 1305 1810 1340 regione
1832 1302 1924 1330 urbis.
1951 1301 2040 1330 Dae.

254 1346 349 1376 Doli
376 1359 450 1377 voc.
497 1349 588 1377 Dolus
619 1354 651 1377 ut
678 1349 710 1377 iu
732 1349 840 1377 malam
864 1349 907 1376 sic
930 1354 958 1377 et
981 1349 1011 1376 in
1033 1349 1142 1377 bonam
1165 1354 1281 1387 partem
1304 1348 1487 1377 sumebatur.
1531 1346 1616 1375 Unde
1640 1346 1676 1375 ad
1700 1345 1917 1374 distinctionem
1941 1342 2041 1372 dolum

93 1389 202 1419 molum
233 1395 261 1418 et
292 1388 392 1418 dolum
422 1389 528 1420 bonum
557 1391 706 1420 dicebant.
750 1392 800 1419 Sic
822 1391 932 1420 multae
956 1392 1030 1420 aliae
1053 1401 1143 1420 voces
1166 1392 1281 1421 mediae
1303 1400 1369 1420 cum
1393 1391 1474 1430 apud
1498 1390 1617 1419 Latinos
1639 1394 1703 1418 tum
1726 1388 1805 1428 apud
1828 1388 1972 1421 Graecos,
2008 1390 2042 1414 ut

87 1435 188 1472 gratia
211 1432 292 1472 apud
315 1433 431 1462 Terent.
454 1433 530 1462 bona
555 1439 584 1463 et
607 1435 682 1463 mala
705 1435 807 1473 gratia.
854 1433 972 1462 Phorm.
988 1434 1042 1469 IV,
1067 1437 1102 1471 3,
1127 1437 1224 1470 (16.):

667 1502 710 1508 -
755 1502 793 1506 -
840 1483 919 1514 Inter
940 1495 992 1513 vos
1013 1485 1057 1514 sic
1078 1484 1150 1514 haec
1171 1485 1270 1525 potius
1293 1496 1359 1514 cum
1380 1483 1456 1514 bona

672 1527 710 1556 Ut
733 1534 946 1567 componantur
964 1528 1064 1565 gratia
1089 1538 1177 1567 quam
1201 1539 1266 1557 cum
1290 1526 1379 1558 mala.

89 1570 126 1599 Et
151 1568 231 1609 apud
254 1567 340 1597 Plaut
361 1567 486 1597 alicubi:

669 1610 818 1650 Cognaiae
840 1622 919 1639 meae
941 1608 1053 1639 malam
1073 1611 1201 1650 gratiam
1222 1610 1327 1640 hahere
1346 1622 1462 1651 nequeo.

92 1662 140 1690 Sic
162 1661 241 1701 apud
265 1661 396 1689 Graecos
418 1658 511 1701 χάρις.
557 1662 669 1692 Callim.
692 1661 795 1701 hymn.
819 1661 850 1689 in
876 1661 954 1690 net:

671 1710 766 1743 Melta
789 1709 845 1753 γάρ
868 1724 899 1752 γε
921 1714 1020 1747 κακῶς
1041 1711 1195 1752 ἐχαρίσατο
1218 1715 1323 1752 Λητοῖ.

90 1762 182 1791 Dac.
215 1759 250 1790 In
277 1759 368 1791 bonis.
402 1761 477 1792 Vide
499 1763 559 1794 1.1.
584 1765 648 1801 §.3.
663 1764 692 1793 fl'.
717 1764 754 1793 de
777 1763 856 1793 dolo.
880 1763 1006 1795 l.26.ff.
1030 1763 1066 1792 de
1090 1763 1224 1802 captivis.
1271 1762 1376 1792 Goth.

253 1813 383 1842 Dii-us.
431 1816 506 1852 Θεοχ
520 1812 629 1850 ζλωτος.
654 1813 750 1843 Scal.
786 1814 932 1843 Nannius:
954 1815 1064 1843 Dirum
1086 1822 1126 1842 esi
1150 1815 1245 1851 triste,
1269 1814 1406 1854 infestum
1428 1820 1454 1841 et
1477 1812 1562 1852 quasi
1576 1814 1709 1841 Deorum
1732 1812 1778 1839 ira
1800 1811 1928 1839 missum.
1960 1806 2038 1844 Virg-

90 1855 140 1884 hb.
155 1854 207 1882 XI.
231 1854 351 1884 Aeneid.
376 1856 434 1892 (ΙΙ,
456 1856 565 1896 622.):
601 1857 756 1896 Appareni
779 1856 861 1886 dirae
873 1856 986 1898 facies.
1030 1857 1068 1885 Et
1090 1856 1210 1893 Iib.llI,
1235 1856 1363 1895 (262.):
1401 1854 1459 1883 Seu
1482 1856 1540 1883 sint
1564 1853 1644 1883 dirae
1666 1853 1879 1893 obscoenaeque
1899 1848 2038 1896 volucres:

89 1897 210 1926 Servius
231 1907 303 1925 vero
326 1898 369 1926 ait
390 1908 453 1927 esse
476 1908 578 1927 vocem
602 1899 755 1928 Sabinam:
793 1898 916 1935 Sabini,
947 1899 1062 1937 inquit,
1093 1906 1119 1927 et
1147 1898 1267 1935 Umbri,
1303 1909 1378 1939 quae
1399 1909 1452 1926 nos
1473 1896 1570 1931 mala,
1609 1895 1676 1925 dira
1699 1894 1857 1936 appellant.
1903 1890 1991 1928 Quod
2014 1900 2037 1918 8¹

89 1949 192 1969 verum
224 1944 283 1975 est,
318 1940 419 1969 Sabini
443 1952 457 1969 a
483 1942 602 1970 Graecis
630 1953 789 1980 accepere:
825 1940 907 1970 dirus
930 1942 1005 1970 enim
1029 1953 1044 1970 a
1068 1940 1166 1975 δεινός
1185 1942 1299 1980 gravis,
1335 1952 1354 1969 n
1377 1945 1491 1969 mutato
1514 1941 1544 1967 in
1569 1951 1598 1975 r,
1636 1945 1670 1968 ut
1692 1948 1786 1976 saepe.
1817 1936 1906 1965 Dac.
1952 1932 2036 1981 Adde

88 1982 218 2011 Nonium
241 1981 270 2010 in
295 1982 396 2011 Dirum
420 1985 497 2021 (pag.
510 1987 560 2015 30.
585 1984 699 2023 Merc.).
724 1983 828 2014 Goth.
866 1985 926 2012 Dei
947 1985 1003 2012 ira.
1042 1984 1118 2012 Hinc
1137 1984 1234 2012 Gloss.
1257 1984 1369 2021 Dirae,
1393 1981 1496 2023 ὅργαι,
1519 1979 1662 2022 κατάραι,
1684 1980 1897 2021 θεοχωλοσίαι,
1921 1981 1950 2005 el·
1972 1977 2034 2004 Βι-

89 2037 137 2054 rus
157 2022 355 2064 θεοχώλοτος.
401 2024 505 2055 Goth..

253 2067 406 2107 Dei-oga
417 2079 460 2098 re.
506 2069 705 2098 Glossarium:
728 2070 862 2108 Det-oga!
885 2065 1027 2105 εὖτελίζει.
1050 2071 1227 2108 χρεωκοπεῖς
1250 2068 1354 2096 retulit
1377 2068 1413 2096 ad
1437 2067 1553 2096 tabulas
1574 2076 1676 2095 novas.
1713 2064 1787 2093 Nam
1810 2068 1839 2092 et
1859 2062 1891 2091 id
1914 2065 1956 2090 est
1978 2060 2033 2109 de-

87 2119 193 2147 rogare
208 2110 301 2138 veteri
318 2111 441 2140 credito.
467 2110 565 2140 Scal.
593 2111 715 2149 Aliquid
739 2112 832 2140 veteri
855 2112 910 2149 legi
936 2121 990 2150 per
1010 2111 1103 2149 legem
1126 2121 1233 2140 novam
1258 2110 1428 2148 detrahere,
1452 2115 1481 2139 et
1502 2110 1581 2140 idem
1605 2114 1649 2138 est
1671 2117 1828 2147 exrogare,
1850 2103 1933 2143 quod
1954 2103 2033 2133 wde-

87 2151 175 2181 Dac.
218 2152 287 2180 Dixi
310 2153 346 2180 ad
372 2153 519 2185 1.102.ss'.
543 2154 578 2182 de
600 2155 682 2184 verb.
705 2154 778 2191 sign.
824 2152 929 2182 Goth.

250 2195 471 2225 Dierectum.
517 2196 605 2231 Quod
627 2197 731 2226 Graeci
753 2196 859 2225 dicunt
881 2197 1100 2235 εἰςφθαρῆναι,
1136 2195 1232 2224 Latini
1256 2195 1420 2224 dierectum
1442 2195 1572 2230 intrare,
1604 2191 1686 2232 quod
1709 2189 1764 2223 οὐκ
1787 2188 1967 2228 ἇποφθαρεῖ
1987 2188 2031 2218 ἔν-

86 2238 211 2272 τεῦθενς
233 2237 336 2266 Latine
357 2238 386 2266 id
411 2242 469 2266 est:
490 2237 558 2267 Non
581 2237 651 2268 hinc
672 2238 799 2268 dierecta.
821 2236 941 2268 abibis?
962 2239 1000 2267 Et
1022 2238 1136 2267 similia.
1169 2239 1208 2267 De
1232 2238 1340 2278 quibus
1364 2238 1434 2266 satis
1456 2236 1536 2276 apud
1552 2236 1701 2265 Plautum.
1724 2232 1825 2264 Scal.
1856 2231 1949 2268 Quasi
1971 2229 2031 2258 dies

85 2286 179 2307 rectus
202 2284 231 2308 et
251 2290 305 2318 per
328 2279 522 2319 antiphrasim
546 2280 605 2309 dici
627 2282 692 2310 vult
714 2281 832 2317 Festus,
857 2280 938 2319 quod
960 2281 985 2309 is
1008 2280 1070 2310 dies
1092 2281 1211 2310 minime
1233 2286 1332 2310 rectus
1354 2281 1407 2317 sit,
1435 2281 1484 2309 sed
1507 2284 1611 2308 contra
1633 2289 1743 2308 saevus.
1789 2276 1877 2312 Quod
1898 2275 2028 2319 ineptum

83 2321 173 2360 plane
196 2326 248 2353 est.
293 2323 354 2351 Nec
376 2324 476 2362 placet
498 2323 585 2352 etiam
609 2329 641 2352 ut
665 2323 806 2352 dierectus
827 2324 863 2351 sit
884 2323 914 2351 in
939 2333 1054 2352 crucem
1079 2324 1190 2360 elatus,
1229 2329 1263 2352 ut
1286 2324 1405 2362 quidam
1427 2323 1542 2352 volunt.
1565 2322 1641 2350 Vere
1663 2326 1696 2349 ut
1717 2319 1838 2349 videtur
1858 2317 2025 2347 Salmasms,

84 2364 137 2401 qui
159 2364 274 2393 monuit
298 2364 439 2394 dierectus
461 2375 523 2394 esse
546 2376 656 2395 meram
679 2371 782 2405 putam
805 2376 910 2394 vocem
930 2366 1073 2395 Graecam
1096 2364 1285 2406 διάῤῥεκτος,
1308 2377 1327 2395 a
1349 2367 1379 2394 in
1401 2376 1415 2394 e
1436 2369 1550 2394 mutato
1573 2363 1728 2400 dierectus,
1750 2362 1779 2390 id
1804 2365 1848 2389 est
1869 2358 2023 2394 ‹list-uptus·

85 2405 204 2437 Cui-cul.
222 2407 264 2443 ll,
290 2411 334 2439 L:
371 2407 444 2437 Lien
469 2406 604 2437 ἀίει-τοίω
627 2410 673 2440 ἐι.
717 2409 772 2436 Ubi
800 2409 918 2447 quidam
942 2409 1027 2438 codd.
1051 2408 1174 2438 liabent:
1211 2408 1285 2438 Lien
1309 2407 1450 2449 disrupiu’
1473 2408 1519 2437 ἐι
1565 2407 1654 2443 Quod
1677 2406 1740 2435 sine
1763 2404 1852 2432 dubio
1873 2408 1932 2429 non
1954 2404 2023 2424 vem
