2263 2668
510 151 575 185 DE
602 152 993 188 SIGNIFICATIONE
1023 152 1308 189 VERBORUM.
1362 155 1507 189 LIBER
1533 156 1624 190 xlv.
1970 157 2048 192 573

92 247 243 277 emendari
267 245 374 275 debere
397 249 510 273 certum
535 249 595 273 est:
635 244 706 274 Cum
736 246 810 275 enim
841 257 880 275 ex
908 244 1051 274 mercibus
1079 244 1237 275 libamenta
1264 256 1400 287 porrecta
1426 257 1492 278 sunt
1514 249 1642 279 Herculi
1663 250 1692 279 in
1715 260 1784 286 ara,
1819 257 1878 277 tum
1898 248 2046 289 pollutum

91 298 149 327 est,
186 297 211 318 et
234 297 294 318 tum
315 286 475 328 profanum
500 285 625 325 dicitur,
661 287 694 316 id
716 296 756 317 est
775 287 900 328 proinde
921 295 952 316 ut
974 289 1012 316 sit
1031 287 1107 327 fani
1124 288 1256 327 factum.
1304 289 1407 330 Itaque
1428 291 1471 320 ibi
1493 291 1563 321 olim
1587 293 1617 321 in
1635 292 1720 332 fano
1742 290 1966 321 consumebatur
1988 298 2045 325 etc.

90 333 148 362 Sed
171 332 241 371 quia
264 330 503 359 emendationum
527 331 658 359 omnium
683 335 746 359 tum
771 333 888 360 demum
911 331 988 360 ratio
1012 340 1083 358 vera
1107 335 1151 359 est
1174 337 1202 360 et
1224 338 1342 370 aperta,
1380 343 1464 370 cum,
1501 345 1575 373 quae
1604 340 1688 363 antea
1710 334 1927 363 indissolubilia
1950 340 2044 373 erant,

91 386 123 405 ea
147 375 230 403 nullo
253 374 368 413 negotio
393 372 601 401 dissolvuntur
624 378 651 401 et
675 373 858 410 enodantur,
896 374 1053 402 videamus
1084 373 1194 402 virisne
1224 375 1319 403 doctis
1349 375 1422 404 haec
1451 383 1552 406 nostra
1582 377 1748 406 emendatio
1771 377 1924 416 probanda
1947 377 1986 406 sit
2006 389 2045 407 an

90 417 246 455 exigenda.
293 417 341 445 Ait
364 415 473 444 Varro:
514 413 603 452 Quod
625 417 654 444 in
677 418 809 446 sacrario
829 415 994 456 pollucetur
1016 422 1042 443 et
1064 417 1212 454 sacrificio
1236 416 1365 457 quodam
1379 418 1530 460 sanatur,
1570 427 1601 448 ut
1623 419 1759 449 adinstar
1769 418 1847 461 fani
1867 420 1920 456 sit,
1954 428 2044 459 post-

89 471 178 500 quam
201 458 269 488 inde
291 456 417 487 Herculi
445 456 567 486 decuma
597 465 638 486 est
668 456 753 496 data,
792 471 875 488 omne
903 457 937 487 id
962 456 1153 498 profanatum
1178 466 1203 486 et
1224 459 1388 499 polluctum
1413 460 1529 491 dicitur.
1573 462 1638 491 Huc
1660 471 1755 500 usque
1778 462 1878 491 verbis
1902 462 2043 491 Varronis

89 503 161 531 satis
184 501 361 530 insistimus:
390 500 500 539 pergit:
539 498 578 527 Id
607 511 691 529 omne
718 509 814 530 autem
843 500 953 530 dicitur
976 498 1140 538 polluctum
1165 512 1182 528 α
1203 501 1391 541 porriciendo
1419 514 1489 533 voce
1512 504 1620 546 efficta.
1664 504 1743 533 Nam
1766 515 1831 533 cum
1854 515 1894 533 ex
1918 503 2043 543 dapibus

88 544 250 574 libamenta
271 550 408 583 porrecta
431 549 496 570 sunt
519 540 646 571 Herculi
668 543 697 571 in
728 554 798 581 ara,
837 551 896 572 tum
924 541 1087 582 polluctum
1118 550 1173 579 est,
1214 543 1246 572 id
1268 552 1308 573 est
1331 552 1390 573 tum
1415 545 1549 584 pollucta
1572 546 1684 587 reliqua
1708 544 1781 585 claps
1802 545 1912 576 clicitur
1933 554 1959 575 et
1981 554 2042 576 tum

87 587 174 615 etiam
197 585 307 615 dicitur
327 584 476 626 profana,
506 582 539 612 id
561 592 601 613 est
623 592 676 614 etc.
720 584 825 626 Itaque
846 585 888 615 ibi
909 584 1035 626 insano
1059 585 1281 615 consumebatur
1304 598 1387 616 omne
1408 587 1456 624 id,
1487 587 1567 628 quod
1586 587 1749 630 profanum
1772 596 1835 616 erat
1857 593 1911 617 etc.
1955 589 2042 617 Nunc

89 629 232 657 Varronis
255 628 343 656 verba
368 629 434 655 luce
458 627 521 665 ipsa
546 627 691 664 clariora,
717 628 794 657 unde
816 633 861 658 sat
884 629 962 664 scio,
986 638 1071 655 nemo
1095 628 1180 656 aliter
1203 639 1232 657 se
1255 630 1325 658 satis
1350 630 1496 669 expediat.
1539 632 1574 659 Et
1596 636 1676 660 certe
1699 630 1825 659 maxime
1849 631 2042 670 Reipublicae

86 671 235 700 literariae
264 671 422 707 intererat,
460 674 493 697 ut
522 679 559 697 ne
590 669 638 698 hic
669 670 750 699 locus
775 671 917 700 Varronis
947 675 974 699 et
1002 670 1074 698 alter
1097 670 1175 699 Festi
1199 671 1308 700 diutius
1328 672 1360 700 in
1383 673 1512 701 tenebris
1536 674 1672 705 laterent.
1717 674 1812 702 Varro
1836 673 1971 712 quidem,
2009 678 2042 702 ut

86 714 225 752 superius
255 713 402 749 diximus,
439 723 499 740 non
529 712 601 740 satis
630 713 794 751 intellexit,
833 714 907 753 quid
929 713 1052 752 proprie
1076 717 1152 741 esset
1172 713 1351 755 profanum,
1390 725 1458 743 cum
1481 716 1521 744 ait
1544 716 1601 744 dici
1622 715 1784 757 profanum
1805 714 1930 755 proinde
1951 722 1983 744 ut
2003 716 2043 744 sit

82 756 153 796 fani
170 755 305 798 factum.
349 756 385 784 Et
415 765 449 783 eo
479 755 610 793 graviter
635 756 735 794 lapsus
759 762 820 794 est,
856 756 936 795 quod
948 755 1096 797 sanatum
1119 755 1197 783 inter
1221 761 1248 785 et
1269 756 1461 797 profanatum
1484 758 1598 787 nullum
1622 759 1781 787 discrimen
1805 758 1924 794 statuit,
1959 758 2042 797 quod

87 799 249 827 maximum
275 808 336 826 esse
359 798 447 826 facile
477 798 617 825 evincunt
647 808 722 836 quae
744 798 794 827 hic
817 810 832 827 a
855 798 939 827 nobis
962 798 1058 837 posita
1081 802 1150 826 sunt
1173 803 1201 826 et
1225 809 1260 827 ex
1285 805 1418 828 veterum
1442 801 1502 828 sere
1526 802 1657 829 omnium
1680 801 1839 829 autoritate
1862 800 2041 839 comproba-

84 846 144 869 tur.
189 841 376 869 Meminerint
398 840 488 878 igitur
511 840 678 869 Latinitatis
702 846 730 869 et
753 842 863 870 rituum
888 842 1086 869 Romanorum
1116 841 1242 869 studiosi
1273 842 1391 871 minime
1420 843 1493 871 viris
1523 843 1618 872 doctis
1648 843 1830 872 credendum
1854 853 1934 880 esse,
1972 853 2041 871 cum

85 884 226 912 audacter
249 883 410 919 affirmant,
435 892 510 921 quae
533 883 773 921 porriciebantur
797 895 830 913 ea
849 882 983 923 pollucta
1006 888 1034 911 et
1054 882 1218 924 profanata
1242 884 1338 920 dicta,
1369 895 1434 913 cum
1461 890 1564 913 contra
1585 885 1715 926 profana
1739 886 1800 914 sive
1823 883 1988 926 profanata
2011 889 2040 914 et

81 924 221 964 pollucta·
241 931 303 954 tum
328 926 445 954 demum
470 925 548 953 dicta
572 925 631 953 sint
653 926 750 954 omnia
773 926 947 955 sacrificalia
977 926 1028 953 illa
1059 926 1213 961 convivia,
1252 932 1412 966 postquam
1444 938 1545 956 eorum
1576 929 1707 967 proiecta
1735 933 1797 956 erat
1827 938 1896 966 pars
1929 927 2038 966 aliqua,

84 978 160 1006 quae
183 969 307 1007 proprie
328 969 442 1007 porrici
463 967 629 996 dicebatur.
666 968 738 997 Nam
759 968 923 1009 polluctum
948 968 976 996 id
1001 968 1172 1001 dicebatur,
1196 969 1277 1006 quod
1301 971 1415 1009 populo
1439 970 1663 1009 exponebatur,
1687 970 1768 1009 quod
1792 980 1850 999 non
1873 969 1961 999 fiebat
1984 970 2038 999 nisi

84 1015 154 1049 post
177 1011 239 1039 eius
263 1016 377 1050 partem
401 1011 529 1049 aliquam
552 1015 728 1049 porrectam.
772 1011 846 1040 Inde
869 1010 950 1050 apud
973 1011 1067 1040 Plaut.
1092 1011 1217 1039 Rudent.
1240 1010 1297 1051 (ΙΙ,
1322 1013 1357 1049 4,
1384 1012 1460 1053 11.):

541 1069 583 1074 -
626 1069 668 1074 -
711 1070 754 1075 -
797 1065 856 1083 non
876 1065 938 1082 sum
960 1051 1094 1093 pollucta
1113 1064 1195 1093 pago

541 1095 636 1123 Potin·
658 1103 688 1124 ut
711 1108 756 1125 me
777 1095 924 1125 abstineas
947 1107 1075 1124 manum.

84 1135 222 1166 Pollucta
243 1148 338 1176 pago,
371 1137 399 1165 id
424 1142 466 1166 est
486 1148 565 1176 pago
588 1139 734 1177 exposita.
780 1140 817 1167 Et
839 1139 868 1166 in
893 1139 1071 1167 Curculione
1096 1136 1135 1177 (l,
1159 1140 1192 1175 3,
1215 1137 1294 1176 37.):

540 1178 628 1217 Quod
650 1179 766 1220 quictem
788 1180 861 1209 mihi
881 1180 1031 1220 polluctus
1051 1181 1142 1220 virgis
1164 1192 1261 1209 servus
1280 1185 1335 1209 etc.

83 1220 190 1250 Servus
209 1220 360 1260 polluctus
382 1221 471 1261 virgis
493 1222 586 1250 facete
609 1222 720 1251 dicitur
741 1224 831 1263 virgis
853 1222 1010 1259 subiectus,
1035 1223 1204 1262 expositus,
1228 1233 1287 1251 non
1311 1233 1398 1260 vero,
1429 1228 1462 1252 ut
1484 1224 1699 1262 interpretatur
1722 1223 1921 1260 Camerarius,
1944 1223 2035 1261 virgis

80 1264 266 1301 cumulatus3
300 1274 394 1301 neque
419 1264 494 1292 enim
519 1274 568 1292 ara
594 1263 728 1293 Herculis
752 1266 832 1294 omni
855 1267 1074 1294 esculentorum
1099 1272 1127 1294 et
1149 1266 1378 1304 poculentorum
1403 1275 1508 1303 genere
1531 1271 1594 1295 erat
1616 1267 1743 1302 referta,
1766 1270 1798 1294 ut
1821 1265 1884 1304 ipse
1906 1266 2035 1304 putavit,

79 1306 131 1334 sed
155 1316 257 1334 eorum
282 1311 367 1344 parte
391 1307 506 1344 aliqua,
531 1316 607 1345 quae
627 1308 742 1346 porrici
763 1309 885 1347 proprie
909 1308 1073 1338 dicebatur.
1097 1308 1187 1337 Dac.
1234 1308 1354 1348 Scripta
1376 1309 1406 1336 in
1429 1308 1474 1337 lzis
1496 1308 1580 1337 libris
1602 1309 1680 1337 meis.
1717 1309 1806 1346 Lege:
1835 1306 1983 1348 Inscripta
2004 1309 2036 1337 in

77 1347 124 1376 his
147 1347 232 1377 libris
255 1349 325 1376 meis
348 1349 542 1384 invenientur,
566 1350 617 1389 qui
639 1349 839 1379 inscribuntur
861 1355 917 1380 etc.
950 1351 1023 1379 Vide
1045 1356 1112 1379 ante
1136 1351 1318 1388 scaligerum
1342 1351 1392 1387 (ad
1415 1350 1654 1391 v.Prof'anum.).
1677 1349 1787 1380 Idem.
1827 1350 1910 1378 Adde
1934 1351 2034 1389 Augu-

77 1392 144 1418 stin.
170 1391 207 1419 ad
231 1401 257 1418 v.
274 1389 450 1432 Profonum.
484 1391 527 1418 Cf.
552 1402 627 1429 quae
651 1402 738 1431 supra
764 1393 894 1422 diximus
917 1393 953 1421 ad
977 1403 1005 1422 v.
1020 1392 1155 1423 Licitati.
1191 1393 1275 1422 Adde
1300 1394 1466 1423 Doederlin.
1490 1395 1560 1432 Syn.
1584 1394 1646 1422 Lat.
1668 1398 1738 1422 tom.
1751 1393 1800 1423 ΙΙΙ.
1824 1403 1852 1431 p.
1868 1395 1937 1423 109.
1951 1403 2033 1432 seqq.

77 1431 243 1462 Lindem.
273 1433 318 1461 Ex
342 1433 499 1472 disciplina
523 1433 715 1472 haruspicum
737 1434 919 1475 porriciencli
941 1436 1066 1464 verbum
1089 1435 1325 1465 sacrificantibus
1349 1437 1479 1465 solemne
1502 1441 1579 1472 erat,
1604 1436 1654 1475 qui
1677 1435 1799 1475 proprie
1819 1436 1966 1474 porricere
1988 1436 2034 1463 di-

77 1475 237 1512 cebantur,
262 1486 328 1504 cum
352 1486 435 1505 caesa
459 1487 495 1504 ex
519 1476 649 1506 victimis
672 1483 701 1506 et
724 1478 857 1516 inspecta
881 1478 1069 1515 diligentius,
1099 1489 1169 1507 num
1194 1479 1266 1517 quid
1290 1479 1354 1507 vitii
1378 1477 1522 1508 haberent
1546 1484 1628 1515 exta,
1650 1479 1699 1508 vel
1723 1488 1875 1507 accensam
1899 1477 1929 1505 in
1954 1488 2034 1506 aram

76 1518 122 1546 vel
145 1519 176 1546 in
199 1519 323 1547 alteram
348 1529 409 1548 rem
433 1529 470 1547 ex
492 1520 617 1558 proprio
643 1520 779 1548 sacrificii
803 1522 863 1549 ritu
886 1521 1079 1549 coniicerent.
1122 1521 1216 1549 Plaut.
1240 1522 1378 1550 Pseudol.
1402 1522 1442 1561 (I,
1466 1524 1501 1559 3,
1525 1520 1605 1560 31.);

535 1587 568 1592 ·-
621 1588 660 1592 —
706 1586 744 1591 -
789 1581 857 1598 nam
880 1571 907 1598 si
927 1573 1090 1611 sacrfficem
1113 1583 1225 1600 summo
1249 1570 1313 1600 Iovi

532 1611 634 1651 Atque
655 1613 686 1640 in
709 1611 845 1640 manibus
867 1619 940 1641 etz-ta
963 1620 1089 1650 teneam,
1126 1621 1157 1641 ut
1177 1614 1339 1652 porriciam
1363 1615 1471 1642 interea
1493 1613 1554 1644 loci

533 1653 569 1682 Si
591 1652 668 1683 lucri
689 1652 762 1694 quid
785 1652 885 1692 detur,
919 1656 1021 1694 potius·
1040 1668 1097 1685 rem
1122 1654 1251 1685 divinam
1275 1655 1414 1687 deseram.

76 1694 111 1722 Et
136 1693 236 1732 virgil.
254 1693 286 1723 V.
310 1693 430 1724 Aeneid.
454 1694 572 1733 (776.):

652 1754 695 1760 —
737 1755 780 1760 --
823 1756 865 1761 —
907 1747 1035 1781 extaque
1056 1739 1152 1769 salsos

532 1780 662 1810 Porricit
686 1782 716 1810 in
728 1782 844 1822 fluctus
867 1790 892 1811 et
914 1783 983 1811 vina
1006 1782 1147 1822 liquentia
1167 1780 1282 1823 fundit.

75 1829 226 1858 Porricere
249 1833 344 1857 autem
369 1840 385 1857 a
406 1830 554 1869 porrigere
576 1836 634 1868 est,
664 1843 680 1861 c
701 1832 733 1860 in
751 1844 774 1872 ὃν
795 1837 926 1870 mutato,
951 1838 985 1861 ut
1005 1834 1116 1862 acitare
1138 1844 1194 1872 pro
1217 1834 1346 1873 agitare,
1371 1832 1495 1863 leciones
1518 1843 1573 1872 pro
1597 1831 1723 1872 legiones
1744 1831 1883 1861 dicebant
1905 1837 2028 1861 veteres.

74 1872 151 1900 Vide
172 1876 242 1910 post
265 1871 439 1912 Profanum.
484 1872 575 1904 Dac.

238 1913 424 1953 Ρῡνίὅαηῑ-
455 1915 513 1951 (Ad
535 1927 564 1955 P·
580 1917 663 1953 201.)
693 1916 782 1954 Lege:
813 1928 879 1946 cum
901 1924 998 1957 aperte
1020 1930 1034 1946 e
1053 1929 1208 1958 proregam
1231 1925 1358 1947 tractum
1381 1918 1428 1947 sit.
1458 1916 1555 1947 Scal.
1599 1918 1657 1946 Pro
1678 1917 1831 1956 porrigam
1853 1916 1978 1954 simplici
2003 1928 2026 1944 r.

73 1956 125 1985 Est
148 1960 246 1984 autem
270 1957 422 1995 porrigere
444 1968 503 1986 non
527 1969 543 1986 a
565 1969 659 1997 porro
682 1969 799 1997 regere,
830 1964 862 1988 ut
885 1960 934 1988 hic
956 1965 1042 1998 putat
1064 1961 1157 1996 Fest.,
1190 1961 1241 1989 sed
1265 1972 1280 1989 a
1300 1972 1352 1999 per
1374 1966 1402 1990 et
1426 1971 1508 1999 rego:
1539 1971 1605 1989 nau]
1629 1972 1643 1988 e
1664 1959 1747 1988 vocis
1766 1970 1819 1998 per
1841 1963 1973 1986 mutatur
1995 1959 2026 1986 in

72 2009 104 2035 o,
130 1998 189 2026 imo
213 2003 241 2027 et
263 1999 326 2038 ipse
350 1999 454 2028 Festus
476 2001 552 2029 insra
575 2002 605 2029 id
631 2001 736 2030 innuit.
775 2002 848 2030 Nam
872 2013 927 2041 pro
951 2002 996 2031 his
1019 2007 1120 2041 aperte
1143 2013 1158 2031 e
1181 2003 1247 2032 rivo
1270 2013 1369 2040 regam
1393 2004 1566 2041 legendum,
1592 2007 1624 2032 ut
1646 2001 1733 2031 docet
1755 2001 1898 2039 Scaliger,
1924 2006 2025 2040 aperte

72 2051 87 2070 e
109 2051 166 2080 pro
189 2051 287 2079 regam
311 2046 437 2070 tractum
460 2043 506 2071 sit.
551 2044 608 2072 Pro
629 2045 777 2084 porrigere
796 2056 917 2084 porgere
939 2045 1081 2074 dicebant
1103 2050 1226 2074 veteres.
1272 2045 1374 2084 virgil.
1397 2046 1480 2083 (Aen.
1498 2046 1581 2083 VIII,
1605 2045 1704 2083 274.):

755 2111 797 2116 —
843 2113 881 2118 —
929 2096 1047 2135 Pergite
1065 2095 1174 2136 pocula
1197 2095 1320 2126 dextris.

71 2142 125 2171 Da
137 2153 160 2172 c.
197 2141 226 2171 E
247 2143 308 2171 rivo
332 2153 438 2182 regam.
469 2144 492 2172 E
516 2144 582 2172 civo
605 2145 690 2183 regit.
725 2145 784 2174 Alii
807 2158 822 2174 e
841 2154 993 2186 protegam
1016 2155 1142 2177 tractum
1166 2148 1212 2176 sit.
1261 2146 1366 2176 Goth.

235 2192 377 2222 Porcae
399 2194 657 2233 appellantur.
701 2196 750 2224 Sic
774 2207 880 2234 porcas
904 2202 932 2225 et
953 2198 1050 2225 sulcos
1072 2208 1127 2235 pro
1150 2198 1254 2227 eodem
1278 2198 1369 2227 sumit
1387 2198 1508 2234 Festus,
1531 2201 1633 2225 contra
1656 2195 1737 2235 quod
1759 2195 1791 2223 in
1816 2205 1889 2223 voce
1911 2196 2018 2233 impor-

71 2236 162 2272 citor,
200 2235 251 2263 ubi
281 2235 404 2273 legitur:
441 2248 534 2275 porca
566 2245 606 2266 est
635 2238 709 2266 inter
736 2237 810 2267 duos
832 2238 930 2268 sulcos
954 2247 1030 2268 terra
1053 2241 1186 2268 eminens.
1232 2241 1275 2269 lbi
1298 2241 1374 2269 enim
1399 2251 1519 2279 porcam
1543 2244 1645 2278 aperte
1668 2250 1683 2267 a
1706 2238 1790 2267 sulco
1815 2237 1967 2274 distinguit
1989 2241 2017 2263 et

68 2288 172 2306 revera
196 2278 312 2306 diversa
335 2288 383 2307 res
407 2283 459 2309 est.
506 2280 618 2308 Por-cae
640 2280 697 2308 alio
721 2281 841 2310 nominc
871 2281 944 2310 lirae
973 2282 1162 2311 dicebantur.
1206 2284 1368 2312 Columella
1398 2283 1449 2314 lib.
1461 2283 1483 2311 Ι.
1504 2292 1567 2320 cap.
1580 2282 1628 2313 4.:
1663 2280 1753 2309 Liras
1782 2280 1883 2308 rustici
1911 2283 2016 2306 vocant

68 2319 182 2349 easdem
200 2331 324 2358 porcas,
349 2332 413 2349 cum
434 2322 477 2350 sic
499 2330 615 2350 aratum
639 2330 695 2360 est,
718 2331 748 2351 ut
771 2324 844 2352 inter
867 2323 940 2353 duos
962 2323 1052 2353 latius
1075 2323 1215 2354 distantes
1237 2325 1334 2355 sulcos
1356 2324 1467 2355 medius
1488 2322 1622 2354 cumulus
1642 2324 1752 2353 siccam
1773 2321 1867 2351 sedem
1885 2320 2012 2365 frumen:

68 2364 105 2392 tis
125 2362 272 2402 praebeat.
318 2363 390 2391 Inde
415 2364 559 2394 mussan:
584 2375 677 2404 porca
701 2363 733 2396 τὸ
758 2363 864 2404 μεταξύ
888 2369 948 2396 τῶν
970 2365 1110 2397 αὐλάκων
1133 2365 1225 2405 ὕψος.
1269 2369 1378 2397 Tamen
1401 2378 1468 2397 cum
1491 2366 1560 2396 liras
1583 2366 1714 2395 dixerint
1734 2366 1831 2394 sulcos
1854 2363 1938 2396 illos,
1961 2370 2012 2398 qui

67 2407 98 2434 in
120 2404 198 2444 agris
219 2405 346 2443 fiebant,
368 2410 404 2434 ut
426 2407 496 2436 inde
518 2407 548 2436 in
572 2408 697 2436 maiores
721 2409 819 2437 sulcos
842 2409 905 2438 sive
928 2410 1020 2438 fossas
1045 2420 1121 2449 aqua
1145 2410 1332 2448 decurreret,
1354 2411 1417 2441 fieri
1441 2410 1529 2440 etiam
1549 2410 1666 2449 potuit,
1690 2413 1722 2437 ut
1745 2406 1819 2435 sulci
1841 2404 1885 2432 illi
1903 2413 2012 2442 porcae
