2263 2668
211 169 286 204 652
642 161 985 196 COMMENTARH
1011 163 1058 196 IN
1085 160 1229 195 PAULI
1256 160 1449 194 DIACOM
1476 160 1728 196 EXCERPTA

210 258 259 293 tra¹
287 261 500 291 Grammaticos
530 266 608 291 mea,
646 261 712 291 tua,
752 265 821 288 sua,
861 256 1046 283 accusativos
1075 265 1153 291 esse,
1191 263 1250 282 non
1279 254 1421 282 ablativos
1451 253 1596 282 indicavit
1624 254 1661 282 ad
1690 254 1764 282 illud
1792 255 1909 283 Terent.
1938 254 2055 285 Phorm.
2085 255 2154 295 (lv,

211 306 248 342 5,
273 303 349 342 11.):
377 299 456 339 Quid
479 306 544 334 tua,
567 294 696 333 malum,
720 295 753 325 icl
775 295 887 335 refert?
912 298 961 325 ubi
983 298 1050 326 ille:
1078 296 1113 325 Et
1136 307 1225 337 quare
1247 295 1393 336 quomodo
1413 294 1530 324 dicatur
1553 295 1625 335 quid
1648 308 1727 332 mea,
1751 296 1823 337 quid
1845 295 1922 326 tua?
1945 308 1984 326 an
2007 296 2083 325 deest
2104 297 2154 335 αᾶ,

211 355 242 377 ut
265 348 301 375 sit
324 344 364 374 ad
386 353 464 377 mea,
488 338 528 368 ad
551 337 626 368 tua?
649 338 701 366 Da
712 350 736 369 c.
781 338 885 379 Refert
908 345 1007 368 utrum
1032 351 1068 368 ex
1091 340 1309 378 praepositione
1334 339 1529 375 compositum
1554 349 1591 366 an
1614 349 1649 367 ex
1674 340 1860 368 substantivo
1884 351 1942 375 res,
1968 339 2090 368 dubium
2112 340 2157 367 vi-

211 389 275 418 deri
297 390 403 426 potest.
444 384 517 411 Nam
542 387 701 419 utrumque
724 381 812 409 habet
835 383 988 411 rationem.
1033 383 1122 418 Quod
1147 392 1217 410 vero
1241 382 1277 410 ad
1302 381 1441 409 formulas
1466 379 1551 420 refert
1571 392 1650 418 mea,
1675 389 1740 418 tua,
1766 393 1819 410 sua
1844 387 1899 410 cet.
1923 383 2045 418 attinet,
2067 384 2097 410 in
2121 382 2156 410 iis

210 428 385 471 pronomina
408 436 467 454 non
491 435 553 453 esse
576 424 738 461 ablativos,
769 429 820 451 aut
842 429 876 452 ut
899 426 948 453 alii
973 425 1163 453 Grammatici
1187 425 1310 459 volunt,
1341 423 1497 457 adverbia,
1522 424 1590 451 satis
1614 424 1732 452 videtur
1753 425 1948 454 manifestum.
1993 425 2065 453 Nam
2087 425 2157 453 licet

210 471 365 506 credibile,
404 467 637 507 praepositiones
659 467 728 495 istas
752 467 839 501 inter,
871 475 1004 508 propter,
1033 475 1115 506 post,
1145 467 1180 495 ab
1204 467 1332 504 antiquis
1356 466 1443 494 etiam
1467 465 1603 494 ablativis
1626 467 1746 504 adiungi
1770 467 1917 506 potuisse,
1955 477 2047 505 quum
2070 467 2157 495 etium

209 513 316 544 dativis
339 511 468 550 antiquis
490 510 741 547 adiungerentur,
772 514 805 537 ut
828 515 909 548 patet
934 521 970 539 ex
994 510 1054 538 his:
1088 508 1217 547 interibi,
1247 507 1372 548 postibi,
1403 507 1494 544 adeo,·
1527 513 1623 537 tamen
1648 509 1715 548 quia
1739 510 1818 548 apud
1842 510 2061 548 antiquissimos
2083 519 2157 538 neu—

207 555 332 586 tralibus
356 554 457 583 formis
480 563 566 591 saepe
590 550 610 579 d
632 551 718 580 finale
741 552 803 580 sive
827 554 1037 590 paragogicum
1062 553 1130 580 addi
1153 552 1282 586 solebat,
1304 551 1448 579 credibile
1471 551 1563 588 magis
1587 557 1643 588 est,
1667 552 1783 589 longam
1806 552 1926 581 illorum
1947 552 2156 591 pronominum

208 598 370 638 syllabam,
403 606 477 635 quae
501 600 608 624 neutra
631 595 758 630 suerint,
790 595 858 623 inde
882 601 974 624 ortam
1000 606 1080 632 esse,
1118 595 1195 633 quod
1221 594 1359 623 omissum
1384 592 1404 621 ἄ
1427 594 1582 631 vestigium
1604 595 1648 623 sui
1671 595 1852 633 relinqueret
1873 595 1904 623 in
1927 595 2074 633 producta
2097 595 2157 633 syl-

209 642 285 670 laba.
332 640 474 668 Similiter
497 639 588 675 istuc,
613 648 702 674 quum
726 647 781 675 pro
806 637 945 667 istud-ce
965 638 1092 674 dicitur,
1122 637 1255 666 ultimam
1276 636 1433 676 producit3
1467 635 1570 673 illaec,
1594 637 1700 672 istaec,
1724 637 1811 673 lzuec,
1844 647 1934 676 quum
1958 643 2063 667 neutra
2087 642 2157 666 sunt

207 683 354 724 pluralia,
378 693 413 711 ex
436 679 562 716 istadce,
585 678 709 715 illudne,
731 678 825 708 hadce
847 685 911 708 orta
936 691 997 708 esse
1019 681 1177 716 videntur,
1209 681 1260 708 sed
1283 679 1364 707 aliud
1389 678 1596 717 productionis
1619 680 1751 717 signum,
1782 679 2017 718 diphthongum,
2041 690 2156 709 assum-

209 731 321 756 serunt.
365 725 413 752 Sic
435 726 525 759 igitur
547 722 576 750 in
596 723 624 750 S.
638 723 667 752 C.
695 724 734 750 De
758 721 904 752 Bacchan.
929 723 980 762 qui
1001 734 1149 751 arum-sum
1174 722 1229 751 ead
1248 721 1385 762 fecissent
1409 721 1531 759 legitur,
1562 732 1621 760 quo
1646 722 1749 750 eodem
1771 722 1971 759 referendum,
2001 722 2081 761 quod
2103 723 2156 751 ad-

208 769 343 798 verbium
371 763 549 805 facillumed
573 764 604 792 in
628 765 728 793 eodem
752 767 779 792 S.
794 765 824 792 C.
848 770 876 793 et
897 763 1088 804 preivileciad
1110 766 1140 793 in
1165 766 1234 802 leeg.
1258 764 1322 793 Xll.
1348 763 1425 792 tabb.
1447 764 1608 792 invenitur.
1655 765 1832 793 Adverbium
1852 763 2031 805 facillumed
2054 769 2157 793 osten-

209 812 268 846 dit,
306 808 325 837 d
345 808 419 836 illud
444 807 519 836 nihil
542 806 690 836 interdum
719 808 824 842 fuisse,
863 808 919 835 nisi
943 808 1057 844 signum
1089 807 1312 846 productionis3
1350 811 1487 834 neutrum
1515 805 1704 845 preivileciad
1733 809 1802 836 satis
1833 808 2033 843 demonstrat,
2069 807 2157 836 etiam

208 857 310 882 neutra
334 852 363 879 in
388 861 406 878 a
428 850 591 879 desinentia
615 849 635 878 d
656 850 865 888 paragogicum
889 850 912 877 si
937 860 996 878 non
1019 860 1147 888 semper,
1179 855 1206 878 at
1231 859 1442 887 nonnunquam
1466 849 1608 885 traxisse,
1638 849 1776 888 idemque
1798 850 1870 888 ipsis
1894 850 2051 886 accidisse,
2076 850 2158 888 quod

208 895 321 925 neutris
344 892 558 930 singularibus,
588 892 682 929 istud,
713 891 812 927 aliud,
842 891 935 928 illud,
958 892 1006 928 id,
1028 894 1142 927 evenit,
1168 903 1242 931 quae
1265 892 1431 931 posteriora
1455 892 1542 920 etiam
1565 892 1595 919 in
1618 893 1769 921 Sanscrito
1793 903 1927 921 sermone
1950 893 1980 921 in
2003 900 2014 921 t
2037 897 2157 928 exeunt,

208 942 241 967 ut
263 938 364 977 anjat,
383 937 448 973 jar,
471 941 532 971 tat,
557 935 627 974 tjat‚
650 935 717 964 etat.
761 935 825 963 Erit
846 935 938 972 igitur
961 935 1049 963 etiam
1072 936 1102 963 in
1126 935 1260 964 formulis
1284 933 1381 975 refert,
1405 935 1519 962 interest
1543 944 1606 962 mea
1630 939 1684 963 cet.
1708 936 1737 963 in
1762 935 1918 964 vocabulis
1941 936 2064 972 interea,
2084 945 2158 975 pro-

206 987 319 1020 pterea,
354 985 454 1018 postea
483 977 586 1006 ultima
616 978 779 1016 producta,
814 981 938 1016 propter
966 978 1099 1006 omissam
1124 977 1144 1005 ci
1166 979 1293 1006 litteram
1323 977 1546 1016 pai-agogicam,
1585 976 1669 1006 cuius
1694 977 1857 1007 omissionis
1880 979 1996 1016 signum
2019 977 2158 1007 remansit

208 1022 379 1062 productio,

372 1060 592 1093 Ridiculus.
637 1062 713 1090 Hinc
740 1062 901 1092 deridenda
925 1064 1018 1103 loqui.
1064 1064 1097 1092 In
1121 1064 1183 1095 1⁴4.
1208 1063 1318 1101 §.1.ff.
1344 1063 1380 1092 de
1404 1063 1546 1091 aedilitio.
1597 1062 1699 1094 Goth..

370 1103 498 1134 Rideo.
545 1105 609 1133 Hoc
631 1105 697 1133 loco
721 1104 751 1132 in
775 1107 897 1145 antiquo
921 1107 997 1135 libro
1021 1111 1063 1134 est
1086 1107 1153 1136 Sex.
1180 1107 1279 1143 Pomp.
1305 1106 1382 1134 Festi
1404 1106 1453 1134 lib.
1467 1106 1574 1134 XVIII.
1596 1106 1682 1134 Ant.
1698 1106 1792 1145 Aug.
1837 1107 1924 1145 Lege:
1954 1108 2158 1144 interpretatur

208 1151 238 1178 in
260 1150 305 1177 iis.
329 1146 430 1177 Scal.
464 1145 578 1183 Rideo,
601 1148 712 1186 inquit,
739 1146 836 1177 Galba
861 1147 1005 1178 Camerio.
1037 1149 1220 1187 Legendum:
1244 1148 1356 1185 Rideo,
1377 1149 1472 1188 inquit
1497 1147 1609 1185 Galba,
1636 1146 1769 1184 Comen-i,
1789 1148 1974 1188 proverbium
1997 1155 2054 1183 est,
2079 1145 2159 1188 quod

208 1190 330 1220 Sinnius
352 1188 455 1229 Capito
478 1189 522 1217 ita
544 1190 764 1229 interpretatur:
804 1192 834 1219 in
857 1192 893 1220 iis
916 1192 966 1231 qui
985 1192 1149 1230 principio,
1182 1196 1237 1220 etc.
1279 1192 1352 1220 Nam
1384 1191 1573 1229 proverbium
1606 1191 1694 1219 fuisse
1717 1189 1798 1219 rideo
1824 1190 1940 1220 Canteri
1964 1200 2082 1219 necesse
2105 1194 2157 1219 est.

206 1234 240 1262 ld
264 1233 419 1272 sequentia
441 1231 581 1269 suadent,
604 1232 741 1271 probant.
767 1232 819 1261 Da
829 1244 853 1262 c.
888 1231 1031 1262 Camerio.
1063 1233 1121 1261 Alii
1144 1234 1337 1269 cantherius,
1361 1233 1439 1262 unde
1461 1233 1653 1272 proverbium
1679 1233 1709 1261 in
1733 1238 1818 1272 porta
1842 1233 2026 1262 cantherius.
2051 1231 2158 1262 Goth.

372 1273 606 1303 Retricibus.
652 1273 798 1311 Barim,
829 1276 919 1304 rivuli
943 1281 1026 1305 extra
1050 1276 1169 1313 urbem,
1205 1277 1284 1305 unde
1308 1287 1382 1315 aqua
1406 1277 1560 1304 derivatur
1582 1276 1801 1314 irrigandorum
1824 1275 1981 1305 hortorum
2005 1280 2033 1304 et
2055 1280 2159 1314 prato-

206 1328 274 1347 rum
296 1318 400 1355 gratia.
445 1316 598 1345 Martinius
621 1317 738 1355 putavit
761 1318 802 1346 ita
826 1318 935 1354 dietas,
972 1319 1051 1356 quod
1077 1319 1202 1347 subinde
1225 1319 1316 1348 retari
1340 1324 1367 1347 et
1390 1319 1510 1357 purgari
1535 1318 1638 1347 solent.
1686 1320 1822 1347 Perottus
1847 1330 1861 1347 a
1885 1316 2042 1348 rem-endo.
2085 1316 2159 1346 Sunt

207 1361 292 1389 etiam
317 1361 368 1400 qui
389 1370 407 1387 α
430 1366 490 1388 tero
513 1360 628 1388 retrices
651 1357 757 1389 deduci
776 1368 892 1399 putent,
916 1371 973 1400 quo
998 1361 1112 1390 nomine
1136 1360 1209 1391 Cato
1232 1372 1341 1401 aquam
1363 1362 1441 1400 signi
1464 1362 1558 1396 cavit,
1583 1371 1639 1400 qua
1664 1360 1741 1390 horti
1761 1362 1931 1400 irrigantur.
1976 1361 2035 1389 Sed
2058 1362 2159 1399 potius

207 1413 224 1431 a
247 1403 390 1443 ῥεῖθρον,
415 1401 504 1430 rivus.
551 1402 588 1430 Ut
611 1401 689 1429 idem
711 1403 876 1432 Mai-tinius,
921 1402 1009 1432 Dae.

370 1443 636 1482 Receptitium.
680 1444 760 1472 Haec
790 1450 833 1473 est
858 1445 954 1473 Verrii
984 1445 1085 1484 opinio
1117 1455 1204 1483 quam
1237 1445 1428 1484 reprehendit
1452 1444 1527 1473 Gell.
1552 1445 1600 1474 lib.
1615 1444 1706 1474 XVII.
1732 1455 1796 1484 cap.
1811 1447 1840 1475 6.
1874 1445 1962 1475 Ant.
1986 1445 2081 1484 Aug.
2120 1444 2158 1473 M.

208 1488 280 1515 Cato
298 1486 461 1515 Voconiam
485 1486 579 1523 legem
603 1486 747 1520 suadens,
770 1487 868 1516 verbis
892 1487 973 1516 hisce
994 1498 1064 1516 usus
1087 1493 1146 1516 est:
1170 1487 1322 1526 Principio
1345 1486 1429 1516 nobis
1451 1485 1555 1515 mulier
1576 1498 1714 1526 magnam
1739 1486 1833 1516 dotem
1856 1488 1964 1517 attulit.
1999 1487 2073 1515 Tum
2095 1498 2158 1515 ma—

203 1540 293 1569 gnam
317 1529 435 1568 recipit,
470 1539 558 1568 quam
582 1528 612 1556 in
633 1529 691 1557 viri
709 1537 852 1568 potestate
874 1541 930 1558 non
955 1531 1118 1558 committit.
1164 1529 1237 1558 Eam
1259 1530 1413 1569 pecuniam
1437 1530 1500 1557 viro
1524 1527 1575 1557 dat
1598 1536 1747 1567 mutuam‚·
1781 1537 1882 1567 postea
1904 1528 1955 1558 ubi
1976 1530 2054 1558 iram
2072 1529 2160 1569 facta

207 1579 262 1608 est,
297 1582 410 1600 servum
439 1571 637 1609 receptiticum
665 1573 772 1600 sectari
799 1579 886 1611 atque
905 1572 1048 1611 flagitari
1078 1573 1170 1600 virum
1200 1571 1286 1600 iubet.
1332 1571 1388 1599 Ubi
1418 1571 1543 1609 pessime
1567 1571 1688 1599 Verrius
1715 1572 1902 1610 receptitium
1925 1582 2043 1600 servum
2065 1572 2159 1605 nihili,

207 1614 316 1652 quique
339 1614 376 1642 ob
399 1613 504 1641 vitium
527 1612 695 1642 redhibitus
717 1614 769 1649 sit,
807 1615 1021 1652 interpretatus
1046 1618 1098 1642 est.
1142 1615 1323 1652 Receptitius
1353 1614 1430 1642 enim
1458 1623 1560 1642 servus
1589 1618 1633 1642 est
1658 1623 1763 1642 servus
1786 1614 1942 1652 proprius,
1981 1624 2068 1652 quem
2092 1624 2160 1643 cum

208 1656 334 1695 pecunia
356 1655 474 1693 reliqua
498 1655 605 1684 mulier
626 1661 796 1695 receperat,
837 1655 895 1684 hoc
924 1661 968 1685 est
995 1661 1167 1695 exceperat,
1207 1657 1264 1685 sibi
1286 1661 1499 1687 reservaverat.
1546 1654 1686 1695 Recipere
1708 1656 1784 1684 enim
1808 1657 1946 1695 excipere
1969 1662 2022 1685 est.
2066 1657 2160 1687 Plaut.

209 1698 346 1735 (Trin.1‚
370 1701 405 1734 2,
431 1699 530 1735 157.)=

784 1740 967 1770 Posticulum
992 1741 1048 1771 hoc
1071 1743 1177 1781 recepit
1199 1754 1288 1782 quum
1312 1741 1395 1771 aedes
1417 1740 1557 1770 vendidit.

211 1782 298 1813 Plura
326 1783 394 1812 vide
423 1783 504 1822 apud
529 1783 606 1811 Gell.
629 1782 680 1812 lib.
694 1783 789 1813 XVII.
812 1794 874 1823 cap.
888 1787 917 1816 6.
942 1784 1031 1813 Dae.
1076 1785 1150 1813 Vide
1174 1785 1303 1813 Nonium
1327 1784 1407 1824 (pag.
1420 1786 1471 1816 54.
1496 1783 1599 1822 Mero.)
1621 1784 1652 1811 in
1675 1783 1875 1823 Recepticium
1898 1795 2018 1814 servum.
2056 1781 2161 1813 Goth.

370 1824 506 1864 Rogat.
550 1826 749 1863 Rogationum
782 1827 948 1855 communia
977 1827 1067 1855 verba
1100 1832 1200 1855 erant:
1235 1826 1346 1861 velitis,
1382 1826 1505 1855 iubeatis
1530 1825 1665 1864 Quirites.
1711 1826 1823 1861 Quodsi
1844 1826 2084 1865 respondisse11t3
2120 1827 2163 1854 un·

215 1877 313 1905 rogas,
343 1868 391 1896 lex
415 1873 487 1896 erat.
513 1867 604 1897 Dae.
645 1867 689 1896 Ne
712 1867 764 1897 leae
786 1868 909 1897 Baebia.
950 1870 991 1898 De
1015 1879 1072 1908 qua
1096 1870 1165 1898 vide
1186 1869 1301 1898 Livium
1324 1870 1374 1898 lib.
1387 1870 1447 1897 XL.
1472 1870 1593 1906 (c.44.).
1642 1867 1746 1898 Goth.

375 1908 522 1939 Restat.
566 1908 672 1939 Restat
695 1921 751 1949 pro
775 1909 867 1940 distat
889 1912 929 1940 ait
954 1913 1071 1951 (nempe
1097 1911 1227 1940 Verrius.
1251 1912 1353 1950 Dae.)
1377 1912 1503 1940 Ennium
1525 1921 1653 1950 ponere,
1679 1921 1745 1939 cum
1768 1911 1793 1939 is
1817 1911 1913 1940 dicat:

787 1952 915 1993 Impetus
937 1962 983 1983 ast
1006 1953 1091 1994 longe
1113 1953 1216 1983 mediis
1239 1953 1397 1994 regionibu'
1421 1961 1519 1983 restat.

216 1989 314 2020 Scal.
345 1993 514 2023 Turnebus:
537 1992 666 2034 Impetus
687 1994 768 2023 haud
789 1994 889 2035 longe,
914 2001 967 2026 etc.
1002 1997 1060 2026 Sed
1083 1996 1133 2025 hic
1157 1997 1292 2025 Verrium
1316 1997 1380 2025 falli
1402 2002 1486 2036 puto.
1520 1997 1639 2024 Restare
1663 1996 1763 2035 posuit
1784 1995 1896 2024 Ennius
1918 2006 1973 2034 pro
1997 2003 2072 2026 retro
2091 2007 2163 2025 ma-

216 2043 293 2068 nere,
323 2034 469 2063 residuum
493 2046 563 2065 esse.
609 2037 649 2066 De
672 2038 798 2067 navibus
822 2039 899 2067 enim
923 2039 1072 2077 loquitur,
1109 2049 1235 2078 quarum
1258 2040 1387 2079 impetus
1410 2040 1441 2068 in
1463 2039 1561 2068 medio
1585 2048 1676 2067 cursu
1698 2039 1821 2067 fractus.
1850 2038 1939 2067 Dac.
1983 2037 2089 2068 Restat
2107 2049 2162 2078 pro

217 2072 487 2145 {istutGFmZasse
508 2078 662 2116 legendum
685 2090 740 2119 pro
765 2081 857 2110 distat
879 2082 1000 2119 resistit,
1023 2087 1057 2110 ut
1080 2084 1159 2121 apud
1182 2083 1310 2111 Nonium
1334 2082 1412 2122 (pag.
1425 2084 1496 2113 348.
1521 2079 1626 2121 Merc)
1649 2081 1679 2109 in
1703 2080 1833 2110 Restare.
1863 2081 1937 2109 Gell.
1953 2081 1983 2118 1,
2007 2084 2057 2114 22.
2087 2081 2162 2110 Aut.

243 2127 255 2144 S
271 2138 277 2145 .
361 2124 397 2145 01
425 2139 430 2145 .

273 2201 292 2231 3
328 2157 484 2237 (ffiljuri.
527 2162 679 2192 Terentius
700 2164 782 2193 addit
800 2165 879 2206 fere:
903 2164 982 2194 Ruri
1001 2165 1066 2206 fere
1086 2179 1115 2195 se
1137 2166 1304 2197 continebat
1327 2172 1385 2196 etc.
1405 2167 1494 2197 Ant.
1515 2166 1606 2205 Aug.
1647 2167 1740 2194 Locus
1763 2167 1879 2196 Terent.
1905 2171 1949 2195 est
1965 2176 1979 2195 e
1995 2166 2112 2195 Phorm.
2126 2165 2163 2194 II·

218 2210 258 2228 sc.
296 2222 303 2229 .
381 2212 416 2230 .:

812 2266 852 2270 —
896 2266 937 2271 —
981 2267 1022 2272 —
1065 2252 1127 2280 ruri
1146 2250 1211 2291 fere

812 2289 850 2319 Se
873 2292 1054 2329 continebat,
1080 2293 1123 2322 ibi
1145 2304 1247 2333 agrum
1272 2293 1307 2322 de
1330 2301 1428 2323 nostro
1449 2301 1533 2333 patre

814 2330 973 2363 Colendum
999 2335 1132 2364 habebat.

223 2367 310 2397 Dae.
340 2366 426 2417 ῌιινί-
464 2368 574 2397 (3108Βά
601 2367 698 2405 Rure,
721 2369 785 2400 κατ’
809 2371 912 2412 ἀγρόν.
942 2375 1048 2407 Goth.
1088 2378 1235 2414 Seriores,
1261 2388 1319 2407 non
1343 2378 1491 2408 intellecta
1515 2378 1578 2415 lege
1600 2377 1682 2406 latini
1706 2378 1849 2406 sermonis
1872 2378 1908 2406 de
1930 2378 2075 2408 locativo.
2099 2387 2162 2403 rure

222 2421 276 2449 pro
300 2421 360 2438 run
381 2419 591 2449 nonnunquam
614 2411 725 2441 dixisse
747 2412 946 2446 inveniuntur.
