2263 2668
219 166 294 201 682
649 158 994 193 COMMENTARII
1019 161 1066 194 IN
1093 159 1238 193 PAuLl
1263 159 1458 194 DIACOM
1485 159 1741 195 excERPTA

385 254 521 286 Stlata.
567 251 765 279 Glossarium:
797 249 914 288 Stlata,
942 255 1118 290 πειρατικοῦ
1140 250 1277 291 σκάφους
1300 251 1388 288 εἶδος.
1429 252 1527 281 Idem:
1558 252 1735 290 Stlatarius,
1762 251 1943 293 ἔργόκωμος.
1967 253 2065 284 Scal.
2108 258 2166 287 Pro

218 300 291 331 lata.
323 298 445 336 Antiqui
469 296 544 323 enim
568 294 693 322 vocibus
718 294 753 322 ab
779 293 791 323 Ζ
812 294 1024 332 incipientibus
1047 303 1072 323 st
1096 296 1331 334 praeponebant.
1368 294 1467 324 Stlata
1490 295 1721 332 subintelligitur
1743 297 1833 325 navis.
1867 296 1953 325 Item:
1977 296 2069 326 stlites
2089 300 2167 330 δίκα.

218 339 355 381 ἆρχαιῶς.
377 341 462 368 Dac.
495 335 554 365 Sed
571 348 611 365 ea.
636 337 763 367 Scilicet.
798 337 871 365 Vide
888 337 1033 368 Str-enam.
1059 336 1162 367 Goth.
1192 337 1317 368 Stlitem.
1346 338 1420 366 Vide
1436 337 1572 367 Str-enam
1591 344 1619 367 et
1635 338 1808 370 Stritavum.
1830 339 1908 368 Hinc
1922 339 2086 369 Decemviri
2101 340 2168 370 stli-

218 385 294 414 tibus
316 379 481 412 iudicandis
504 390 529 407 v.
555 380 697 414 Quinctil.
717 380 737 408 1.
763 382 867 417 cap.6.
892 379 1003 410 Idem.
1050 381 1092 409 Cs.
1114 381 1143 408 in
1168 391 1196 410 v.
1219 380 1374 410 Stlembus.

381 430 584 460 Stlembus.
630 431 651 459 A
677 431 846 467 lumbagine
869 429 1007 460 stlembus
1030 442 1085 469 pro
1109 430 1239 468 lumbus,
1265 432 1347 469 quasi
1371 429 1534 468 lumbosus,
1558 443 1573 460 a
1593 432 1765 461 lumborum
1788 432 1860 460 vitio
1884 436 1914 460 et
1935 442 1990 471 per
2011 433 2167 472 metapho-

215 486 276 505 ram
300 485 354 513 pro
377 474 463 502 tardo
488 475 579 501 instar
601 474 762 502 laborantis
786 473 961 511 lumbagine.
1006 474 1086 502 Ilaec
1111 474 1192 502 Voss.
1217 475 1333 502 Dubito.
1378 473 1520 501 Putabam
1551 475 1620 502 olim
1647 475 1732 513 longe
1755 475 1834 503 aliud
1858 474 1987 503 voluisse
2009 476 2165 515 Lucilium,

216 528 302 556 quam
327 516 409 555 quod
432 516 520 545 habet
542 517 662 552 Festus,
699 527 825 554 eumque
848 516 957 544 dixisse
981 517 1106 554 pedibus
1129 517 1286 545 stlembum
1310 527 1368 544 non
1390 516 1510 544 tardum
1535 522 1564 545 et
1586 527 1721 555 gravem,
1755 517 1806 546 sed
1830 517 1979 554 velocem,
2010 515 2165 556 ὦκύποδα,

214 560 250 589 ab
273 560 354 588 illius
378 560 491 590 scilicet
514 560 621 596 navigii
646 559 817 595 velocitate,
843 559 923 597 quod
948 558 1071 588 lembum
1095 559 1207 590 dicunt.
1241 561 1313 588 Nam
1338 559 1451 587 lembus
1474 557 1582 598 μικρὸν
1604 557 1773 599 πλοιάριον.
1806 559 1935 598 Hesych.
1963 561 2099 600 Eumque
2120 561 2166 590 in-

214 608 258 632 ter
281 602 480 631 velocissimos
505 607 532 630 et
555 602 771 640 exploratorias
793 612 883 630 naves
907 602 996 629 fuisse
1020 612 1056 630 ex
1078 602 1229 631 veteribus
1253 607 1365 630 certum
1389 606 1440 630 est.
1487 602 1543 630 Sed
1571 603 1665 631 vereri
1689 613 1718 631 se
1741 603 1782 631 ait
1806 603 1950 640 Scaliger,
1985 614 2021 632 ne
2042 604 2165 633 Verrius

212 645 243 674 in
268 645 409 674 vitiosum
433 645 583 683 exemplar
599 645 704 672 Lucilii
727 645 867 673 inciderit
891 649 920 672 et
936 645 1067 673 Lucilius
1091 645 1241 684 scripserit
1264 643 1398 673 silentum
1423 655 1477 682 pro
1501 643 1618 673 lentum.
1649 645 1683 673 ln
1705 645 1802 673 verbis
1819 645 1925 673 Lucilii
1947 644 1980 676 τὸ
2004 647 2056 684 (v.)
2072 646 2164 686 Apu-

213 686 293 717 lidae
316 688 571 726 corruptissimum
595 692 647 715 est.
670 687 760 718 Dae.
806 687 859 715 Vv.
881 685 989 722 silam,
1020 686 1172 724 stlembus,
1202 687 1282 724 silis,
1313 685 1424 715 stlocus
1446 687 1560 715 litteras
1582 686 1624 716 sil
1643 687 1754 717 habere
1778 688 1968 726 originarias,
1994 689 2164 718 testimonio

213 735 258 759 est
281 740 308 760 v,
332 729 412 766 silis,
437 731 517 767 quod
541 729 705 767 respondet
729 731 942 759 Germanorum
966 739 1015 757 vv.
1033 729 1139 767 Socii,
1162 729 1258 769 stryd,
1282 737 1401 757 strauss.
1432 729 1498 757 Non
1521 730 1612 767 igitur
1634 730 1740 759 seriori
1762 735 1896 768 tempore
1920 731 2072 770 appositae
2095 737 2164 761 sunt

211 773 327 801 litterae
350 779 392 808 st,
418 771 469 799 scd
493 773 604 800 formae
628 773 809 801 recentiores
833 773 899 801 illae
923 770 975 806 lis,
999 770 1097 808 locus,
1123 778 1203 801 ortae
1230 777 1297 801 sunt
1322 782 1357 800 ex
1382 772 1600 810 pronunciandi
1626 773 1752 810 quadam
1777 773 1969 810 difficultate,
1999 784 2086 812 quam
2110 774 2162 802 de-

211 815 338 843 vitantes
363 814 511 843 molliores
535 816 642 844 formas
666 816 910 844 introduxerunt.
956 814 1214 850 Quemadmodum
1244 826 1314 843 vero
1337 815 1510 843 Latinorum
1533 814 1656 854 strigilis
1679 820 1707 844 et
1731 817 1911 844 Graecorum
1934 817 2063 856 στλεγγίς
2084 816 2164 845 eius—

211 857 276 886 dem
299 861 368 885 sunt
391 858 530 895 originis,
563 858 601 886 ita
624 857 702 886 haud
726 858 815 886 dubie
838 856 928 885 stlata
951 868 1011 885 non
1034 863 1132 886 ortum
1155 863 1198 886 est
1222 868 1257 886 ex
1282 857 1431 885 adiectivo
1455 856 1550 893 latus,
1579 869 1613 893 a,
1643 870 1691 886 um
1715 858 1809 897 [quod
1833 859 1933 897 potius
1959 864 2004 887 est
2027 859 2163 888 Graeco-

209 909 275 928 rum
297 897 423 936 πλατὺς,
447 901 630 929 Sanscritum
652 900 751 939 prithu
776 899 939 940 (prothus),
965 901 1177 929 Germanorum
1203 899 1302 938 breit];
1331 900 1380 929 sed
1406 898 1498 928 stlata
1521 899 1595 928 nihil
1618 905 1661 928 est
1683 901 1739 928 nisi
1763 908 1872 937 strata,
1895 900 1925 930 h.
1945 911 1970 930 e.
1991 897 2011 940 ἦ
2034 898 2161 940 ommni,

209 938 228 980 ἡ
251 941 432 981 ἐστρωνένη,
467 953 508 972 sc.
535 946 616 978 ναῦς.
662 942 763 972 Stlata
785 948 880 971 autem
904 943 987 971 navis
1010 943 1040 971 in
1064 943 1249 972 latitudinem
1272 947 1364 971 strata
1388 942 1425 970 ad
1448 953 1560 971 merces
1584 943 1761 981 portandas,
1796 943 1974 982 portatoria.
2018 944 2079 972 Iam
2102 954 2163 972 non

211 984 268 1013 erit
290 984 431 1021 dubium,
455 984 593 1014 stlembus
616 986 795 1014 vocabulum
818 985 1001 1023 respondere
1026 986 1208 1014 Graecorum
1234 986 1298 1013 voci
1323 981 1485 1024 στρόμβος,
1518 983 1695 1024 στροβελός,
1726 983 1877 1024 στρεβλός,
1908 996 1982 1025 quae
2005 997 2020 1014 a
2044 986 2162 1026 στρέφοι

209 1036 270 1055 esse
293 1027 471 1065 derivanda,
495 1039 579 1057 nemo
604 1039 664 1056 non
688 1028 786 1065 videt3
810 1038 900 1066 quare
923 1028 1117 1065 intelligitur,
1147 1029 1203 1056 adi.
1226 1026 1380 1064 stlembus,
1404 1028 1555 1056 diversum
1582 1039 1596 1055 a
1620 1028 1805 1057 substantivo
1829 1027 1954 1066 lembus,
1977 1029 2087 1068 navigii
2110 1039 2162 1067 ge·

207 1079 296 1105 nere,
333 1077 457 1106 tortum,
494 1071 679 1100 incurvatum
704 1071 875 1107 denotasse3
912 1071 1131 1099 substantivum
1156 1076 1252 1099 autem
1276 1069 1386 1099 lembus
1410 1070 1557 1098 Graecum
1580 1075 1623 1099 est
1644 1071 1764 1109 λέμβος,
1802 1071 1882 1110 quod
1905 1082 1920 1099 a
1943 1070 2046 1108 λέπος,
2082 1071 2161 1102 λέπω

208 1111 370 1141 descendit.
404 1113 477 1141 Tum
500 1112 610 1142 stlocus
634 1113 712 1141 haud
737 1114 826 1142 dubie
850 1112 989 1142 cohaeret
1013 1124 1080 1142 cum
1105 1115 1322 1142 Germanorum
1345 1113 1437 1141 verbo
1459 1111 1604 1150 stt-echert,
1626 1112 1771 1149 streklcen,
1796 1112 1910 1150 alfkeri,
1936 1114 2014 1152 quod
2040 1114 2162 1143 Graecis

206 1154 332 1183 fortasse
356 1155 424 1183 olim
449 1155 556 1196 στλέγω
581 1156 718 1192 sonabat,
754 1156 832 1184 unde
860 1161 995 1194 superest
1017 1156 1089 1196 λέγω
1113 1157 1132 1184 i.
1153 1168 1179 1194 q.
1204 1163 1315 1191 sterno,
1351 1155 1464 1183 Latinis
1486 1154 1594 1194 alege,
1631 1154 1711 1195 lego,
1749 1156 1831 1195 quod
1853 1160 1987 1195 superest
2008 1157 2039 1185 in
2061 1155 2161 1193 lectus,

206 1196 225 1226 i.
245 1207 268 1225 e.
291 1198 430 1237 λέκτρον,
453 1198 551 1237 λέχος,
576 1199 654 1226 unde
677 1197 780 1237 longus
805 1199 822 1227 i.
843 1209 866 1228 e.
892 1204 1046 1233 extensus,
1071 1204 1099 1227 et
1121 1198 1218 1235 locus,
1245 1198 1395 1237 spacium,
1419 1197 1469 1226 ubi
1493 1198 1565 1236 quid
1588 1198 1773 1235 extenditur,
1798 1199 1862 1237 ipsa
1885 1198 2026 1229 extensio.
2067 1199 2162 1227 Grae-

207 1249 310 1267 corum
334 1240 434 1276 τόπος,
457 1252 472 1269 a
494 1242 644 1269 Sanscrito
668 1242 708 1279 tip
725 1242 744 1270 i.
763 1252 787 1269 e.
806 1241 962 1280 proiicere,
987 1241 1124 1270 cohaeret
1148 1251 1214 1269 cum
1238 1251 1287 1269 vv.
1305 1237 1417 1278 τάπης,
1441 1238 1589 1276 ταπεινός,
1613 1239 1754 1278 δάπεδον,
1780 1242 1997 1271 Germanorum
2020 1240 2084 1284 ties:
2116 1240 2161 1270 Ex

207 1281 315 1320 quibus
339 1283 474 1311 omnibus
497 1283 613 1311 abunde
636 1289 732 1322 patet,
767 1283 915 1312 vocabula
937 1282 1045 1321 silam,
1081 1283 1160 1319 silis,
1198 1281 1324 1320 siliacus,
1359 1293 1546 1311 communem
1570 1284 1681 1312 fontem
1704 1284 1814 1313 babere
1837 1284 1868 1312 in
1890 1283 2037 1312 Sanscrita
2060 1283 2161 1312 radice

205 1325 275 1361 stri,
306 1329 422 1361 sterno,
455 1326 583 1364 dissipo3
620 1324 772 1354 stlembum
797 1331 895 1354 autern
919 1337 934 1354 a
960 1327 1073 1355 Graeco
1098 1325 1214 1364 στρέφω
1238 1325 1433 1362 descendere,
1471 1326 1551 1354 unde
1574 1326 1660 1354 etiam
1685 1324 1813 1366 στράβη,
1852 1324 1996 1367 στράβος,
2033 1325 2161 1364 strabus,

205 1364 359 1405 στράπτω,
391 1366 573 1407 στράβαλος,
604 1369 676 1404 alia,
707 1373 776 1397 sunt
805 1368 979 1397 derivanda.
1009 1385 1051 1391 —-
1078 1370 1179 1397 Restat
1207 1373 1239 1396 ut
1262 1368 1396 1396 dicamus
1419 1368 1456 1396 de
1478 1368 1546 1396 loco
1569 1368 1686 1400 Lucilii.
1732 1370 1829 1405 Quem
1852 1380 1920 1398 cum
1943 1369 2007 1397 aliis
2030 1368 2159 1398 eiusdem

205 1413 308 1448 poetae
331 1410 483 1448 reliquiis,
508 1410 627 1439 aliunde
650 1411 794 1448 coguitiS,
820 1412 860 1439 ita
881 1411 1053 1440 restitutum
1076 1411 1216 1440 velimus:

699 1460 766 1501 Ipse
787 1474 891 1501 equus,
917 1473 974 1491 non
987 1462 1159 1501 formosus,
1180 1460 1356 1501 gradarius,
1380 1461 1506 1500 optimus
1528 1468 1634 1498 vector,

698 1503 864 1543 Apulides,
884 1504 1008 1544 pedibus
1030 1503 1184 1540 stlembus,
1208 1515 1272 1533 cum
1294 1502 1411 1542 gibbere
1433 1514 1550 1541 magno,

702 1545 793 1584 Quem
815 1554 927 1575 metuas
949 1558 1047 1586 saepe,
1073 1545 1217 1574 intertium
1241 1557 1324 1585 quem
1347 1552 1428 1573 utare
1450 1543 1580 1573 libenter.

204 1593 350 1634 Apulides
372 1606 428 1635 pro
444 1594 565 1635 Apulo,
589 1600 622 1624 ut
649 1594 803 1635 Scipiades
826 1608 880 1636 pro
904 1597 1057 1637 Scipione,
1078 1595 1270 1625 Dardanides
1292 1606 1348 1635 pro
1364 1593 1526 1632 Dardano,
1551 1594 1682 1633 Apulum
1706 1604 1815 1633 equum
1837 1593 1888 1632 (cf.
1903 1594 1999 1624 Varro
2022 1595 2058 1625 de
2075 1596 2110 1626 R.
2125 1596 2158 1625 R.

205 1636 246 1673 11,
268 1639 326 1675 7.),
350 1648 409 1676 quo
434 1639 498 1676 quis
523 1639 598 1667 sorte
621 1639 774 1675 utebatur,
802 1650 888 1678 quem
913 1640 1124 1678 perstringeret
1147 1639 1297 1676 Lucilius,
1329 1649 1388 1666 non
1402 1636 1574 1678 formosum
1599 1637 1672 1665 dicit
1695 1642 1723 1665 et
1745 1637 1795 1676 qui
1818 1637 1914 1674 gradu
1936 1643 2053 1667 tantum
2074 1638 2159 1668 ince-

206 1678 301 1716 deret,
331 1691 389 1709 non
413 1691 519 1717 cursu,
551 1680 604 1709 sed
629 1681 773 1719 optimum
800 1688 969 1719 vectorem,
1007 1693 1066 1720 quo
1090 1682 1156 1720 quis
1181 1691 1269 1720 saepe
1292 1681 1335 1709 uti
1359 1685 1486 1717 metuat,
1524 1685 1553 1709 at
1574 1679 1745 1717 interdum,
1778 1679 1830 1708 ubi
1852 1679 2010 1719 pulchrior
2031 1680 2158 1718 deficiat,

206 1726 308 1751 utatur
331 1723 467 1752 libenter.
512 1723 647 1751 Eundem
668 1723 791 1762 pedibus
813 1724 966 1754 stlembum
990 1725 1077 1761 dicit,
1101 1724 1130 1754 h.
1151 1735 1174 1753 e.
1195 1724 1322 1763 pedibus
1345 1724 1491 1751 contortis
1514 1728 1543 1752 et
1567 1722 1747 1757 incurvatis,
1769 1721 1891 1762 genibus
1912 1723 2069 1753 introrsum
2090 1735 2160 1763 spe-

206 1764 365 1803 ctantibus,
403 1771 436 1794 ut
459 1765 500 1794 ait
523 1766 618 1794 Varro
642 1766 678 1794 de
701 1767 734 1796 R.
756 1767 789 1796 R.
810 1767 855 1805 ΙΙ,
885 1770 933 1803 7.,
970 1768 1007 1796 ad
1035 1766 1260 1805 significandam
1290 1765 1528 1802 deformitatem,
1564 1766 1632 1803 quia
1653 1766 1684 1793 in
1706 1765 1795 1793 laude
1818 1769 1916 1802 erant,
1947 1765 1998 1804 qui
2021 1765 2159 1795 cruribus

206 1807 293 1835 rectis
317 1812 344 1835 et
367 1808 539 1846 aequalibus
565 1813 677 1845 essent,
709 1809 804 1838 varro
827 1811 845 1838 l.
866 1821 889 1838 c.
914 1810 1079 1838 Columella
1097 1810 1149 1845 VI,
1174 1813 1224 1842 29.
1261 1807 1373 1837 Gibbus
1395 1819 1532 1847 magnum
1555 1808 1648 1837 eidem
1672 1807 1816 1836 tribuitur
1837 1818 1930 1846 equo,
1958 1807 2083 1837 ridicula
2106 1819 2159 1838 ex—

208 1849 407 1886 aggeratione,
432 1861 524 1888 quum
549 1851 635 1890 spina
659 1856 777 1880 exstans
800 1852 994 1889 intelligatur.
1030 1853 1072 1881 Cf.
1095 1852 1189 1880 Varro
1212 1852 1232 1880 l.
1251 1861 1275 1881 c.
1312 1850 1405 1890 Spina
1427 1851 1559 1879 maxime
1581 1849 1710 1889 duplici,
1734 1851 1781 1878 sin
1802 1851 1913 1887 minus,
1936 1861 1995 1879 non
2017 1852 2158 1883 exstanti.

209 1887 249 1916 De
271 1890 341 1919 locis
363 1893 486 1931 Lucilii,
514 1904 530 1921 a
553 1893 639 1922 nobis
662 1893 750 1932 huic,
782 1905 869 1933 quem
891 1895 998 1924 Festus
1021 1894 1160 1931 adducit,
1190 1894 1372 1930 coniunctis,
1398 1894 1437 1923 cf.
1460 1893 1567 1921 Lucilii
1589 1892 1731 1931 reliquias
1752 1892 1888 1929 lib.Xv,
1913 1893 1963 1924 15.
1987 1895 2038 1926 16.
2060 1897 2091 1923 et
2110 1892 2158 1922 in·—

209 1935 280 1962 cert.
303 1935 371 1965 129.

371 1982 602 2015 stellionem.
633 1986 692 2026 (Ad
714 1986 840 2027 p.248.)
871 1987 1017 2017 Existimo
1040 1988 1158 2016 Festum
1182 1987 1310 2023 referre,
1340 1986 1488 2025 placuisse
1512 1985 1616 2015 Verrio
1641 1985 1831 2023 stellionem,
1862 1985 1944 2024 quod
1967 1985 2058 2015 stillet
2079 1985 2159 2022 cibo,

209 2022 285 2057 dici3
319 2028 347 2051 at
375 2025 471 2063 ipsum
500 2030 590 2066 magis
619 2030 745 2067 probare
776 2030 811 2058 ab
840 2031 993 2059 stellarum
1023 2030 1236 2067 similitudine,
1271 2029 1353 2068 quod
1380 2030 1442 2058 eius
1470 2029 1548 2057 cutis
1571 2028 1653 2057 varia
1675 2028 1727 2065 sit,
1763 2039 1825 2057 esse
1848 2028 2038 2067 appellatum.
2082 2029 2157 2058 Ptin.

208 2065 258 2093 lib.
271 2065 369 2094 XXX.
392 2077 455 2105 cap.
471 2072 534 2100 10.:
565 2070 688 2100 Nullum
711 2071 827 2102 animal
838 2071 1069 2114 fraudulentius
1090 2071 1217 2102 invidere
1239 2071 1351 2101 homini
1372 2070 1509 2107 tradunt,
1532 2069 1600 2100 inde
1621 2069 1786 2100 stellionum
1808 2082 1912 2100 nomen
1933 2072 2016 2100 aiunt
2036 2071 2068 2100 in
2089 2081 2158 2100 ma-

210 2105 346 2136 ledictum
371 2109 552 2140 translatum.
599 2114 775 2144 Tuniculam
799 2117 883 2144 esruit
905 2115 1003 2145 eodem
1025 2114 1114 2144 modo
1138 2122 1169 2144 ut
1190 2115 1313 2153 anguis,
1342 2113 1392 2143 sed
1415 2125 1477 2143 eam
1501 2114 1561 2154 ipse
1584 2112 1713 2142 devorat.
1756 2113 1801 2142 Ab
1824 2112 1883 2142 hoc
1907 2113 2018 2142 crimen
2039 2113 2157 2142 stellio-

210 2154 296 2178 natus
319 2150 378 2178 dici
402 2156 514 2180 certum
537 2159 587 2184 est.
627 2157 666 2184 De
688 2158 822 2186 stellione
844 2159 924 2196 Virg.
945 2159 1052 2195 Georg.
1076 2158 1126 2186 lib.
1140 2158 1188 2186 1V.
1211 2158 1317 2194 (243.).
1340 2157 1428 2187 Ant.
1446 2156 1542 2196 Aug.
1580 2154 1751 2185 Stellionem
1774 2166 1865 2194 genus
1887 2156 2016 2185 lacertae
2031 2155 2157 2186 Verrius

210 2191 285 2220 dicit
308 2192 345 2220 ab
368 2202 401 2221 eo
424 2193 552 2230 dictum,
580 2198 658 2234 quod
682 2200 762 2228 virus
785 2201 876 2229 stillet
900 2201 984 2236 cibo,
1008 2200 1126 2239 potius,
1150 2210 1240 2239 quain
1265 2200 1345 2238 quod
1369 2199 1444 2228 dicit
1466 2200 1537 2228 alibi
1560 2209 1577 2227 a
1598 2198 1752 2227 stellarum
1775 2199 1969 2228 similitudine
1991 2198 2088 2228 videri
2109 2198 2157 2227 di-

210 2238 310 2270 ctum,
336 2235 404 2273 quia
426 2236 487 2264 eius
511 2237 623 2266 corium
645 2241 759 2269 varium
783 2248 835 2273 est.
874 2244 1075 2272 Tertullianus
1099 2244 1135 2272 de
1158 2243 1230 2271 cibis
1251 2242 1443 2271 Iudaeorum:
1472 2241 1545 2279 Quis
1566 2239 1727 2270 stellionem
1750 2241 1926 2279 (comedit)'?
1948 2240 2000 2271 sed
2020 2239 2156 2271 maculas

210 2284 366 2305 execratur
391 2276 532 2316 praedam
563 2278 597 2306 de
624 2280 721 2310 aliena
749 2293 840 2314 morte
866 2293 1041 2326 quaerentes.
1074 2284 1176 2316 Scal.
1220 2285 1323 2314 Stellio
1347 2290 1446 2314 autem
1469 2285 1585 2321 dictus,
1621 2283 1704 2322 quod
1727 2284 1817 2314 variis
1840 2285 1932 2323 guttis
1953 2284 1992 2314 sit
2013 2283 2154 2314 stellatus.

212 2318 302 2349 Ovid.
317 2319 366 2350 lv.
389 2319 584 2360 Metamorph.
608 2320 663 2360 (V,
686 2324 791 2364 461.):

996 2394 1038 2398 —-
1080 2393 1122 2399 —
1165 2378 1337 2418 Apiumque
1360 2377 1454 2408 colori

784 2414 896 2444 Nomen
919 2417 1003 2446 habet
1025 2420 1114 2447 variis
1136 2419 1269 2448 stellatus
1291 2431 1416 2460 corpora
1435 2420 1534 2459 guttis-
