2263 2668
270 173 346 207 1⁰6
746 170 893 205 PROBI
917 168 1308 204 INSTITUTIONUM
1334 170 1772 206 GRAMMATICARUM

272 278 410 300 numero
438 262 690 299 tantummodo¹
711 264 885 309 singulari3
912 274 988 297 nam
1015 263 1108 307 quod
1130 264 1266 297 Plautus
1286 266 1397 309 posuit
1422 265 1549 305 lactes,
1578 264 1614 297 id
1641 277 1707 299 nou
1738 262 1776 299 a²
1805 265 2024 306 nominativo,
2059 264 2125 298 hoc
2152 265 2222 306 lae,

274 319 329 351 vel
354 318 420 351 hoc
443 319 550 358 lacte,
579 317 636 349 sed
659 316 695 348 hi
717 317 843 356 lactes,
871 327 995 361 genere
1021 316 1203 349 masculino
1226 327 1365 349 numero
1391 328 1524 360 semper
1546 317 1677 360 plurali.
1729 317 1813 350 Sunt
1837 322 1946 349 autem
1968 317 2088 355 lactes,
2110 322 2224 361 partes

277 371 427 414 corporis
450 370 482 402 in
504 367 657 401 intestinis
680 367 923 412 pinguissimae.
975 367 1013 400 D
1036 367 1102 400 hac
1130 367 1240 400 littera
1262 368 1389 401 nullum
1412 380 1533 400 nomen
1556 369 1690 412 repperi
1716 369 1940 407 terminatuni;
1966 368 2086 401 doceat
2114 367 2223 401 decli-

276 422 461 461 nationem,
495 419 551 463 qui
588 419 733 462 potuerit
767 415 942 463 reperire³.
1000 418 1036 451 Ε
1061 419 1169 451 littera
1194 420 1367 452 terminata
1392 420 1526 452 nomina
1551 420 1682 464 generis
1707 421 1877 454 masculini
1904 425 1937 452 et
1962 419 2062 452 femi-
2090 417 2222 464 [1446]

277 474 346 506 nini
372 483 437 504 non
470 470 577 502 inveni
602 470 737 510 Latina,
773 470 832 503 sed
856 470 1006 511 Graeca,
1040 470 1075 502 E
1101 470 1266 515 producta
1291 472 1488 511 terminata,
1522 482 1608 514 quae
1635 477 1690 504 aut
1717 472 1850 505 Graeca
1875 471 2002 504 ratione
2027 470 2223 509 Latinitatis,

279 529 314 557 ut
340 523 425 555 haec
452 522 583 561 Danae,
611 521 708 554 huius
735 521 883 562 Danaes,
910 533 976 565 qua
1003 522 1129 565 syllaba
1153 522 1262 555 nullus
1287 523 1446 567 genitivus
1470 523 1606 555 Latinus
1629 524 1835 562 terminatum
1861 528 1917 556 aut
1946 534 1965 555 e
1985 524 2020 554 in
2044 533 2069 555 a
2094 525 2224 554 mutans

278 574 478 607 nominativo
513 570 752 607 declinabitur⁴
777 573 903 606 ratione
936 574 1064 617 primae
1098 573 1343 616 declinationis,
1371 586 1414 608 ae
1441 574 1657 619 diphthongo
1691 575 1814 609 faciens
1848 575 2049 619 genitivum,
2084 568 2224 606 Danaa⁵

278 626 434 665 Danaae,
461 625 592 657 Helena
618 625 777 657 Helenae.
830 625 970 658 Generis
996 625 1102 658 neutri
1128 625 1246 658 Latina
1272 627 1406 659 nomina
1430 626 1566 669 repperi
1594 636 1612 658 e
1637 627 1820 667 terminata,
1848 626 1906 659 sed
1934 629 2108 669 correpto,
2136 635 2224 668 quae

279 678 308 710 is
334 676 503 716 facientia,
537 676 681 720 genitivo
715 674 988 709 declinabuntur⁶
1021 676 1202 709 secundum
1237 678 1398 710 rationem
1430 677 1546 710 tertiae
1580 676 1823 717 declinationis,
1858 677 1924 710 hoc
1961 687 2089 716 suave,
2122 675 2224 708 huius

279 728 416 765 suavis,·
443 728 508 760 hoc
534 728 676 765 monile,
704 727 805 761 huius
830 728 983 768 monz'I1‘83
1009 728 1075 762 hoc
1095 739 1292 774 praesepe,
1319 729 1420 763 huius
1438 729 1635 775 praesepis.
1688 730 1767 764 Hoc
1793 729 1878 764 enim
1905 724 2047 774 genere⁷
2073 727 2225 761 declina-

277 784 339 813 tur.
391 780 478 812 Nam
504 779 596 822 quod
623 779 775 812 Plautus:

506 854 609 888 Haec
630 866 824 900 praesepes
850 866 930 888 mea
957 852 1046 895 ests,-

282 918 405 951 genere
431 906 588 939 feminino
616 907 697 939 sicut
723 907 814 951 apud
843 907 1011 945 Graecos3
1046 907 1221 940 auctoritas
1248 912 1307 950 est,
1333 920 1399 941 non
1425 908 1520 941 ratio.
1580 907 1650 941 Pes
1676 907 1762 941 enim
1788 907 1963 940 terminata
1987 907 2131 949 nomina,
2156 906 2225 939 sive

284 963 456 1002 correpta,
489 958 555 991 sive
581 958 763 1002 producta,
798 964 853 991 aut
887 959 929 991 tis
963 954 1103 991 facient⁵³
1136 959 1335 1004 genitivum,
1371 965 1427 993 aut
1454 960 1526 998 ἅλες
1556 971 1732 1005 praepes,
1762 960 1967 1004 praepetis,-
1998 970 2079 1004 pes,
2105 958 2225 1004 pedis-

282 1010 367 1041 Nam
394 1009 508 1054 dapes
533 1021 671 1042 numero
698 1022 830 1054 semper
855 1010 977 1054 plurali
1004 1009 1226 1049 declinantur;
1261 1012 1393 1056 dapem
1419 1011 1651 1044 tantummodo
1679 1010 1748 1055 legi
1774 1022 1913 1044 numero
1941 1010 2115 1055 singulari,
2142 1010 2226 1044 sicut

281 1061 461 1093 multorum
488 1062 658 1093 nominum
685 1062 788 1105 aliqui
815 1073 907 1095 casus
940 1061 1163 1104 inveniuntur,
1197 1067 1233 1095 ut
1258 1067 1398 1108 sponte,
1432 1062 1531 1105 tabo,
1559 1062 1739 1108 Iuppiter,
1775 1073 1795 1095 o
1822 1062 1992 1107 Iuppiter.
2045 1062 2132 1095 Nam
2166 1061 2226 1104 qui

282 1112 426 1146 declinat
453 1112 510 1145 hic
536 1112 715 1157 Iuppiter,
743 1113 844 1146 huius
871 1112 982 1153 Iovis,
1016 1117 1126 1156 potest
1161 1118 1193 1146 et
1231 1114 1287 1147 hic
1313 1114 1493 1155 Phoebus,
1529 1115 1629 1147 huius
1654 1114 1830 1159 Apollinis
1857 1114 2043 1153 declinare3
2077 1117 2109 1147 et
2136 1112 2225 1145 haec

282 1163 467 1204 DIinerva,
501 1164 602 1196 huius
628 1164 814 1204 Pulladis3
849 1169 881 1197 et
906 1165 964 1197 hic
990 1164 1181 1206 Hercules,
1215 1165 1316 1199 huius
1341 1167 1505 1199 Alcidae.
1556 1165 1591 1198 Ε
1623 1177 1706 1210 ergo
1733 1166 1867 1198 nomina
1892 1166 2066 1198 terminata
2092 1165 2226 1198 Graeca

280 1220 371 1256 sunt,
406 1220 442 1248 ut
466 1214 553 1248 haec
580 1215 713 1257 Danae,
740 1217 909 1260 Euterpe,
937 1216 1051 1256 Circe,
1079 1217 1205 1260 Agave.
1246 1218 1290 1250 Et
1316 1218 1341 1250 si
1367 1218 1423 1261 qui
1449 1218 1590 1250 voluerit
1617 1217 1797 1257 declinare,
1823 1216 1892 1250 hoc
1919 1216 2023 1249 inodo
2050 1216 2150 1250 saciet
2172 1227 2226 1248 se-

279 1267 424 1299 cundum
451 1266 610 1302 Graecos.
669 1267 777 1300 Immo
804 1267 908 1300 addat
933 1268 967 1300 in
992 1267 1138 1312 genitivo
1166 1279 1202 1301 es
1229 1273 1260 1302 et
1290 1269 1323 1302 in
1349 1270 1536 1303 accusativo
1564 1280 1616 1312 en,
1643 1274 1675 1302 et
1700 1269 1800 1302 faciet
1826 1268 1928 1302 huius
1950 1268 2111 1310 Danaes,
2136 1267 2225 1301 unde

279 1324 326 1350 est
350 1318 450 1351 illud:

506 1394 709 1440 Aestiferae
734 1395 862 1439 Libyes
873 1392 907 1427 ¹⁰.

283 1446 374 1479 hanc
399 1446 564 1480 Danaen.
618 1447 810 1480 Ablativum
839 1448 943 1487 enim,
970 1445 1048 1488 quia
1075 1445 1243 1479 Graecum
1272 1451 1342 1490 est,
1370 1456 1436 1481 non
1462 1447 1576 1482 habet.

282 1502 351 1531 tera
378 1509 402 1531 a
427 1498 507 1532 facit
533 1503 565 1531 et
592 1498 711 1532 dicitur
741 1494 897 1540 Circau,
924 1497 1013 1531 unde
1040 1502 1088 1530 est
1113 1498 1196 1532 illud
1222 1496 1391 1532 Horati¹²z

1629 1447 1675 1482 Et
1701 1451 1936 1483 convertuntur
1962 1449 2027 1482 sic:
2054 1458 2096 1481 ex
2123 1457 2142 1480 e
2166 1446 2222 1480 lit-

512 1574 653 1608 Volente
684 1575 800 1609 Circa.

285 1624 380 1668 Ergo
406 1626 439 1657 in
464 1627 630 1670 genitivo:

370 1753 396 1785 1)
425 1751 639 1781 Tantummodo
662 1751 735 1782 cod.
756 1759 868 1780 mnium
895 1753 924 1781 P.
947 1768 989 1774 —
1031 1751 1060 1793 2)
1084 1752 1173 1793 Apud
1195 1754 1226 1783 P.

285 1789 334 1819 hic
349 1792 432 1820 locus
448 1794 521 1821 male
536 1795 578 1821 sic
591 1794 712 1831 legitur:
737 1805 804 1822 nam
823 1793 903 1833 quod
920 1794 1042 1824 Plautus
1061 1798 1158 1835 posuit
1180 1795 1228 1825 la-

285 1840 342 1870 cte,
367 1836 544 1865 nominativo
563 1835 618 1865 lzoc
640 1835 687 1865 lac
708 1841 762 1865 cet.
807 1837 887 1871 Quae
909 1837 994 1870 dedi,
1017 1839 1085 1866 licet
1102 1839 1132 1867 in
1157 1839 1229 1867 cod.

285 1877 385 1912 paullo
401 1877 553 1906 obscurius
570 1879 726 1914 leguntur,
750 1883 848 1906 tamen
863 1883 890 1906 et
914 1880 948 1907 ab
962 1879 1174 1921 Eichenfeldio,
1192 1881 1226 1910 V.

287 1918 344 1954 Cl.‚
374 1925 401 1947 el
423 1930 437 1946 a
463 1931 507 1948 me
530 1921 764 1949 manifestissime
794 1920 912 1948 inventa
942 1927 1018 1951 sunt.
1065 1924 1109 1952 Cs.
1134 1925 1227 1952 Plaut.

286 1963 371 1990 Cure.
385 1962 420 1997 H,
436 1964 464 1998 3,
480 1966 530 1994 40.
559 1963 661 1991 Pseud.
679 1964 700 2000 I,
718 1965 748 1999 3,
765 1963 815 1993 84.
860 1963 942 1991 Adde
958 1965 1033 1993 Non.
1052 1976 1080 2004 p.
1096 1968 1168 1998 331.
1187 1983 1229 1989 --

284 2004 311 2042 3)
337 2004 444 2032 Verba:
469 2005 497 2032 D
513 2004 569 2034 hac
584 2004 681 2034 littera
695 2021 736 2026 —
750 2005 885 2043 reperire,
909 2005 1015 2034 desunt
1029 2009 1107 2045 apud
1121 2010 1186 2037 Asc.
1201 2014 1230 2037 et

286 2048 315 2076 P.
345 2047 404 2083 Ego
423 2057 437 2074 e
455 2047 524 2075 Cod.
549 2048 664 2084 addidi,
694 2047 736 2075 sic
761 2048 876 2075 demum
900 2057 1019 2076 manuni
1037 2051 1230 2080 Grammatici

285 2089 445 2118 restituisse
466 2094 564 2125 ratus,
588 2100 680 2128 quum
706 2100 759 2128 per
783 2089 911 2127 singulas
932 2091 1044 2119 litteras
1070 2094 1229 2130 procedere

285 2142 314 2160 se
330 2131 404 2159 velle
420 2141 509 2170 supra
531 2132 662 2161 dixisset.
707 2133 789 2168 Quae
808 2137 905 2160 autem
925 2143 1005 2161 nunc
1027 2135 1106 2170 apud
1123 2136 1151 2165 P.
1178 2147 1230 2164 se·-

285 2178 432 2212 quuntur:
472 2173 500 2201 E
517 2186 584 2213 crgo
608 2175 725 2203 nomina
750 2192 788 2196 -
813 2185 905 2212 usque
929 2175 965 2203 ad
987 2186 1015 2205 v.
1037 2175 1167 2212 Cyrenes,
1198 2179 1228 2206 in

285 2217 354 2245 Cod.
379 2221 406 2244 et
429 2215 492 2244 Asc.
512 2217 610 2245 statim
634 2227 722 2255 supra
746 2222 813 2255 post
833 2227 883 2246 vv.
904 2218 933 2246 in
958 2217 1084 2247 secunda
1106 2218 1228 2248 historia

287 2257 423 2287 Sallustii
437 2264 611 2296 sequuntur,
635 2263 667 2287 ut
684 2259 823 2288 diximus.
868 2260 924 2288 Sed
939 2261 1011 2289 salso
1030 2260 1060 2288 id
1072 2260 1146 2294 fieri,
1165 2272 1229 2299 par-

284 2302 336 2328 tim
351 2311 395 2328 res
410 2301 473 2339 ipsa
490 2301 590 2337 docet,
613 2311 704 2338 quum
726 2302 776 2329 illa
791 2312 851 2329 non
869 2303 939 2339 poni
957 2303 1081 2342 possint,
1105 2303 1161 2331 nisi
1178 2304 1227 2332 ubi

285 2344 320 2371 dc
340 2343 545 2371 terminatione
564 2343 595 2370 in
616 2342 641 2371 E
661 2343 719 2371 iam
743 2354 838 2372 sermo
865 2345 971 2379 suerit,
995 2346 1104 2384 partim
1127 2346 1226 2375 Codex

284 2386 419 2421 ostendit,
437 2386 495 2423 qui,
514 2396 604 2423 quum
621 2396 710 2423 supra
725 2386 822 2423 posita
840 2386 891 2414 illa
908 2387 943 2415 de
961 2386 985 2416 C
999 2388 1093 2416 littera
1110 2388 1140 2416 in
1151 2398 1226 2416 mar-

281 2428 347 2466 gine
362 2428 483 2466 habeat,
513 2429 545 2457 in
569 2428 671 2457 eodem
693 2429 824 2467 margine
843 2430 884 2457 sic
900 2430 1013 2468 pergit:
1033 2431 1230 2471 pinguissime.

1269 1751 1291 1781 d
1303 1751 1360 1782 hac
1373 1751 1470 1782 littera
1486 1752 1598 1783 nullum
1609 1765 1711 1782 nomen
1729 1754 1839 1792 repperi
1852 1754 2037 1782 terminarum
2053 1752 2157 1783 doceat
2170 1751 2222 1782 de—

1270 1795 1456 1825 clinationem
1474 1797 1524 1836 qui
1546 1797 1672 1835 potuerit
1696 1797 1824 1834 reperire.
1875 1795 1904 1824 E
1925 1795 2022 1824 littera
2047 1796 2220 1833 1e1·minc1t‹z;

1270 1843 1358 1875 atque
1374 1838 1414 1866 ita
1435 1839 1532 1877 pergit
1553 1848 1646 1876 usque
1668 1838 1705 1866 ad
1721 1848 1768 1866 VV.
1792 1845 1908 1866 muratus
1925 1838 2102 1866 nominativo
2126 1836 2224 1867 decli-

1270 1879 1396 1909 nabitur.
1440 1882 1562 1918 Reliqua
1583 1881 1611 1908 in
1635 1881 1691 1908 ima
1710 1891 1760 1908 ora
1776 1881 1903 1908 abscissa
1927 1885 2011 1914 sunt,
2035 1880 2085 1908 sed
2103 1885 2222 1909 restan-

1269 1928 1313 1951 tes
1332 1922 1429 1951 adhuc
1449 1923 1574 1951 lineolae
1597 1923 1722 1958 docent,
1747 1923 1849 1951 sallem
1874 1932 1967 1950 unum
1992 1923 2079 1950 eliam
2102 1933 2222 1951 versum

1272 1965 1396 1993 affuisse.
1441 1966 1549 1994 Eadem
1570 1970 1668 1993 tamen
1692 1965 1789 1993 omnia
1810 1966 1840 1993 in
1863 1965 1927 2003 ipso
1950 1970 2036 1993 textu
2061 1970 2223 1994 recurrunt

1271 2008 1349 2036 infra
1366 2013 1433 2046 post
1450 2019 1479 2038 v.
1499 2006 1625 2046 Cyrenes.
1671 2008 1736 2036 Non
1759 2007 1861 2036 dnbilo
1885 2012 1999 2041 tamen,
2023 2008 2114 2046 quin,
2137 2013 2222 2047 post-

1273 2060 1360 2088 quam
1377 2051 1515 2079 librarius
1532 2060 1662 2078 errorem
1678 2060 1776 2086 suuni,
1800 2061 1857 2088 quo
1874 2050 1962 2078 verba
1979 2049 2006 2078 E
2022 2061 2089 2089 ergo
2102 2067 2145 2072 -—
2164 2049 2222 2090 Cy-

1273 2104 1365 2129 renes,
1389 2093 1618 2132 anticipaverat,
1641 2092 1803 2128 intellexit,
1828 2093 1934 2120 omissa
1956 2092 1987 2120 in
2013 2093 2145 2130 margine
2163 2103 2222 2131 po-

1272 2145 1342 2163 nere
1357 2135 1500 2172 voluerit,
1524 2135 1574 2163 sed
1592 2135 1759 2163 membrana
1775 2135 1946 2171 deficiente,
1970 2140 2084 2174 partem
2108 2135 2137 2163 in
2156 2135 2221 2173 ipso

1271 2182 1354 2206 textu
1369 2178 1585 2206 retractaverit.
1617 2178 1708 2214 igilur
1723 2177 1765 2205 sic
1784 2178 1921 2206 ordinavi
1938 2178 2060 2205 disiecta
2079 2178 2221 2212 membra,

1272 2225 1305 2248 ut
1329 2220 1458 2258 primum
1479 2231 1553 2258 quae
1575 2219 1611 2249 de
1630 2220 1727 2248 littera
1745 2218 1782 2256 C,
1816 2225 1877 2248 tuni
1905 2230 1979 2258 quae
2002 2220 2037 2247 de
2059 2220 2155 2248 littera
2180 2219 2220 2254 D,

1272 2262 1378 2290 deinde
1394 2273 1468 2301 quae
1484 2264 1516 2291 in
1539 2262 1709 2291 universum
1726 2262 1762 2290 de
1783 2263 1988 2291 terminatione
2006 2261 2046 2299 E,
2069 2267 2221 2301 postremo

1271 2315 1346 2342 quae
1361 2306 1396 2333 de
1411 2304 1439 2333 E
1454 2306 1562 2333 Graeca
1584 2309 1704 2333 tractata
1722 2310 1798 2340 sunt,
1823 2315 1974 2344 ponerem.
1995 2321 2027 2326 -
2075 2305 2105 2344 4)
2122 2303 2220 2334 Decli-

1270 2354 1358 2375 natur
1375 2348 1438 2377 Asc.
1455 2348 1485 2377 P.
1507 2345 1720 2375 Declinavitur
1737 2348 1807 2376 Cod.
1826 2348 1855 2375 in
1875 2347 2004 2383 margine
2020 2350 2048 2374 et
2071 2346 2101 2374 in
2125 2351 2218 2375 textu.

1273 2405 1315 2410 ———
1341 2387 1367 2427 5)
1390 2389 1513 2425 Danaa,
1536 2388 1661 2417 Danaae
1682 2389 1722 2417 ita
1746 2390 1814 2418 Cod.
1842 2389 1925 2418 huius
1948 2389 2073 2417 Danaae
2098 2388 2217 2417 Putsch.

1273 2432 1339 2461 Asc.
1361 2432 1467 2460 omisso
1489 2430 1684 2463 nominativo,
1700 2449 1742 2454 —
1785 2434 1812 2469 6)
1832 2433 1901 2463 cod.
1919 2431 1952 2459 in
1971 2434 2057 2459 textu
2077 2432 2217 2460 termina-
