2263 2668
162 116 305 151 PAULI
333 116 455 150 DIAC.
483 115 738 150 EXCERPTA
764 117 827 151 Ex
851 116 940 150 LIB.
966 114 1111 150 POMP.
1139 115 1278 150 FESTl
1304 117 1368 151 DE
1395 118 1563 153 SIGNIF.
1592 118 1731 152 VERB.
1784 120 1872 154 LlB.
1900 123 1924 155 1.

2009 125 2033 157 3

87 212 248 246 Amoena
275 211 364 244 dicta
391 214 464 243 sunt
486 210 579 252 loca,
607 221 692 253 quae
719 210 763 243 ad
791 221 826 243 se
852 208 994 243 amanda
1020 207 1183 252 alliciant,
1209 210 1245 242 id
1273 215 1321 243 est
1345 211 1481 245 trahant
1500 208 1534 246 ¹⁸.

90 262 232 311 Affecta
252 258 276 278 ¹⁹
301 262 425 295 femina
450 262 505 294 vel
531 262 563 294 in
591 262 712 294 bonam
740 266 871 307 partem
901 262 1038 301 dicitur,
1071 260 1163 294 velut
1193 260 1375 304 honorata,
1409 265 1463 297 vel
1488 264 1521 296 in
1556 264 1699 306 malam,
1732 265 1826 308 quasi
1852 265 1896 298 ad
1923 274 2031 302 extre-

187 326 280 347 muni
305 313 493 359 periculum
519 313 674 347 adducta.

84 374 293 420 Aq'uagz'um
321 374 414 417 quasi
440 384 546 417 aquae
572 373 705 417 agium,
732 372 767 404 id
795 376 841 405 est
864 372 1089 416 aquaeductus
1116 371 1308 415 appellatur
1327 369 1362 406 ²⁰.

85 426 331 472 Aquaelicium
351 422 374 441 ²¹
403 425 523 458 dicitur
542 421 577 465 ²²,
605 436 707 467 quum
734 436 821 467 aqua
847 424 1000 469 pluvialis
1026 424 1179 457 remediis
1206 424 1405 467 quibusdam
1433 425 1562 460 elicitur
1581 422 1616 470 ²³,
1643 431 1678 459 ut
1705 426 1887 470 quondam,
1913 430 1938 461 si
1955 441 2029 465 cre-

189 476 295 517 ditur,
321 476 442 509 manali
462 473 487 493 ²*
512 476 627 521 lapide
654 476 686 508 in
712 477 832 509 urbem
858 475 971 510 ducto.

87 538 192 583 Aqua
219 537 353 578 dicitur,
381 549 401 569 a
426 548 493 580 qua
517 536 667 569 iuvamur
689 532 723 569 ²⁵.

88 589 192 634 Aqua
220 593 251 622 el
279 588 356 633 igni
381 593 449 620 tam
472 585 498 606 ²⁶
523 588 674 621 interdici
701 587 785 620 solet
812 587 988 630 damnatis,
1015 599 1115 632 quam
1143 586 1310 632 accipiunt
1336 591 1477 631 nuptae,
1504 587 1658 621 videlicet
1684 589 1761 632 quia
1781 589 1847 622 hae
1868 590 1955 625 duae
1978 605 2029 628 res

188 641 367 673 humanam
394 640 494 673 vitam
521 640 663 672 maxime
690 640 866 674 continent.

189 697 242 725 tur
258 688 283 709 ²⁷

85 752 237 787 ,4,ῑίἲίυεὶ
261 752 391 785 factiosi
418 752 630 794 dicebantur,
665 763 768 795 quum
794 751 906 796 plures
933 763 997 784 una
1024 750 1104 794 quid
1133 755 1272 795 agerent
1297 750 1521 794 facerentque.

188 804 297 847 liquos
319 800 344 820 ²⁹

189 860 335 900 agentes,

1061 687 1086 708 ²8

919 640 1034 683 ltaque
1061 640 1158 672 sunus
1184 639 1354 682 prosecuti
1380 638 1554 672 redeuntes
1585 641 1697 685 ignem
1725 642 2030 686 supergradieban-

308 704 395 735 aqua
422 691 561 736 aspersi3
587 691 679 735 quod
707 690 914 736 purgationis
940 703 1044 736 genus

1112 691 1278 724 vocabant
1304 690 1512 724 suffitionem.

1575 751 1661 784 Axit
1689 757 1798 785 autem
1823 753 1942 789 dixisse
1968 768 2028 790 an-

377 815 440 848 pro
476 804 607 849 egerit,
645 804 853 836 manifestum
887 808 949 841 est3
984 803 1073 836 unde
1107 804 1222 835 amites
1244 798 1269 818 3⁰
1301 803 1454 835 mulieres
1489 803 1556 835 sive
1588 804 1647 835 viri
1668 801 1691 820 ³¹
1734 804 1930 839 dicebantur
1964 820 2028 842 una

86 907 199 940 Aliles
225 908 336 938 volatu
363 906 508 950 auspicia
535 907 692 940 facientes
718 906 799 938 istae
824 905 1040 949 putabantur:
1068 905 1170 939 buteo
1186 901 1229 947 ³²,
1256 905 1422 948 sanqualis
1444 900 1487 947 ³3,
1520 905 1711 938 immusulus
1729 902 1771 949 3⁴,
1798 908 1928 952 aquila,
1954 912 2030 944 vol-

186 959 287 992 tutius
308 955 342 990 ³³.

85 1010 289 1043 Axamenta
316 1009 511 1042 dicebantur
537 1008 682 1042 carmina
709 1008 849 1041 Saliaria

188 1073 240 1094 sos
272 1061 424 1093 homines
457 1060 651 1104 composita.

189 1114 325 1153 bantur,
353 1117 388 1144 ut
414 1112 551 1144 Ianualii
570 1108 612 1152 ⁴⁰,
639 1111 767 1143 Iunonii
787 1108 830 1152 ⁴¹,
859 1111 1022 1144 Minervii.

870 1003 882 1024 3

85 1173 195 1214 Axis,
222 1184 321 1216 quem
350 1172 474 1205 Graeci
497 1171 606 1211 ἄξονα
626 1167 651 1187 ⁴²
678 1168 850 1213 dicunt⁴³,
882 1171 996 1215 plures
1026 1170 1131 1202 habet
1164 1170 1431 1215 significationes,

184 1224 346 1265 trionalis,
374 1228 407 1256 et
432 1223 533 1268 stipes
559 1227 661 1263 teres,
690 1224 780 1256 circa
803 1234 904 1265 quein
931 1229 1003 1255 rota
1029 1223 1166 1254 vertitur

712 1061 801 1092 Nam
834 1061 868 1092 in
904 1059 985 1092 deos
1020 1059 1168 1105 singulos
1194 1072 1305 1093 versus
1331 1060 1402 1093 ficti

884 1003 913 1052 ⁵,
941 1018 1027 1051 quae
1054 1020 1073 1040 a
1099 1008 1196 1042 Saliis
1219 1003 1244 1024 ³⁷
1277 1007 1505 1040 sacerdotibus
1532 1008 1746 1041 cantabantur
1765 1005 1807 1052 ³3,
1841 1011 1874 1044 in
1901 1013 2031 1047 univer-

1422 1056 1446 1075 39
1473 1071 1492 1091 a
1521 1059 1706 1092 nominibus
1733 1072 1849 1095 eorum
1875 1065 2032 1109 appella-

1490 1170 1577 1202 Nam
1611 1174 1645 1203 et
1677 1182 1754 1214 pars
1781 1173 1868 1206 coeli
1898 1181 2033 1221 septen-

1190 1220 1231 1261 ⁴⁴,
1259 1228 1291 1255 et
1317 1222 1433 1255 tabula
1459 1222 1580 1254 sectilis
1607 1223 1675 1254 axis
1701 1225 1890 1267 appellatur
1911 1224 1945 1260 ¹¹⁵.

85 1285 190 1318 Adon·
215 1284 309 1317 farris
336 1295 461 1328 genus,
488 1283 572 1316 edor
596 1282 766 1326 quondam
795 1282 1004 1325 appellatum
1032 1283 1075 1315 ab
1103 1282 1235 1315 edendo
1256 1279 1298 1323 ⁴⁶,
1330 1283 1382 1314 vel
1409 1282 1503 1326 quod
1538 1281 1712 1326 aduratur,
1744 1288 1780 1316 ut
1812 1285 1870 1318 fiat
1900 1291 2032 1331 tostum,

188 1336 277 1370 unde
304 1336 337 1368 in
363 1335 526 1368 sacrificio
552 1334 644 1368 mola
671 1335 755 1367 salsa
786 1334 938 1367 efficitur.

82 1397 260 1430 Adoriam
282 1391 304 1414 *ἴ
329 1394 464 1428 laudem
491 1396 557 1428 sive
584 1395 732 1440 gloriam
759 1393 933 1436 dicebant,
959 1394 1039 1438 quia
1064 1393 1251 1438 gloriosum
1279 1403 1355 1425 eum
1375 1388 1400 1409 ‘¹⁸
1426 1392 1589 1437 putabant
1616 1404 1686 1426 esse
1707 1389 1742 1437 ⁴⁹,
1768 1395 1825 1438 qui
1851 1396 1946 1430 farris
1973 1409 2033 1433 co-

184 1450 241 1493 pia
268 1447 460 1480 abundaret.

84 1509 199 1542 Arma
226 1508 363 1552 proprie
389 1507 543 1539 dicuntur
569 1506 611 1539 ab
639 1505 736 1538 armis
755 1502 796 1547 ⁵⁰,
829 1504 864 1538 id
900 1509 947 1538 est
972 1504 1120 1538 humeris
1144 1501 1169 1522 ⁵¹
1206 1503 1452 1549 dependentia,
1484 1508 1519 1536 ut
1552 1508 1698 1546 scutum,
1731 1505 1881 1549 gladius,
1915 1509 2033 1553 pugi0‚

185 1560 255 1593 sica-
281 1564 315 1592 et.
342 1570 382 1592 ea
402 1555 447 1599 5²,
472 1557 590 1601 quibus
615 1557 737 1602 procul
761 1551 967 1602 proeliamur
986 1553 1029 1599 ⁵³,
1054 1556 1123 1589 tela
1144 1552 1179 1588 ⁵⁴.

82 1659 315 1699 gradiebantur]
341 1659 389 1687 Sic
411 1659 450 1687 L..
462 1658 503 1688 M.
547 1658 636 1696 Vulg.
661 1657 977 1697 supergrediehantur.
993 1672 1034 1677 —

84 1702 134 1742 28)
151 1708 279 1741 purgat.
300 1701 378 1741 gem]
399 1712 497 1740 genus
513 1711 610 1740 purg.
633 1700 664 1729 L.
687 1717 730 1723 -—
750 1700 799 1739 29)
820 1700 933 1728 dixisse
955 1700 1035 1728 antl-

86 1745 173 1784 quos]
190 1746 238 1773 Sic
253 1746 310 1773 Gu.
330 1747 355 1776 1.
375 1747 402 1776 2.
440 1743 524 1781 vulg.
539 1745 684 1782 antiquos
698 1741 818 1773 dixisse.
839 1759 878 1766 —·
905 1741 951 1782 30)
969 1743 1034 1770 axi-

86 1787 140 1826 tes]
164 1788 213 1816 Sic
234 1786 423 1816 scribendum
449 1786 565 1815 censuit
583 1786 660 1815 Scal.
681 1786 737 1814 Gu.
759 1788 786 1817 2.
808 1792 898 1816 axis-9.
946 1785 1034 1822 Vulg.

87 1833 177 1858 sudes.
204 1846 239 1851 —
263 1832 309 1866 31)
333 1829 405 1868 ι’ίνί]
432 1828 479 1857 Sic
502 1828 608 1868 scripsi
631 1829 667 1857 de
689 1828 860 1857 coniectura
884 1828 958 1856 Scal.
979 1838 1035 1866 pro

86 1873 169 1910 vulg.
194 1872 258 1909 dit,
282 1871 362 1911 quod
386 1871 459 1900 nihil
482 1876 535 1901 est.
582 1870 646 1901 Om.
670 1882 699 1900 v.
721 1881 769 1910 pr.
805 1889 839 1893 —
869 1873 915 1909 32)
938 1868 1038 1907 buteo]

86 1916 194 1943 buteoti
218 1915 250 1944 L.
299 1915 401 1942 buteo-s·
424 1914 453 1943 B.
476 1925 523 1953 pr.
552 1930 593 1936 —
634 1914 679 1952 33)
702 1913 884 1953 sanqualis]
916 1922 1037 1950 anqua-

85 1961 130 1986 δίε
160 1968 206 1997 pr.
252 1957 283 1985 ln
305 1957 337 1987 B.
365 1967 468 1995 unqua
490 1961 534 1985 est
559 1956 759 1986 obliteratum.
804 1957 870 1985 Om.
894 1956 925 1984 L.
968 1954 1036 1983 Vid.

83 2001 164 2030 Fest.
188 2000 285 2039 ipsum
309 2009 331 2027 s.
355 2009 381 2027 v.
404 1999 582 2038 SanqualiS.
615 2014 657 2021 -—-
695 1999 744 2035 34)
766 1996 964 2035 immas-ulus]
989 1996 1038 2024 Sic

87 2044 144 2072 Gu.
169 2046 197 2075 2.
251 2042 427 2069 nummula-s·
454 2041 487 2070 B.
517 2041 555 2071 M.
587 2041 644 2070 Gu.
669 2043 696 2073 1.
752 2041 839 2078 Vulg.
871 2041 1037 2067 immuscu-

85 2087 146 2114 luas.
175 2101 216 2107 -
250 2081 299 2124 35)
321 2083 494 2123 volturius]
525 2084 573 2112 Sic
596 2085 628 2114 L.
673 2083 760 2121 vulg.
787 2083 959 2116 vultur-ms,
983 2090 1037 2119 pro

87 2139 146 2166 quo
170 2127 208 2156 M.
232 2126 319 2154 habet
342 2126 495 2157 vultur-us,
527 2141 569 2149 —-
611 2124 657 2162 36)
681 2124 833 2164 saliaria]
857 2124 983 2153 Salaria
1006 2123 1038 2152 Β.

87 2172 144 2200 Gu.
169 2173 197 2201 1.
221 2172 249 2200 2.
273 2179 317 2207 pr.
353 2184 391 2190 —
429 2169 477 2206 37)
501 2167 609 2207 Saliis]
632 2178 691 2197 om.
714 2168 755 2198 M.
787 2184 828 2189 —
863 2168 909 2203 38)
933 2171 1039 2194 canta-

86 2211 211 2250 buntur]
234 2211 282 2240 sic
306 2210 424 2240 videtur
446 2221 508 2239 esse
530 2210 705 2249 legendum,
729 2219 820 2248 quum
842 2209 935 2246 vulgo
957 2209 1038 2246 lega—

85 2261 137 2285 tur
160 2254 428 2292 componebantur,
458 2253 508 2281 sed
539 2252 598 2281 hoc
619 2253 716 2291 ipsum
740 2252 881 2289 sequitur.
914 2266 956 2273 —-
991 2248 1038 2288 39)

1077 1656 1141 1695 nii]
1168 1655 1282 1684 Iunoni
1304 1655 1336 1684 L.
1365 1670 1406 1676 —
1436 1654 1482 1691 42)
1509 1652 1650 1693 ὄῖξονα]
1680 1654 1730 1683 Sic
1753 1656 1791 1685 M.
1815 1657 1873 1687 Gu.
1895 1661 1922 1691 1.
1963 1671 2033 1689 axo-

1078 1710 1120 1727 na
1144 1699 1200 1729 Gu.
1227 1702 1255 1729 2.
1300 1696 1340 1727 τὸ
1363 1695 1474 1731 ἄξιον
1495 1697 1529 1724 B.
1563 1713 1599 1718 —
1633 1696 1679 1736 43)
1705 1697 1820 1738 dieunt]
1843 1700 1893 1729 Sic
1913 1701 1952 1731 M.
1977 1704 2032 1734 Gu.

1079 1745 1108 1774 1-
1132 1744 1160 1772 2.
1205 1741 1290 1778 Vulg.
1312 1744 1431 1767 vocant.
1453 1755 1494 1761 —
1522 1738 1568 1776 44)
1591 1740 1733 1779 vertitur]
1755 1742 1888 1771 volvitur
1909 1745 1958 1773 vel
1969 1756 2032 1774 ver-

1079 1786 1156 1812 titur
1178 1784 1210 1812 L,
1243 1798 1285 1804 -—-
1324 1780 1371 1820 45)
1395 1781 1584 1820 appellatur]
1607 1781 1723 1811 dicitur
1743 1784 1776 1813 L.
1807 1801 1847 1806 ——
1881 1785 1931 1827 46)
1947 1787 2033 1816 eden-

1079 1827 1131 1865 do]
1155 1824 1296 1854 edicendo
1321 1824 1377 1852 GU.
1404 1826 1429 1854 1.
1451 1839 1494 1845 —
1514 1823 1562 1864 47)
1584 1823 1754 1864 Adoriam]
1770 1826 1925 1856 Adoretzm
1946 1831 1978 1859 L.
1997 1831 2030 1861 Β.

1081 1871 1137 1897 Gu.
1163 1871 1187 1898 1.
1211 1877 1256 1906 pr.
1279 1868 1307 1895 S.
1351 1866 1408 1894 Sed
1431 1871 1561 1904 praestat
1583 1867 1675 1896 altera
1706 1869 1817 1906 forma,
1847 1871 1928 1909 quod
1956 1873 2032 1901 sub-

1080 1911 1241 1939 stantivum
1264 1913 1309 1938 est
1332 1909 1528 1946 abstractum,
1551 1919 1627 1948 quae
1651 1912 1746 1940 omnia
1769 1912 1799 1940 in
1822 1914 1855 1940 ia
1876 1914 1973 1944 solent
1988 1917 2031 1945 es-

1080 1953 1218 1988 sormari,
1240 1956 1274 1980 ut
1297 1951 1378 1990 apud
1402 1952 1539 1980 Graecos.
1583 1953 1744 1991 Analogiae
1762 1955 1855 1992 igitur
1870 1956 1948 1985 ratio
1964 1968 2031 1987 sua-

1081 1996 1131 2024 det
1153 1995 1279 2023 sormam
1300 1995 1331 2022 in
1353 1995 1394 2023 ἰα.
1439 1994 1488 2023 Sic
1511 1993 1638 2023 adoriae
1654 1996 1795 2025 scribitur
1810 1997 1841 2026 in
1857 1999 1970 2038 codice,
1994 2012 2032 2030 ex

1081 2048 1140 2076 quo
1170 2037 1326 2066 Frontonis
1356 2037 1429 2076 Epp.
1458 2037 1553 2066 editae
1582 2043 1658 2066 sunt.
1710 2039 1783 2069 Vide
1813 2041 1860 2071 ed.
1888 2042 2029 2073 Niebuhr.

1080 2091 1110 2120 p.
1135 2082 1205 2112 168.
1233 2095 1276 2101 ——-
1310 2080 1355 2117 48)
1376 2080 1548 2117 gloriosum.
1569 2080 1647 2119 eum]
1670 2091 1738 2110 eum
1757 2083 1840 2122 glor.
1864 2084 1920 2113 Gu.
1940 2089 1966 2117 1.
1990 2103 2032 2108 —

1080 2126 1127 2163 49)
1149 2122 1304 2160 putabant
1325 2122 1395 2161 esse]
1420 2133 1479 2150 esse
1501 2123 1640 2151 dicebant
1661 2124 1692 2152 L.
1721 2141 1763 2147 —
1793 2127 1838 2164 50)
1856 2137 1960 2168 propr.
1984 2129 2031 2156 di.

1081 2170 1192 2193 cuntur
1213 2165 1251 2192 ab
1275 2164 1381 2204 armis]
1406 2165 1465 2195 dic.
1488 2166 1527 2194 ab
1547 2167 1643 2194 armi-9
1662 2177 1763 2206 propr.
1785 2168 1818 2199 L.
1845 2186 1880 2191 —
1907 2170 1954 2210 51)
1976 2172 2031 2198 Ιιιι-

1081 2207 1187 2246 meris]
1218 2207 1255 2235 ab
1277 2208 1360 2238 lcum.
1384 2208 1416 2237 B.
1450 2225 1489 2230 —-
1524 2206 1570 2249 52)
1593 2209 1638 2248 et]
1667 2210 1717 2238 Sic
1740 2211 1773 2240 L.
1796 2212 1825 2240 S.
1871 2212 1958 2250 Vulg.
1985 2218 2026 2240 ul.

1081 2266 1122 2272 —
1148 2251 1193 2287 53)
1211 2250 1418 2289 praeliamur]
1442 2251 1637 2289 proeliantur
1658 2252 1689 2280 L.
1731 2254 1904 2291 praeliatur
1926 2256 1980 2282 Gu.
2000 2257 2027 2285 1.

78 2297 164 2338 ficti]
192 2298 260 2334 sieri
289 2297 319 2326 L.
359 2296 448 2333 sadi
470 2295 507 2323 Μ.
530 2295 558 2323 S.
593 2312 632 2316 -
665 2292 715 2334 40)
739 2292 890 2332 Ῐαηιιαίίἰ]
915 2292 1040 2322 [anuali
1076 2303 1172 2332 prope
1195 2294 1392 2332 praeliatur:
1425 2295 1506 2322 sicut
1534 2294 1611 2333 tela,
1639 2295 1751 2334 quibus
1775 2297 1893 2335 procul.
1924 2297 1955 2325 S.
1988 2311 2026 2317 —-

87 2341 118 2370 L.
169 2340 285 2370 lanulc'i
307 2339 341 2370 B.
394 2338 498 2367 [anuli
520 2337 559 2368 Μ.
594 2336 650 2368 Gu.
675 2338 702 2368 1.
726 2338 757 2369 2.
797 2352 833 2358 —
871 2338 918 2374 41)
949 2336 1039 2365 luno-

1081 2337 1127 2373 54)
1149 2335 1218 2375 tela]
1241 2335 1388 2365 dicuntur
1412 2336 1481 2366 add.
1503 2337 1535 2367 B.

1553 2381 1584 2414 A
1602 2383 1619 2402 *
