2263 2668
490 137 554 171 DE
582 134 967 170 SIGNIFICATIONE
996 136 1278 172 VERBORUM.
1338 138 1482 172 LIBER
1504 138 1610 172 XVII.
1946 142 2022 177 675

79 229 204 258 Horatio
227 228 315 270 Cypri
334 237 436 270 potens
454 230 561 260 Venus.
589 229 685 258 Plauti
708 239 811 258 versus
832 227 951 258 videtur
974 238 1036 258 esse
1059 239 1095 258 ex
1114 231 1251 261 Pseudol.
1271 231 1335 260 Act.
1351 232 1373 263 Ι.
1393 232 1481 269 sc.1‚
1506 231 1591 269 (14.).
1621 231 1679 261 Sed
1702 232 1753 271 qui
1775 231 1807 261 in
1829 232 1913 264 libris
1935 236 2020 265 editis

79 283 139 301 nou
162 272 267 301 leviter
289 273 469 301 immutatus.
514 274 562 301 Sic
585 274 662 301 enim
685 273 809 310 legitur:

696 331 739 338 ..-
781 313 858 344 Nam
881 320 913 342 tu
935 324 979 343 me
1000 313 1142 345 antidlzac

657 355 827 396 Supremum
850 354 980 386 habuisti
1002 358 1135 386 comitem
1159 356 1290 388 consiliis
1312 359 1377 388 tuis.

78 406 265 445 Sequebatur
288 412 469 447 pentameter
491 407 597 436 incerti
619 412 736 446 poetae:

656 466 695 473 ....
739 466 782 472 —
825 447 985 489 Suppremo
1009 449 1129 478 crimine
1151 457 1231 479 necte
1252 457 1310 480 tuo.

76 491 152 520 Item
173 501 277 522 versus
299 491 452 520 heroicus:

655 532 692 562 Et
714 534 799 574 quasi
819 543 971 573 suppremo
993 531 1120 572 lugentes
1142 541 1272 574 tempora
1295 533 1385 564 voltu.

75 574 165 605 Dac.

243 616 472 646 Subsidium.
497 615 554 656 (Ad
579 628 607 656 p.
620 616 704 657 245.)
728 617 825 646 Verba
848 617 925 646 Festi
948 617 983 646 ad
1007 617 1172 648 subsidium
1195 618 1357 656 pertinent,
1387 618 1415 646 id
1440 628 1512 647 vero
1534 617 1663 647 maxime
1686 628 1701 646 a
1724 617 1849 655 triariis,
1872 619 1924 658 qui
1946 621 2014 650 nub.

76 659 174 688 aidere
196 659 344 695 solebant⁷
370 661 439 688 dum
464 660 616 698 principes
639 666 667 688 et
690 660 799 689 hastati
821 664 1003 699 pugnanmt,
1028 660 1140 688 dictum
1164 666 1218 690 est.
1259 659 1385 689 Plautus
1407 662 1436 689 in
1460 682 1466 689 .
1491 683 1498 689 .
1522 682 1528 689 .
1551 660 1643 700 Agite
1664 671 1740 690 nunc
1761 660 1901 691 subsidite
1923 673 2019 692 omnes

76 702 164 741 quasi
184 701 277 730 solent
301 703 404 730 triarii.
449 702 512 733 Liv.
534 703 584 731 lib.
598 702 673 730 vlli.
696 703 734 737 (e.
748 705 804 740 8.):
827 701 883 732 Ad
905 703 1023 730 triarios
1046 713 1110 731 cum
1133 711 1247 731 ventum
1270 710 1346 739 erat,
1368 704 1418 743 qui
1439 704 1538 732 ceteris
1559 710 1649 731 essent
1670 702 1820 743 subsidio,·
1844 716 1888 733 res
1909 705 1940 733 in
1961 716 2020 734 ex—

75 751 197 772 tremum
225 743 386 784 periculum
415 743 556 783 perducta
585 756 643 774 esse
671 743 830 775 dicebatur.
857 744 946 774 Ant.
969 744 1067 783 Aug.
1114 743 1283 774 Subsidium
1308 744 1471 782 dicebatur,
1511 744 1629 786 quando
1652 744 1758 774 milites
1779 745 1966 776 subsidebant
1988 748 2019 777 in

76 792 211 814 extrema
230 787 309 822 acie,
333 785 498 826 labentique
521 788 596 815 aciei
617 787 832 818 succurrebant.
871 785 958 825 Quod
978 798 1067 826 genus
1090 786 1215 816 militum
1239 787 1393 816 constabat
1415 799 1455 816 ex
1477 788 1527 824 iis,
1550 788 1601 828 qui
1617 795 1792 816 emeruerant
1809 788 1972 827 stipendia,
1992 797 2018 818 et

77 835 172 857 tamen
194 828 355 858 retinebant
378 828 474 858 locum
499 830 529 857 in
551 831 698 867 exercitu,
722 841 796 870 quae
818 837 879 858 erat
901 830 985 858 tertia
1007 830 1100 866 acies,
1123 841 1197 869 quae
1219 829 1370 859 dicebatur
1392 831 1578 866 triariorum,
1602 837 1632 858 ut
1647 829 1770 858 Plautus
1786 831 1815 859 in
1835 830 2017 861 Friuolaria:

611 881 703 920 Agite
723 892 801 909 nunc
822 879 961 909 subsidite
983 891 1094 917 omnes,
1120 882 1205 920 quasi
1225 880 1317 911 solent
1338 882 1443 910 triarii.

76 929 200 970 Reliqua
223 940 282 958 non
305 930 400 970 potui.
447 931 552 960 Versus
576 931 625 962 ille
645 930 743 961 Piauti
765 931 920 961 manifesto
945 931 1168 971 coniungendus
1192 937 1235 962 est
1257 942 1326 961 cum
1348 932 1407 961 illis
1430 941 1466 960 ex
1490 930 1590 961 eadem
1613 930 1792 960 Frivolaria:

609 999 653 1005 —-
696 999 736 1004 —
779 1000 820 1005 —-
864 983 1018 1024 sequimini
1038 981 1095 1013 bac

611 1023 705 1054 Sultis
728 1024 852 1064 legiones
875 1037 972 1054 omnes
994 1024 1154 1056 Lavernae.
1203 1024 1261 1054 Ubi
1283 1026 1389 1055 rorarii

610 1066 715 1099 Esus?
739 1067 782 1096 En
805 1076 879 1098 sunt.
929 1067 986 1097 Ubi
1007 1076 1072 1098 sunt
1095 1066 1233 1098 accensi?
1255 1066 1358 1096 Ecce*

607 1110 701 1149 Agite
723 1122 815 1148 nunc,
842 1109 982 1139 subsidite
1004 1122 1115 1147 omnes,
1144 1111 1229 1151 quasi
1249 1109 1342 1139 solent
1366 1110 1486 1139 Triarii.

76 1161 100 1188 A
122 1158 255 1187 subsidio
278 1158 471 1188 subsidiosum
496 1159 639 1189 audacter
662 1160 800 1190 formavit
823 1162 932 1189 Seneca
955 1161 1088 1200 Epistola
1105 1162 1152 1192 8.:
1187 1158 1305 1196 Clamo,
1335 1162 1440 1197 vitate,
1471 1170 1656 1200 quaecunque
1676 1156 1761 1198 volgo
1781 1156 1914 1198 placent,
1944 1169 2017 1199 quae

75 1212 161 1230 casus
182 1201 316 1232 attribuit
338 1201 379 1229 ad
402 1213 484 1230 omne
495 1201 659 1242 fortuitum
684 1202 807 1239 bonum,
832 1201 1005 1238 subsidiosi,
1027 1202 1185 1243 pavidique
1206 1201 1357 1231 subsistite.
1403 1203 1444 1231 Ita
1468 1202 1571 1231 inveni
1593 1202 1622 1230 in
1646 1201 1721 1230 libro
1743 1201 1778 1232 N.
1800 1200 1902 1237 Fabri,
1929 1210 2017 1241 quem

75 1253 143 1273 cum
167 1246 284 1283 optimis
308 1244 462 1272 codicibus
486 1245 603 1283 scriptis
627 1246 761 1275 contulit.
781 1244 881 1274 Scal.
915 1246 940 1274 A
956 1245 1148 1282 subsidendo,
1174 1251 1202 1273 ut
1228 1256 1242 1274 a
1264 1244 1455 1286 praesidendo
1475 1242 1664 1285 praesidium.
1696 1243 1775 1272 Idem
1793 1243 1887 1271 Varro
1905 1243 2016 1274 lib.1V.

76 1287 112 1315 de
138 1287 166 1316 L.
187 1287 217 1315 L.
242 1287 306 1322 (lib.
320 1287 352 1315 V.
376 1297 441 1327 pag.
455 1287 533 1325 91.):
558 1286 683 1316 Hastati
705 1287 792 1323 dicti,
817 1288 867 1327 qui
887 1289 978 1327 primi
1000 1287 1092 1316 hastis
1111 1286 1296 1327 pugnabant,
1320 1287 1438 1323 Pilani,
1461 1288 1512 1327 qui
1532 1285 1617 1327 pilis,
1639 1285 1802 1325 Principes,
1826 1285 1877 1325 qui
1898 1296 1917 1313 a
1933 1286 2017 1325 prin-

75 1329 152 1368 cipio
173 1327 284 1367 gladiis
306 1336 331 1356 et
352 1336 418 1367 post
442 1336 620 1358 commutata
642 1341 672 1357 re
693 1328 818 1357 militari
840 1330 935 1358 minus
958 1329 1084 1358 illustres
1106 1337 1266 1360 sumuntur.
1300 1328 1398 1358 Pilani
1423 1330 1535 1358 Triarii
1557 1340 1670 1369 quoque
1692 1327 1778 1366 dicti,
1803 1325 1882 1368 quod
1903 1328 1934 1358 in
1956 1328 2019 1358 acie

74 1372 158 1399 tertio
180 1369 281 1399 ordine
302 1372 440 1399 extremis
462 1369 592 1399 subsidio
616 1370 840 1410 deponebantur.
888 1370 976 1409 Quod
1003 1371 1034 1400 Izi
1055 1371 1258 1405 subsidebant,
1296 1371 1333 1399 ab
1356 1383 1388 1400 eo
1410 1371 1570 1401 subsidium
1595 1370 1720 1406 dictum,
1756 1381 1774 1397 a
1797 1381 1853 1409 quo
1876 1368 2019 1398 Plautus:

73 1412 165 1451 Agite
187 1424 264 1441 nunc
286 1411 426 1440 subsidite
448 1424 560 1449 omnes,
589 1414 674 1453 quasi
695 1412 787 1441 solent
811 1413 930 1442 Triarii.
974 1413 1137 1442 Auxilium
1161 1412 1328 1453 appellatur
1350 1413 1387 1442 ab
1410 1422 1515 1450 auctu,
1546 1424 1610 1441 cum
1634 1419 1828 1449 accesserant,
1858 1412 1908 1452 qui
1929 1410 2017 1440 adiu-

73 1461 168 1483 mento
190 1462 296 1491 essent,
326 1453 512 1493 alienigenae.
557 1454 740 1483 Praesidium
763 1462 804 1483 est
826 1454 953 1491 dictum,
983 1457 1052 1495 quia
1075 1463 1162 1484 extra
1186 1464 1283 1485 castra
1304 1455 1527 1495 praesidebant,
1558 1457 1589 1484 in
1612 1453 1677 1484 loco
1700 1453 1818 1494 aliquo,
1849 1465 1908 1493 quo
1928 1454 2019 1483 tutior

73 1497 152 1536 regio
173 1504 252 1526 esset.
295 1498 353 1525 Sed
376 1498 481 1525 falsum
506 1502 563 1533 est,
588 1498 667 1534 quod
692 1498 732 1525 ait
753 1497 847 1525 Varro
869 1497 1000 1526 hastatos
1023 1498 1136 1534 dictos,
1160 1499 1241 1535 quod
1264 1498 1355 1527 hastis
1378 1502 1558 1538 pugnarent,
1585 1498 1698 1536 pilanos
1721 1496 1804 1534 quod
1825 1496 1904 1535 pilis.
1945 1496 2018 1524 Nam

72 1549 110 1568 ex
131 1538 282 1568 veteribus
304 1539 372 1568 satis
396 1544 512 1568 constat
534 1538 668 1568 hastatos
691 1539 774 1577 pilis,
802 1538 894 1568 hastis
917 1540 1032 1578 pilanus
1055 1540 1237 1576 decertasse,
1266 1541 1307 1570 ita
1330 1546 1361 1570 ut
1385 1542 1505 1579 utrique
1528 1540 1564 1569 ab
1587 1550 1621 1568 eo
1643 1549 1747 1577 genere
1770 1538 1895 1569 telorum
1917 1539 2021 1577 appel·-

71 1581 125 1610 lati
148 1581 273 1617 suerint,
304 1581 411 1619 quibus
435 1581 554 1610 minime
578 1582 749 1618 utebantur,
782 1581 861 1618 quod
885 1582 915 1610 in
938 1592 1039 1610 eorum
1062 1582 1185 1618 gratiam
1210 1583 1294 1619 dico,
1325 1584 1375 1620 qui
1398 1583 1539 1612 historiae
1558 1584 1707 1611 Romanae
1730 1581 1875 1610 assiduam
1898 1591 2020 1619 operam

71 1629 188 1653 navant.
210 1623 295 1653 Dac.
328 1623 402 1652 Vide
418 1622 608 1653 Praesidium.
629 1622 733 1653 Goth.
773 1623 814 1652 De
838 1624 1033 1662 originatione
1053 1623 1237 1653 hastatorum
1259 1630 1288 1653 et
1305 1624 1473 1663 pilatiorum
1496 1626 1534 1654 cs.
1549 1624 1690 1654 Schwarz
1714 1624 1849 1654 observv.
1871 1623 1907 1651 ad
1930 1623 2018 1652 Nieu-

71 1670 171 1705 poort.
194 1675 260 1705 pag.
272 1666 345 1696 341.

238 1706 506 1737 Subsolaneae.
528 1704 588 1746 (Ad
612 1706 739 1747 p.245.)
765 1706 844 1742 Quid
868 1707 922 1743 sit,
946 1717 1130 1745 quaeramus.
1156 1706 1258 1737 Scal.
1290 1709 1381 1746 Lego:
1406 1707 1621 1745 subsolaneae,
1644 1719 1719 1748 quae
1740 1707 1792 1738 sub
1814 1705 1879 1738 solo
1901 1718 1945 1738 res
1965 1716 2017 1744 σγ-

69 1748 228 1789 pellantur.
273 1749 367 1780 Infra:
404 1748 512 1779 dicitur
534 1748 601 1778 inde
622 1747 772 1785 solidum,·
805 1747 888 1785 inde,
918 1749 949 1779 id
973 1754 1017 1779 est
1039 1760 1058 1778 a
1080 1749 1161 1789 solo,·
1196 1761 1211 1779 a
1234 1751 1298 1780 solo
1321 1752 1397 1781 enim
1420 1750 1564 1787 solidum,
1597 1755 1629 1780 ut
1651 1761 1740 1790 supra
1763 1751 1796 1779 in
1816 1748 1915 1780 solida
1935 1747 2017 1779 sella.

73 1792 192 1832 Optime
214 1796 312 1822 autem
335 1791 462 1822 solidum
486 1793 591 1826 imum,
615 1792 711 1822 solum
733 1791 956 1829 interpretatur.
1000 1791 1091 1822 Dac.

237 1833 437 1864 subsilles.
484 1833 640 1870 &abs-illes,
670 1844 744 1874 quas
767 1832 822 1863 alii
845 1832 968 1873 Ipsulles
989 1842 1113 1869 vocant,
1145 1832 1282 1864 lamellae
1303 1835 1482 1865 necessariae
1502 1834 1674 1874 sacrificiis,
1697 1845 1772 1874 quac
1792 1831 1834 1865 ad
1855 1844 1913 1863 rem
1937 1831 2016 1862 divi-

71 1887 141 1906 nam
165 1874 303 1906 dicuntur
323 1877 456 1906 maxime
478 1876 610 1917 conferre
634 1898 640 1905 .
667 1898 674 1906 .
699 1898 707 1906 .
732 1898 740 1906 .
776 1875 850 1905 Vide
874 1875 1036 1915 Ipsullices.
1082 1875 1182 1905 Scal.

237 1917 477 1949 substillum.
520 1919 724 1948 Tertullianus
745 1918 802 1956 (de
827 1919 897 1956 pall.
922 1920 1025 1956 ο.2.);
1054 1919 1121 1948 Aut
1142 1918 1247 1949 imbres
1269 1926 1355 1949 ruunt
1377 1926 1403 1948 et
1424 1920 1451 1948 si
1471 1930 1530 1960 qua
1552 1916 1676 1950 missilia
1699 1929 1763 1949 cum
1785 1915 1940 1951 imbribus,
1963 1914 2019 1946 de*

70 1958 140 1991 hinc
160 1959 326 1992 substillum
349 1968 376 1990 et
398 1960 490 1992 denuo
513 1960 626 1991 sudum.
657 1959 756 1990 Scal.
798 1961 973 1991 Substillum
994 1961 1086 1997 igitur
1108 1967 1235 1990 vocatur
1257 1967 1323 1992 ante
1348 1962 1479 1999 pluviam
1502 1966 1634 2000 tempus,
1672 1970 1741 1991 cum
1762 1959 1898 1998 guttatim
1920 1957 2018 1990 stillae

73 2002 183 2033 cadunt
204 2007 234 2032 et
255 2008 322 2041 post
343 2004 492 2042 pluviam,
522 2004 594 2033 dum
617 2002 715 2034 adhuc
737 2003 861 2034 uvidum
884 2007 937 2032 est.
980 2003 1054 2033 Inde
1075 2002 1242 2034 substillum
1266 2009 1294 2034 et
1315 2003 1508 2040 substillum),
1540 2003 1757 2044 στραγγουρία,
1784 2001 1924 2036 morbus,
1946 2010 2016 2032 cum

70 2045 155 2076 urina
177 2045 312 2075 stillatim
334 2046 421 2077 cadit.
468 2047 539 2077 Cato
563 2046 599 2074 de
620 2046 653 2075 fl.
673 2046 706 2076 R.
730 2048 877 2084 cap.56.:
906 2044 995 2076 Nunc
1017 2044 1053 2074 de
1074 2044 1151 2083 illis,
1176 2045 1280 2086 quibus
1301 2057 1387 2086 aegre
1406 2045 1509 2076 lotium
1531 2047 1570 2083 it,
1596 2044 1759 2086 quibusque
1776 2041 1944 2076 substillum
1964 2049 2014 2074 est.

71 2088 196 2119 Glossae
217 2088 336 2125 Cyrill.:
365 2089 565 2129 στραγγουρία
589 2086 724 2125 συΖόἰίίο,
753 2086 941 2118 substillatio.
985 2087 1074 2118 Dao.

236 2129 457 2161 subscudes.
501 2130 574 2160 Vide
589 2128 706 2161 Serilla.
724 2129 811 2161 Ant.
830 2130 928 2169 Aug.
959 2128 1124 2160 Subscudaes
1143 2129 1331 2169 appellantur
1351 2137 1491 2161 cuneatae
1510 2128 1655 2166 tabellae,
1676 2126 1783 2169 quibu&
1801 2125 1922 2158 tabulae
1939 2126 2011 2156 inter

71 2182 103 2203 ee
121 2172 322 2211 corfiguntur,
344 2174 431 2212 quia,
450 2184 510 2212 quo
530 2183 579 2202 eae
600 2173 810 2209 immittuntur,
832 2170 1011 2202 succuditur.
1048 2171 1196 2203 Pacuvius
1218 2173 1249 2201 in
1269 2172 1393 2212 Niptris.
1417 2171 1441 2202 S
1449 2171 1518 2203 cal.
1561 2171 1698 2203 Tabellas
1717 2170 1832 2208 ligneae
1854 2169 1892 2201 ad
1914 2167 2012 2213 trabqss

71 2213 167 2243 aliave
191 2214 410 2246 committenda.
448 2216 573 2244 Gallice:
606 2213 718 2253 Queu'e's
739 2213 882 2244 d'ironde.
919 2214 999 2244 Infra
1021 2224 1077 2253 pro
1099 2213 1261 2245 succiditur
1281 2215 1439 2252 legendum
1458 2213 1646 2251 succuditur,
1673 2223 1741 2245 nam
1762 2212 1804 2243 ita
1826 2211 1914 2256 plan?
1935 2218 2010 2255 ⁵⁰13·

70 2261 170 2295 pserat
192 2257 311 2294 Festus,
340 2262 373 2286 ut
394 2257 472 2287 infra
494 2268 531 2287 ex
554 2256 686 2287 Schedia.
728 2257 766 2286 Et
789 2257 900 2295 absque
923 2256 958 2285 iis
980 2259 1020 2287 ita
1043 2257 1116 2288 olim
1137 2258 1264 2289 Tui-neb.
1285 2258 1335 2288 lib.
1348 2257 1426 2288 XlV.
1449 2267 1513 2295 cap.
1528 2260 1558 2288 1.
1600 2255 1771 2294 Lugendum
1791 2258 1881 2292 puto,
1902 2254 2008 2288 ¹0th

70 2297 249 2328 succuditur.
289 2300 361 2328 Nam
384 2311 399 2328 a
422 2298 607 2328 succudendo
630 2298 704 2327 mihi
726 2309 833 2327 nomen
858 2299 977 2327 videtur
999 2299 1098 2338 potius
1120 2298 1243 2337 habere,
1273 2310 1360 2338 quam
1384 2311 1400 2328 a
1422 2296 1609 2328 succidendo.
1647 2298 1713 2331 Etsi
1733 2296 1807 2330 enim
1829 2295 1929 2327 112qu
1957 2292 2008 2325 Cui

71 2341 260 2377 inseruntur,
289 2346 452 2374 excavatur
474 2342 694 2380 succiditurque
716 2342 785 2372 inde
807 2341 937 2380 aliquid,
967 2346 999 2373 ut
1020 2341 1231 2378 immittantur,
1260 2353 1328 2372 cum
1348 2348 1445 2373 tamen
1465 2341 1497 2371 id
1519 2341 1573 2372 fiat
1594 2340 1731 2372 eudendo
1754 2335 1874 2374 scalpris
1897 2334 2004 2363 malleo

71 2384 235 2422 percussis,
272 2391 301 2413 et
328 2385 526 2415 immittantur
550 2385 611 2416 ictu
639 2384 754 2422 mallei,
787 2394 846 2415 nou
870 2384 957 2413 video
981 2394 1035 2413 cur
1055 2394 1115 2415 non
1139 2384 1265 2415 debeant
1284 2386 1384 2424 potius
1407 2394 1425 2416 a
1445 2381 1646 2421 succendendo,
1683 2391 1770 2421 quatu
1791 2388 1806 2406 ³
1827 2374 2004 2410 886613411ἆο

1416 2435 1607 2478 Qqqq*
