2263 2668
537 120 602 154 DE
625 119 1015 155 SIGNlFtcATioNE
1043 118 1327 154 VERBORUM.
1379 120 1526 155 LIBER
1553 123 1595 156 ΙΙ.
1974 123 2050 157 349

255 213 371 254 Bigen
381 224 450 245 era.
495 214 583 242 Docti
607 213 665 243 viri
688 218 795 252 putant
817 214 930 252 aliquid
952 212 1128 242 mutandum
1147 214 1179 240 in
1202 213 1283 241 cicur
1305 225 1368 252 sus3
1393 214 1472 252 quod
1497 225 1590 253 quare
1606 214 1661 243 sibi
1684 214 1900 253 persuadeant,
1923 227 1984 244 non
2003 217 2049 245 vi-

93 257 158 286 deo,
183 256 284 286 Scal.
329 255 416 286 Cicur
437 267 493 285 sus,
525 258 624 285 Recte.
660 257 711 285 Est
734 262 831 285 autem
854 256 946 285 hibris
968 255 1087 284 Latinis.
1114 253 1220 284 Gotlz.
1265 256 1330 284 Non
1355 262 1399 285 est
1421 258 1546 286 dubium
1570 259 1641 296 quin
1662 268 1728 286 cum
1753 258 1824 287 eod.
1849 258 1927 297 Lips.
1952 260 2050 297 legen-

92 301 164 328 dum
187 302 240 328 sit:
273 299 379 328 Hibris
401 309 441 327 ex
463 310 536 339 apr-o
559 307 584 327 et
606 298 708 339 scrofa
732 298 906 333 domestica,
937 298 1052 327 omissis
1075 297 1190 326 verbis:
1222 298 1303 326 cicur
1324 310 1381 330 sus.

257 341 464 370 Blaterare.
509 339 596 377 Βλάξ.
639 341 837 370 Glossarium:
866 340 991 376 Blanx,
1017 337 1143 378 εὐήθης.
1184 340 1354 377 Legendum
1377 340 1473 371 Blasr.
1498 341 1597 371 Scal.
1636 342 1733 371 Stulte
1756 342 1838 380 loqui
1861 346 1890 369 et
1912 341 2048 370 inaniter.

92 384 190 413 Plaut.
211 384 314 414 Aulut.
338 384 393 423 (ll,
416 386 452 418 3,
478 384 534 422 1.):
570 383 628 412 Ubi
650 391 681 411 m
704 396 747 420 es,
773 395 847 424 quae
869 382 1018 412 blaterasti
1040 383 1153 417 (editur
1175 392 1271 410 nunc:
1302 382 1499 412 deblaterasti.
1522 386 1567 419 L.)
1590 385 1650 413 iam
1672 385 1775 414 vicinis
1800 383 1941 413 omnibus.
1979 385 2048 412 Bla-

92 432 157 456 tero
181 438 197 454 a
221 425 327 463 blatio,
352 436 411 464 quo
434 437 505 455 usus
531 431 576 455 est
598 427 721 454 Plautus
743 427 773 455 in
796 425 942 465 Amphitr.
966 425 1022 461 (11,
1046 428 1080 460 3,
1104 427 1184 461 79.):
1217 424 1292 462 Qui,
1321 425 1447 462 malum,
1468 426 1628 465 intelligere
1650 428 1804 467 quisquam
1825 427 1903 464 potis
1925 434 1982 462 est,
2004 428 2049 454 ita

92 480 186 508 nugas
210 468 306 499 blatis.
348 469 444 497 Blatio
467 480 482 497 a
505 467 593 509 βλάξ,
621 469 711 507 piscis
735 469 836 503 nihili,
867 469 946 497 unde
971 478 1023 506 per
1046 466 1253 506 Metaphoram
1275 466 1367 504 blux,
1398 469 1513 505 fatuus,
1545 470 1664 497 stultus.
1689 469 1776 498 Dae.
1822 469 1896 497 Vide
1920 469 2048 497 Nonium

93 512 126 539 in
148 509 314 539 Blatterare
336 516 365 539 et
384 510 506 542 Blattis.
531 513 612 550 (pag.
627 514 677 542 44.
692 511 759 549 78.)
786 510 890 540 Goth.
933 510 1018 539 Adde
1037 510 1228 548 Fulgentium
1251 520 1315 548 pag.
1328 511 1401 541 561.
1425 511 1546 541 Mercer.
1579 512 1623 541 Cf.
1647 511 1735 540 etiam
1760 511 1929 540 Doederlin.
1950 513 2048 548 Syno-

93 564 173 592 nym.
189 553 246 590 111,
269 563 335 591 pag.
348 556 399 584 78.

258 595 502 625 Balatrones.
545 598 570 625 A
591 596 700 633 bullis,
731 596 792 624 sive
815 596 900 625 ballis
923 595 1100 625 balatrones.
1149 595 1202 623 Vel
1226 605 1241 622 a
1264 592 1397 633 βάλλειν,
1431 595 1545 633 iacere,
1577 605 1772 635 quaecunque
1794 595 1830 624 de
1853 596 1941 623 coriis
1964 606 2047 624 rese—

94 642 201 667 cantur
223 642 252 666 et
274 637 431 667 iaciuntur.
479 639 562 667 Unde
591 640 760 668 balatrones
782 638 915 667 homines
939 638 1024 667 nihili
1047 643 1101 666 cet.
1147 638 1324 675 Quanquam
1355 639 1555 667 verosimilius
1585 645 1644 676 est,
1680 639 1848 667 balatrones
1878 638 2047 666 convicium

93 681 186 708 fuisse
208 680 240 707 in
262 690 328 716 eos,
352 691 426 719 quos
449 682 712 717 abominabantur,
736 686 764 709 et
786 681 979 710 barathrones
1001 681 1102 720 potius
1125 680 1235 716 dietoS,
1260 686 1401 718 tanquam
1421 681 1542 718 dignos,
1568 682 1618 719 qui
1640 682 1670 709 in
1692 680 1864 710 barathrum
1885 680 2046 709 Athenien-

93 723 170 751 sium
192 732 274 750 more
298 724 506 753 deiicerentur.
549 726 607 753 Sed
636 724 709 752 haec
738 724 835 752 omnia
858 735 927 752 vere
949 734 1044 762 nugae
1070 728 1146 751 sunt.
1191 723 1310 751 Balatro
1340 732 1401 751 vox
1432 728 1475 751 est
1504 723 1601 751 adhuc
1626 724 1762 752 omnibus
1783 723 1932 761 ignorata,
1966 723 2047 751 etin

93 775 152 804 qua
175 767 352 803 exponenda
376 777 467 805 aeque
490 768 637 796 falluntur
661 777 727 795 cum
752 771 867 795 veteres
890 772 953 795 tum
978 771 1119 795 recentes.
1163 765 1215 793 Est
1246 766 1321 793 enini
1351 775 1430 794 mere
1453 766 1597 794 Graecum
1622 765 1735 795 balatro
1760 772 1788 794 et
1811 776 1825 793 a
1850 765 1959 794 balneis
1982 770 2046 793 tra-

93 813 183 836 ctum.
230 808 266 836 L't
289 819 305 836 a
327 809 438 845 καλέω,
471 810 597 845 καλέσω,
627 812 787 847 καλιστρώ,
818 811 860 837 sic
883 821 898 837 a
922 806 1037 849 βάλλω,
1067 810 1162 848 βαλῶ,
1186 809 1315 847 βαλίζω,
1338 806 1470 846 βαλάζω,
1495 807 1664 847 βαλάστρω,
1689 808 1881 847 βαλάστρωυ,
1905 808 2046 843 balastra,

93 851 226 886 balatro,
264 855 292 878 et
315 851 486 882 balastrun).
533 853 656 880 Glossae
678 852 800 880 Isidori:
834 850 1037 888 Banasa-um,
1075 849 1230 879 balineum.
1273 851 1343 879 Erat
1366 851 1455 888 igitur
1479 850 1594 879 balatro
1618 851 1804 888 aquariolus,
1833 851 1884 888 qui
1905 851 1935 878 in
1958 850 2046 878 domo

93 893 212 921 lenonia
240 894 443 923 meretricibus
471 895 640 923 lavantibus
668 894 853 922 ministrabat
884 894 916 922 in
943 904 1018 932 aqua
1047 893 1230 931 aggerunda,
1268 890 1375 931 βαλλάς
1403 893 1533 922 indidem
1561 894 1657 921 dictus
1684 898 1711 920 et
1735 894 1870 932 βαλλίων.
1916 893 1953 921 Et
1976 892 2045 930 quia

94 935 231 964 homiues
254 937 368 964 sordidi
392 943 421 965 et
443 938 516 966 viles
538 937 608 966 huic
630 937 795 965 ministerio
820 947 924 976 operas
948 947 1014 965 suas
1038 936 1188 971 locabant,
1211 936 1279 963 inde
1301 937 1427 972 sactum,
1450 942 1484 965 ut
1505 936 1639 964 homines
1662 936 1788 973 quilibet
1810 936 1917 974 impuri
1941 940 1969 963 et
1990 945 2045 964 ne-

93 987 182 1016 quam
204 978 372 1007 balatrones
394 980 575 1010 diceientur.
620 980 716 1009 Possit
747 980 833 1008 etiam
864 985 893 1008 et
921 980 975 1007 alia
999 980 1074 1008 ratio
1097 978 1186 1007 huius
1209 979 1337 1007 nominis
1359 978 1502 1011 inveniri,
1539 983 1568 1006 et
1590 978 1713 1006 fortasse
1734 978 1848 1011 verior,
1883 988 1919 1006 ex
1943 977 2045 1006 eadem

91 1026 191 1049 tamen
214 1021 340 1058 origine,
373 1033 441 1050 nani
463 1022 583 1062 βάλλειν
607 1028 634 1052 et
658 1024 801 1062 βαλλίζειν
825 1022 959 1051 absolute
985 1022 1124 1050 dixerunt
1146 1026 1263 1049 veteres
1289 1022 1395 1049 Graeci
1418 1032 1473 1059 pro
1497 1017 1649 1060 ὀρχεῖσθαι
1672 1022 1788 1050 saltare.
1834 1021 1871 1048 At
1894 1031 1909 1048 a
1932 1018 2046 1059 βάλλειν

91 1063 189 1092 Latini
209 1063 306 1092 fecere
331 1063 450 1093 ballare.
497 1066 620 1094 Glossae
645 1065 811 1094 Graecolat.
833 1066 972 1103 βαλλίζω,
1005 1063 1094 1094 ballo.
1139 1063 1222 1092 Unde
1246 1069 1379 1092 nostrum
1405 1062 1470 1099 bal,
1500 1062 1586 1093 balet.
1633 1065 1656 1091 A
1680 1062 1791 1092 ballare
1813 1061 1956 1098 bullator,
1987 1062 2046 1091 sal-

93 1110 190 1141 tator,
213 1116 267 1144 per
289 1108 547 1145 transpositionem
571 1107 696 1137 balatro.
725 1108 824 1143 Quare
847 1113 982 1146 apertum
1005 1113 1065 1143 est,
1091 1117 1144 1135 cur
1167 1117 1235 1135 cun]
1257 1107 1355 1135 mimis
1377 1107 1546 1134 balatrones
1570 1107 1730 1143 coniungat
1746 1106 1886 1134 Horatius
1903 1106 2008 1143 (Serui.
2021 1105 2044 1139 I,

92 1152 130 1185 2,
153 1148 212 1186 2.);
235 1148 385 1184 Mendici,
409 1151 528 1187 mimae,
553 1149 736 1186 balatrones,
759 1150 814 1178 lzoc
835 1161 924 1188 genus
945 1161 1036 1178 omne.
1063 1150 1102 1178 Et
1124 1160 1177 1178 cui·
1200 1150 1288 1178 etiam
1310 1149 1482 1177 balatrones
1505 1149 1577 1177 dicti
1601 1149 1754 1184 homines,
1778 1158 1837 1175 non
1860 1147 2045 1185 quisquiliae.

92 1191 182 1220 Dac.
212 1191 290 1219 llinc
314 1192 392 1220 Galli
416 1191 564 1221 bellisires.
593 1191 697 1222 Goth.
729 1193 878 1230 interpres
902 1197 986 1221 vetus
1010 1193 1048 1221 ad
1071 1192 1187 1221 Horatii
1209 1192 1308 1220 locuni
1332 1203 1347 1219 a
1371 1192 1441 1221 Dae.
1464 1192 1615 1220 laudatum
1639 1192 1679 1219 ita
1703 1191 1846 1229 disputat:
1871 1189 2045 1219 Balatrones

93 1233 265 1262 luxuriosos
288 1245 323 1263 ac
343 1233 473 1273 perditos
495 1243 597 1270 vocal,
622 1246 640 1262 a
664 1234 788 1263 Servilio
810 1233 988 1269 Balatrone,
1013 1235 1094 1263 cuius
1118 1235 1148 1263 in
1171 1233 1298 1263 secundo
1321 1233 1397 1263 libro
1420 1235 1558 1264 meminit.
1596 1233 1647 1262 Ex
1669 1233 1754 1261 liuius
1777 1240 1870 1261 autem
1892 1233 1967 1260 vitae
1989 1243 2045 1260 no-

92 1277 169 1305 mine
190 1274 295 1304 similis
317 1277 393 1304 vitae
414 1276 543 1306 homines
566 1276 734 1306 balatrones
755 1284 821 1305 sunt
844 1275 1001 1316 appellati,
1037 1288 1055 1305 a
1080 1276 1181 1305 balatu
1198 1276 1335 1318 fortasse
1357 1275 1445 1312 dicti,
1485 1288 1561 1316 quae
1581 1287 1644 1305 vox
1666 1277 1777 1304 intorta
1799 1282 1838 1303 est
1860 1282 1885 1302 et
1908 1272 2044 1303 ridicula.

92 1317 218 1357 Legitur
239 1325 265 1345 et
288 1317 491 1357 barathrones,
533 1322 584 1360 qui
608 1319 684 1348 bona
710 1330 764 1347 sua
787 1317 954 1348 devorando
977 1320 1063 1359 quasi
1085 1321 1116 1347 in
1139 1319 1307 1348 barathrum
1332 1320 1458 1349 mittunt.
1503 1318 1594 1347 Iidem
1619 1326 1644 1346 et
1668 1317 1813 1346 blalrones
1832 1318 1950 1356 proprie
1972 1314 2046 1345 dicti

92 1367 173 1395 sunt,
197 1372 215 1388 a.
238 1358 403 1397 blatiendo,
431 1361 463 1390 id
485 1369 541 1397 est,
571 1361 732 1401 vaniloqui.
757 1378 799 1382 —
821 1362 844 1389 A
867 1360 1030 1390 balatronis
1054 1372 1128 1391 voce
1152 1367 1212 1398 est,
1236 1361 1318 1400 quod
1340 1361 1474 1389 homines
1498 1372 1624 1400 nequam
1646 1361 1727 1389 Italis
1751 1358 1898 1388 balatroni
1921 1364 1949 1387 et
1973 1358 2044 1386 Gal-

91 1403 129 1430 lis
153 1401 266 1431 belin-es
288 1402 439 1432 dicuntur.
467 1404 568 1433 Voss.
593 1405 628 1433 in
650 1404 764 1444 Etym.
809 1404 861 1432 Est
884 1414 900 1432 a
922 1404 1070 1433 Sanscrita
1094 1415 1167 1433 voce
1193 1403 1261 1433 bdZa
1285 1415 1374 1444 puer,
1401 1410 1430 1434 et
1454 1403 1552 1445 bitligza
1575 1404 1694 1432 stultus.
1730 1402 1773 1430 Cf.
1797 1407 1893 1430 tamen
1918 1401 2045 1430 Doeder-

91 1445 143 1473 liu.
166 1445 278 1483 Synon.
292 1445 348 1482 ΙΙΙ,
370 1457 399 1485 p.
413 1449 464 1478 78.
478 1458 559 1486 seqq.

256 1486 390 1518 Bilbit.
437 1490 635 1518 Glossarium:
660 1489 782 1525 Bibba,
804 1490 1000 1528 ἕπισκιασμὸς
1023 1493 1137 1530 φωνῆς.
1166 1490 1278 1527 Bilbit‚
1301 1489 1452 1531 βομβύζει.
1476 1489 1575 1521 Scal.
1607 1491 1673 1519 Vox
1695 1489 1733 1518 ad
1754 1489 1947 1517 imitationem
1970 1492 2044 1515 stre-

92 1528 190 1567 pitus,
213 1539 300 1568 quein
324 1531 387 1559 edit
409 1542 484 1569 aqua
507 1534 552 1561 vel
576 1533 696 1569 vinum,
719 1543 786 1561 culn
810 1543 862 1571 per
884 1539 1040 1569 angustum
1065 1534 1182 1572 phialae
1205 1534 1316 1562 collum
1339 1534 1484 1562 funditur.
1518 1532 1636 1562 Bilbere
1659 1533 1764 1561 Graeci
1788 1532 1892 1559 dicunt
1914 1527 2044 1570 βομβῦλ-

93 1575 152 1602 ‘lew
175 1576 204 1600 et
227 1570 394 1611 βομβιῖζειν.
439 1575 513 1603 Inde
536 1574 724 1614 bombyliurn.
749 1575 834 1605 Dac.
879 1575 1013 1604 Bilhinus
1036 1575 1117 1612 εἶὸος
1139 1575 1266 1617 ἇγχείου.
1298 1577 1394 1605 Gloss.
1443 1575 1544 1605 Goth.

256 1613 414 1645 Blitum.
459 1618 552 1646 Pluut.
576 1617 684 1646 Pseud.
701 1617 754 1652 ΙΙΙ,
779 1620 807 1653 2,
832 1617 926 1656 (26.):
951 1618 1132 1657 Apponunt,
1157 1620 1293 1648 rumicem
1319 1618 1496 1654 brassicam,
1522 1617 1630 1653 betam,
1655 1616 1766 1646 blitum.
1795 1616 1868 1644 Inde
1890 1614 1965 1643 fatui
1987 1612 2044 1642 bli-

93 1655 139 1683 tei.
163 1655 256 1684 Plaut.
278 1657 469 1695 '1'1-ucut.tV‚
493 1663 522 1690 4.
548 1658 654 1698 (init.):
687 1658 785 1688 Blitea
809 1667 835 1688 et
858 1659 933 1688 lutea
956 1668 996 1688 est
1016 1662 1157 1690 meren-inc
1180 1662 1237 1690 nisi
1258 1672 1332 1700 quae
1356 1662 1433 1700 sapit
1454 1662 1485 1689 in
1507 1661 1574 1689 vino
1597 1659 1637 1688 acl
1661 1671 1717 1688 rem
1741 1669 1832 1689 suam.
1861 1658 1971 1686 Blitum
1993 1666 2045 1685 au-

94 1702 152 1724 tem
175 1707 235 1726 ¹1⁰1!
259 1704 303 1726 esl-
325 1710 340 1727 a
364 1700 450 1738 βλάξ,
473 1702 524 1730 sed
548 1713 563 1730 a
587 1704 696 1740 βλίτου.
741 1701 919 1739 Hesychius:
950 1704 1065 1741 βλίτον,
1087 1702 1217 1742 λαχάνου
1242 1703 1329 1739 εἶδος.
1353 1704 1452 1732 Schol.
1475 1702 1625 1740 Aristopli.
1648 1704 1750 1741 βλίτου
1773 1699 1875 1739 μωρὸν
1898 1698 1973 1730 ‘ivm
1996 1700 2043 1729 ὅθ·

95 1743 142 1770 κεῖ
161 1738 297 1779 λάχανον.
341 1743 378 1770 Et
401 1743 525 1773 soi-tasse
548 1746 647 1783 βλίτου
671 1755 685 1772 a
707 1742 831 1783 βλητὸν,
863 1745 1071 1774 abiiciendum.
1094 1746 1180 1774 Dae.
1225 1746 1299 1774 Vide
1321 1747 1451 1775 Nonium
1474 1746 1504 1773 in
1527 1743 1635 1773 Blitea.
1660 1744 1782 1783 (p.89.)
1816 1742 1918 1773 Goth.

259 1781 409 1814 Bardus
431 1785 545 1817 stultus,
591 1785 725 1824 Βραόὑς,
756 1785 877 1825 βαρὸύς.
917 1788 970 1816 Cui
997 1789 1179 1817 contraitum
1204 1785 1284 1824 ὤκὺς
1307 1789 1404 1819 velox.
1445 1789 1479 1817 In
1504 1797 1593 1815 versu
1615 1788 1748 1815 Caecilii:
1785 1786 1877 1815 Nimi'
1900 1783 2044 1813 audacem

95 1828 149 1852 cet.
175 1823 260 1853 Dae.
300 1825 372 1855 Vide
394 1829 521 1857 Nonium
545 1829 576 1857 in
600 1828 730 1857 Bai-dum
756 1830 896 1867 (pag-10.
924 1831 974 1859 Ed.
996 1831 1102 1867 Mero.)
1126 1832 1239 1859 Glossis
1260 1830 1429 1867 Barburra,
1454 1830 1579 1869 ἄφρων,
1602 1827 1749 1868 ἀνόητος,
1774 1832 1906 1865 ματαῐος.
1939 1826 2043 1855 Iisdem

94 1872 192 1937 [Miles
214 1865 348 1914 Bastia-S,
372 1868 501 1910 βραδύς,
525 1867 728 1911 ἀναίσθητος,
753 1869 872 1911 ἄφρων.
898 1871 1002 1903 Goth.
1050 1875 1157 1903 Versus
1180 1874 1300 1902 Caecilii
1323 1878 1368 1902 est
1389 1873 1521 1902 senarius
1545 1872 1698 1901 iambicus.
1741 1872 1828 1900 Deest
1849 1881 1907 1898 una
1930 1868 2043 1907 syllaba

94 1920 128 1937 ve
187 1919 240 1937 uae
263 1914 357 1939 initio.

258 1950 410 1983 Barclus
436 1953 587 1985 Gallice
610 1964 749 1988 cantor.
797 1957 932 1986 Lucanus
955 1958 1006 1988 lib.
1020 1959 1040 1988 Ι.
1066 1957 1169 1998 (447.)
1194 1958 1252 1993 Qui
1277 1969 1343 1986 cum
1367 1959 1425 1987 alio
1447 1958 1515 1986 loco
1538 1968 1597 1986 non
1617 1957 1763 1986 reseratur
1781 1967 1796 1984 a
1813 1955 1916 1990 Festo,
1940 1963 2042 1991 suspe-

96 1992 279 2040 cqtuinthunc
302 1995 380 2026 facit.
404 1998 489 2026 Ant.
507 1998 602 2037 Aug.
640 1999 714 2027 Vide
736 2000 909 2028 Strabonem
934 2001 1044 2030 hotv,
1071 2006 1111 2040 (p.
1129 2004 1214 2037 197.)
1239 2006 1266 2028 et
1289 2001 1433 2030 Ammian.
1458 2000 1588 2031 Marcell.
1612 2000 1663 2029 lib.
1676 2000 1742 2036 XV,
1766 1997 1832 2036 (9.).
1863 1996 1954 2025 Bardi
1975 1996 2041 2024 for-

95 2042 134 2064 tia
159 2046 293 2064 Virorum
315 2038 477 2068 illustrium
500 2041 577 2069 sacta
600 2041 727 2070 heroicis
751 2044 913 2080 composita
939 2043 1074 2071 versibus
1105 2053 1172 2072 cun]
1201 2043 1338 2071 dulcibus
1367 2044 1450 2081 lyrae
1479 2043 1607 2071 modulis
1637 2042 1825 2071 cantitarnnt.
1869 2039 1921 2068 Est
1943 2043 2041 2067 autem

94 2088 155 2107 vox
177 2079 305 2114 Gallica,
340 2080 504 2120 hodieque,
542 2088 574 2111 ut
602 2089 682 2112 recte
711 2085 881 2113 obserxavit
909 2085 1100 2113 doctissimus
1124 2085 1261 2121 Vossius,
1297 2086 1444 2114 Britannis
1467 2084 1554 2113 Bai-d
1577 2085 1687 2113 dicitur
1709 2083 1759 2121 qui
1781 2082 1916 2111 versibus
1938 2081 2041 2120 pangit

94 2121 172 2149 sacta
195 2121 331 2150 illustria.
372 2125 411 2152 Et
435 2129 518 2153 vetus
541 2125 689 2155 Celtarum
711 2127 808 2165 lingna
832 2127 931 2156 eadem
954 2128 1026 2164 suit,
1050 2138 1125 2166 quae
1148 2128 1325 2156 Britannica.
1348 2128 1435 2158 Dae.
1466 2128 1509 2156 Cf.
1532 2127 1691 2157 Forcellini
1711 2126 1830 2154 lexicon
1853 2136 1875 2154 S.
1892 2135 1918 2155 v.
1955 2124 2041 2153 Adde

93 2163 171 2192 Scal.
191 2163 224 2192 in
246 2165 370 2196 coniect.
393 2177 422 2205 p.
436 2169 507 2199 122.

258 2205 423 2239 Belutus.
469 2209 567 2238 Malim
592 2208 752 2246 helluatus,
777 2215 809 2239 ut
832 2210 961 2239 belluam
984 2213 1108 2250 inperia,
1131 2222 1204 2249 quae
1228 2213 1340 2241 belluas
1362 2214 1512 2248 reserunt3
1541 2212 1592 2241 sed
1614 2211 1771 2250 legendum
1795 2209 1914 2239 belluas.
1954 2210 2039 2237 Glos-

93 2258 143 2276 sae
164 2247 284 2277 Isidori:
314 2249 453 2287 Belluus,
476 2251 604 2280 moribus
627 2251 798 2281 belluarum.
821 2253 875 2281 Da
886 2265 910 2282 c.
948 2253 1092 2283 Bellatus.
1130 2255 1246 2283 Bestiae
1267 2256 1381 2286 similis,
1425 2256 1499 2284 Hinc
1522 2254 1645 2294 tapetia,
1671 2264 1746 2292 quae
1768 2253 1879 2282 intexta
1903 2252 2037 2280 animalia

93 2289 218 2327 habent,
242 2292 360 2328 ζωωτά,
384 2293 514 2322 belluata
538 2295 642 2323 Plauto
666 2295 695 2322 in
719 2295 865 2324 Pseudolo
890 2295 933 2335 (l,
956 2300 992 2332 2,
1019 2297 1092 2328 14.).
1140 2297 1221 2326 Unde
1244 2298 1362 2327 videtur
1383 2298 1432 2327 hic
1454 2298 1510 2335 legi
1532 2307 1618 2336 posse
1642 2296 1795 2326 helluatus.
1844 2294 1947 2324 Goth.

257 2333 516 2365 Beneventum.
562 2337 707 2366 Omnibus
737 2343 804 2366 nota
833 2343 878 2367 est
908 2349 1009 2367 caussa
1039 2339 1166 2367 nominis
1195 2340 1226 2368 in
1253 2341 1412 2370 Benevento
1442 2340 1583 2370 mutandi.
1629 2340 1721 2369 Nemo
1745 2343 1843 2367 tamen
1872 2346 1941 2365 vere
1963 2334 2036 2362 anti-

94 2383 182 2423 quaui
204 2377 432 2413 appellationem
455 2378 594 2408 reddidit.
639 2380 711 2408 Nam
736 2380 772 2408 de
794 2380 932 2409 Maloetio
954 2391 1056 2418 nugae.
1101 2382 1157 2411 Sed
1187 2387 1300 2412 veteres
1331 2384 1410 2421 prins
1433 2384 1495 2411 sine
1517 2383 1610 2411 ‹lubio
1632 2383 1774 2411 dixerunt
1798 2377 1969 2410 Mato'svw,
2002 2379 2035 2401 1¹¹2

93 2419 260 2454 Σίπυὲνῑα,
293 2419 469 2459 Sipuutum,
497 2419 659 2459 Ὀπόεντα,
694 2423 857 2461 Opuutuni.
901 2424 950 2452 Sic
971 2434 1039 2462 ergo
1064 2422 1240 2462 Μαλόεντα,
1277 2426 1443 2455 Maluntum
1466 2430 1494 2454 et
1516 2426 1709 2454 Malveutum.
1756 2423 1791 2450 Ut
1814 2425 1983 2450 Auruncum
2004 2420 2033 2445 et
