2263 2668
218 170 294 215 630
645 160 994 203 COMMENTARII
1019 167 1067 200 IN
1093 165 1237 200 PAULI
1263 166 1461 201 mAcoNl
1486 164 1743 203 ExcERPTA

221 271 388 315 γυμνασίας
416 270 453 308 τῇ
481 261 617 301 σκαπάνῃ
648 258 827 296 σκάπτοντες
848 258 899 290 καὶ
922 257 957 289 τοὶ
978 257 1043 290 ἅνω
1064 258 1137 300 μέρη
1160 256 1416 302 ἄναρῤωννῦντες.
1442 259 1532 289 Βαο.
1575 260 1650 290 Vide
1672 261 1801 291 Nonium
1822 261 1854 291 in
1876 260 2005 291 Burrum
2028 263 2169 303 (pag,18‚

222 314 336 354 Merc.).
381 307 484 340 Goth.

384 354 607 389 Rotundam
636 352 757 383 aedem
784 352 929 382 Vestae.
973 352 1007 381 In
1035 352 1187 382 veteribus
1217 354 1343 382 nummis
1367 353 1472 382 Vestae
1499 354 1644 393 templum
1674 365 1707 383 ea
1738 349 1834 384 l'orma
1860 354 2010 394 hodieque
2033 357 2173 386 cernitur.

222 408 317 439 Huius
338 403 380 432 rei
405 400 491 429 aliam
515 399 648 427 caussam
672 397 764 425 tradit
787 392 939 425 Plutarch.
962 394 1092 432 (c.11.):
1120 392 1279 433 Traditur,
1302 396 1413 435 inquit,
1437 395 1567 426 Numam
1591 396 1741 427 custodiae
1763 408 1868 427 caussa
1886 398 2007 437 perenni
2027 399 2093 438 igne
2113 392 2174 428 Ve-

222 458 283 480 stae
304 443 441 485 iemplum
465 438 704 476 circumdedisse,
739 437 819 479 quod
841 436 997 467 r'olundur'n
1021 437 1059 466 al)
1082 442 1114 467 eo
1136 441 1316 468 e'oestrucium
1340 446 1396 474 esi,
1435 443 1493 467 no'n
1516 447 1547 467 uz
1570 447 1676 476 terrae,
1713 441 1799 481 quasi
1820 451 1854 469 ea
1880 439 1986 469 Vestae
2006 447 2092 478 esset,
2121 439 2173 470 sed

222 490 253 521 'ut
274 487 400 518 universi
411 486 547 525 figuram
570 483 758 522 exprimeret,
783 482 812 510 in
836 482 918 510 c‘uius
939 479 1033 508 medio
1056 481 1150 520 ignem
1173 480 1351 511 collocatum
1377 479 1556 520 Pythagorei
1578 487 1707 520 censent,
1736 494 1856 523 eumque
1878 481 1998 511 Vestam
2021 490 2047 511 et
2069 484 2173 512 unita-

221 541 277 562 tem
299 528 458 571 appellant..
491 527 547 555 Sed
570 525 644 560 llaec
667 535 764 553 merae
787 534 896 562 nugae,
919 534 987 552 nam
1011 523 1066 551 alia
1090 524 1177 553 etiam
1200 524 1311 563 templa
1332 534 1420 563 saepe
1443 534 1475 552 ea
1498 521 1593 553 I'or‘ma
1617 525 1708 553 fuisse
1732 531 1834 555 notum
1859 529 1912 554 est.
1936 524 2024 554 Dae.
2056 524 2174 555 Rotun-

221 574 301 604 da‘m.
337 570 518 602 Rutundam.
552 567 655 598 Goth.
688 567 778 608 *Male
807 565 899 595 v‘e'rtit
922 565 1073 603 Plutarchi
1101 566 1197 596 locum
1224 568 1291 595 Dae.
1320 567 1441 607 perenni
1468 568 1534 595 inne
1562 566 1802 605 circumdedisse,
1839 566 1920 606 quod
1948 567 2094 598 insulsum
2118 573 2172 598 est.

221 616 348 656 Scripsit
371 612 550 643 Plutarchus
573 614 614 652 τῷ
637 608 767 650 ἀσβέστῳ
790 610 861 648 πυρὶ
886 607 1041 649 φρουράν,
1065 608 1095 638 h.
1112 608 1136 638 e.
1161 609 1198 638 ad
1222 610 1389 638 custodiam
1413 606 1527 637 aeterni
1550 609 1635 648 ignis.

386 664 557 694 Ruscum.
581 662 639 701 (Ad
662 673 689 700 p.
703 660 785 700 223.)
810 660 889 689 Alibi
912 670 1067 688 monemus
1089 660 1181 689 verba
1206 660 1327 689 Catonis
1349 661 1390 689 ita
1413 661 1547 698 legenda:
1577 660 1718 691 lVIulieres
1741 668 1855 701 opertas
1877 671 1950 689 auro
1970 672 2173 702 purpuraque:

221 710 353 745 arsinea,
384 714 453 743 rete,
485 704 638 741 diadema,
669 715 793 733 coronas
816 714 936 738 aureas,
966 702 1228 744 russeasfascias‚
1248 702 1385 742 galbeos,
1407 702 1514 740 lineas,
1537 702 1644 742 pelles,
1670 702 1852 734 redimicula.
1898 703 1941 731 De
1962 713 2062 731 russea
2085 704 2174 732 fascia

222 758 252 782 et
273 752 350 780 linea
373 754 453 777 veste
475 748 617 786 Apuleius
640 747 689 775 lib.
702 747 738 776 II.
762 745 957 785 Metamorph.
982 745 1069 783 (pag.
1084 748 1152 777 117.
1177 745 1349 781 Elmenh.):
1388 744 1458 785 Ipsa
1490 744 1568 774 linea
1598 748 1697 776 tunica
1726 744 1866 775 mundule
1893 746 2003 775 amicta
2027 753 2053 774 et
2076 757 2174 775 russea

219 791 352 836 fasciola
372 792 551 831 praenitente
573 788 728 818 altiuscule
749 788 801 817 sub
825 790 904 827 ipsas
924 786 1057 828 papillas
1078 787 1268 817 succinciula.
1290 785 1390 818 Scal.
1422 788 1532 817 Gloss.:
1556 787 1706 825 Ruscum,
1729 790 1951 827 χαμαιδαίφνη,
1974 785 2174 828 άυνόςβατον,

222 835 302 871 εἶδος
324 831 464 874 βοτάνης.
507 833 637 871 Myrtum
668 832 842 870 sylvestrem
864 836 955 859 vocat
979 831 1165 859 Dioscorides
1186 831 1235 869 (4,
1260 831 1354 869 146).
1400 831 1446 860 Ex
1470 838 1503 860 eo
1526 831 1678 870 plerisque
1701 832 1802 860 Italiae
1825 831 1898 860 locis
1921 835 1950 860 et
1973 841 2078 870 scopae
2101 830 2175 859 fiunt

221 884 249 908 et
271 878 347 907 vites
370 876 510 914 ligantur.
555 875 658 913 virgil.
681 875 787 912 Georg.
804 874 845 910 11,
870 874 983 912 (413.):

796 941 837 947 -—
883 942 921 946 ——
969 943 1007 947 —
1051 924 1114 953 Nec
1136 927 1194 954 τίοη
1217 936 1322 965 aspera
1346 926 1424 954 rusci

801 967 926 1039 gingiua
946 976 999 1007 per
1020 966 1133 1008 sylvam
1157 975 1182 996 et
1205 969 1277 1008 ripis
1289 967 1430 1008 fluvialis
1452 966 1567 997 arundo

826 1021 859 1038 ae
883 1017 948 1038 itur.

219 1064 311 1093 Dae.
344 1060 418 1092 Cato
444 1060 607 1102 Originum.
642 1060 717 1090 Vide
741 1066 839 1089 notam
864 1062 957 1097 Scal.‚
982 1061 1034 1099 qui
1055 1056 1154 1089 tamen
1176 1060 1206 1088 in
1230 1060 1434 1089 Coniectaneis
1458 1060 1519 1089 suis
1543 1060 1624 1099 (pag.
1639 1060 1709 1092 146.
1734 1061 1792 1096 St.)
1816 1061 1852 1090 de
1876 1061 1984 1100 quibus
2006 1059 2055 1089 hic
2076 1059 2174 1098 quui-

219 1112 286 1142 tur,
317 1115 377 1134 non
401 1116 512 1134 russeas
526 1104 649 1145 fascias
671 1104 757 1142 legit,
789 1104 841 1132 sed
865 1105 963 1133 russea
975 1103 1072 1146 facie.
1118 1103 1258 1132 Mulieres
1279 1113 1383 1132 russea
1406 1103 1499 1140 facie,
1536 1113 1612 1142 quae
1635 1103 1690 1131 sibi
1714 1104 1846 1133 colorem
1868 1104 1953 1132 ill'um
1978 1101 2177 1131 conciliabant

219 1158 324 1186 rusco,
353 1145 467 1188 θάψῳ,
497 1147 576 1176 unde
600 1147 733 1186 tapsinae
757 1147 861 1175 dictae.
892 1145 999 1176 Idem.
1042 1145 1185 1185 Amplius
1204 1145 1295 1187 paulo
1318 1145 1406 1175 herba
1429 1153 1454 1175 et
1478 1145 1587 1175 emilius
1609 1144 1753 1185 virgultis.
1800 1147 1857 1175 Alii
1880 1154 1905 1176 et
1928 1146 2057 1181 exiruis,
2090 1144 2176 1173 nullo

219 1201 324 1229 seusu3
348 1191 389 1219 ita
410 1190 493 1227 lego:
523 1189 612 1218 herba
634 1197 660 1218 et
683 1188 792 1218 exilius
814 1187 957 1229 virgulto,
982 1188 1047 1217 vel:
1077 1185 1166 1217 herba
1188 1187 1299 1217 exilior
1320 1188 1457 1228 virgulio.
1503 1188 1580 1217 Hinc
1603 1189 1708 1227 glossis
1731 1189 1862 1218 Ruseum
1885 1185 2097 1228 χαμαιδοὶφνη,
2120 1199 2176 1218 κυ-

219 1232 384 1273 νόςβατον,
411 1231 491 1268 εἶδος
512 1230 650 1272 βοὲάνης.
677 1228 782 1261 Goth.
820 1229 995 1260 Fruticibus.
1018 1227 1193 1268 Fructibus3
1218 1232 1301 1259 male.
1337 1232 1395 1260 Sed
1418 1234 1446 1260 et
1469 1242 1484 1259 a
1507 1231 1621 1260 fecibus
1644 1231 1705 1260 vini
1728 1232 1873 1261 soeculaui
1897 1233 2022 1267 v'oca‘n't3
2044 1229 2109 1258 'dixi
2134 1229 2174 1259 ad

221 1278 385 1306 Varronem
406 1276 453 1304 VI.
477 1275 513 1303 de
535 1275 635 1313 lingua
659 1275 738 1314 (pag.
753 1277 845 1307 1658.
869 1274 907 1302 ad
930 1274 985 1302 col.
1001 1272 1076 1311 56.).
1101 1273 1211 1302 Idem.
1245 1272 1368 1302 Solitae.
1398 1274 1515 1303 Solitas.
1549 1274 1614 1304 Ars
1637 1278 1691 1304 etc.
1725 1274 1817 1312 Auri5
1841 1274 1891 1303 alii
1913 1273 2075 1311 itapauri,
2098 1273 2176 1301 arsi-

220 1330 289 1356 nea‚
311 1323 391 1354 rete,
415 1314 566 1354 diadema,
590 1328 715 1346 coronas
739 1328 858 1354 aureas,
881 1316 988 1345 fascias
1010 1316 1138 1354 galbeos,
1179 1315 1269 1346 Facie
1287 1315 1419 1356 galbeas.
1458 1317 1546 1345 Facie
1569 1316 1706 1355 galbeos;
1730 1317 1780 1346 alii
1803 1317 1908 1346 fascias
1931 1315 2058 1355 galbeas.
2096 1313 2177 1344 Gal-

221 1361 298 1391 beas.
332 1361 407 1390 Vide
431 1370 521 1399 supra
545 1360 697 1389 Galbeum.
742 1358 852 1389 Idem.

385 1410 583 1450 Rupitias.
626 1412 731 1450 Inepte
752 1421 831 1439 sane.
867 1410 957 1448 Lege:
981 1408 1107 1449 Rapsi1‚
1131 1407 1269 1437 damnum
1294 1404 1412 1439 dederit.
1445 1409 1518 1437 Nam
1542 1413 1571 1438 et
1593 1409 1623 1437 in
1646 1409 1739 1448 veteri
1763 1410 1913 1449 scriptura
1929 1413 2110 1447 *annotatum
2133 1412 2176 1436 est

220 1456 253 1484 in
275 1454 404 1492 margine
427 1454 516 1482 fuisse
540 1452 666 1490 dederit,
689 1463 749 1481 non
773 1451 895 1482 dederis.
940 1452 1081 1493 Quidksit
1105 1452 1223 1490 rupit,
1252 1451 1320 1480 vide
1343 1451 1462 1490 Ulpian.
1486 1452 1531 1482 tit.
1555 1450 1592 1479 ad
1615 1452 1634 1480 l.
1658 1445 1816 1489 Aquiliam.
1841 1450 1942 1481 Scal.
1988 1450 2174 1489 Legendum:

220 1496 332 1537 Rupit,
355 1495 388 1525 id
410 1497 440 1525 in
463 1495 617 1526 duodecim
636 1501 691 1525 etc.
728 1495 778 1524 Ait
801 1496 878 1534 rupit
901 1495 932 1523 in
953 1495 1009 1532 leg.
1027 1489 1092 1523 XII.
1105 1494 1163 1522 tab.
1187 1493 1351 1531 significare
1375 1493 1515 1522 damnum
1538 1491 1656 1522 dederit.
1686 1494 1761 1523 Vide
1779 1493 1908 1524 talionis.
1937 1493 1996 1522 Sed
2018 1492 2094 1522 nihil
2116 1493 2177 1522 sor-

219 1546 296 1569 tasse
319 1539 504 1568 mutandum.
548 1539 580 1567 In
604 1539 667 1576 Iege
688 1538 753 1566 XII.
769 1538 826 1566 tab.
850 1538 1009 1575 scriptum:
1040 1558 1169 1565 .....
1192 1537 1315 1575 rupitias
1340 1558 1347 1565 .
1373 1558 1380 1565 .
1407 1558 1414 1565 .
1438 1538 1565 1572 sarci103
1591 1536 1687 1573 *fortez
1717 1536 1751 1565 Si
1774 1534 2038 1576 rupitias-fecerit,
2064 1535 2176 1565 Domi—

222 1595 275 1612 nus
297 1583 416 1611 sarcito.
446 1582 521 1610 Vide
542 1582 662 1610 sarcito.
686 1580 740 1609 Da
751 1592 775 1610 c.
805 1579 840 1608 In
863 1578 941 1609 XII.
974 1578 1042 1606 Dixi
1065 1578 1104 1607 ad
1126 1578 1204 1616 leges
1229 1578 1294 1606 XII.
1314 1577 1420 1607 Tabul.
1445 1577 1552 1608 Goth.
1585 1577 1716 1607 Dederis.
1745 1576 1875 1608 Dederi‘t.
1898 1571 2006 1608 Idem.
2037 1574 2081 1607 C'f.
2104 1578 2176 1607 Zell.

222 1626 311 1664 Legg.
334 1625 400 1654 XII.
420 1624 535 1661 Fragm.
558 1633 624 1662 pag.
638 1624 688 1654 42.
714 1628 743 1651 et
766 1622 817 1660 qui
840 1622 880 1650 ibi
904 1622 984 1650 citati
1008 1625 1087 1651 sunt.

386 1673 527 1703 Rudas.
571 1673 688 1702 Rodus.
719 1673 793 1702 Attii
816 1673 907 1702 verba
930 1673 960 1700 in
985 1671 1154 1710 Chrysippo
1178 1670 1317 1699 mendosa
1340 1671 1453 1699 Faerno
1477 1676 1580 1700 nostro
1603 1671 1755 1702 videntur.
1777 1671 1834 1701 An
1844 1678 1863 1699 1.
1885 1670 1981 1709 Aug.
2015 1671 2039 1699 A
2063 1670 2176 1699 Graeco

224 1717 350 1757 ῥάβδος,
388 1722 417 1746 et
437 1716 560 1756 ‹proprie
583 1717 695 1754 virgam
721 1715 890 1755 impolitam
918 1714 1078 1753 significat,
1118 1724 1175 1752 qua
1203 1713 1274 1741 olim
1301 1714 1454 1742 certabant
1479 1714 1670 1752 gladiatores.
1715 1714 1772 1743 Sed
1796 1714 1832 1742 ab
1856 1713 1912 1742 alia
1933 1712 2020 1741 raudi
2043 1723 2104 1751 isox
2126 1722 2178 1742 ex-

225 1766 306 1789 tensa
330 1766 382 1789 est.
421 1760 493 1788 N'am
517 1759 592 1788 rude
616 1769 720 1787 saxum
745 1764 773 1787 et
796 1758 907 1796 grande
930 1758 1023 1786 rodus
1046 1756 1167 1785 vocavit
1190 1750 1295 1785 Attius.
1328 1757 1378 1784 Sic
1400 1767 1448 1785 aes
1470 1757 1548 1789 rude
1571 1762 1601 1785 et
1619 1757 1788 1796 impolitum
1811 1766 1968 1785 vocavere.
2003 1755 2085 1784 Unde
2108 1766 2178 1784 cou-

226 1807 351 1831 tractum
375 1803 503 1831 solennis
527 1802 672 1838 formula,
699 1799 857 1830 rodusculo
879 1799 987 1829 libram
1001 1799 1113 1840 serim,
1137 1798 1195 1827 hoc
1217 1803 1261 1827 est
1280 1810 1373 1838 parvo
1396 1810 1469 1828 aere.
1498 1800 1594 1835 Quam
1618 1800 1808 1839 concipiebat
1831 1799 1884 1837 qui
1906 1799 2055 1837 mancipio
2079 1797 2178 1827 dabat.

228 1845 287 1879 Qui
308 1856 380 1874 vero
404 1845 578 1883 accipiebat,
603 1844 737 1873 dicebat:
762 1842 834 1872 Hoc
856 1842 893 1872 ab
916 1854 980 1871 aere
1000 1853 1146 1881 aeneaque
1168 1840 1254 1870 libra.
1286 1842 1361 1870 Puta
1384 1853 1477 1870 meum
1500 1849 1541 1871 est
1563 1847 1614 1870 aut
1635 1843 1731 1871 simile
1754 1853 1791 1871 ex
1803 1842 1946 1871 Varrone.
1970 1840 2060 1870 Duc.
2093 1839 2178 1870 Hinc

229 1887 369 1916 manibus.
415 1889 506 1925 Lege:
541 1887 610 1916 hinc
633 1885 768 1915 manibus
791 1896 889 1925 rapere
910 1883 1000 1914 rodus
1022 1895 1147 1913 saoeeum
1166 1882 1281 1923 grande
1303 1891 1328 1912 et
1348 1895 1457 1923 grave,·
1494 1885 1622 1913 subaudi
1645 1886 1747 1924 coepit.
1793 1885 1833 1913 De
1855 1883 2027 1923 Menalippo
2050 1887 2083 1912 ut
2101 1887 2178 1922 puto

231 1938 324 1956 sermo
347 1934 406 1965 est,
442 1931 493 1968 qui
521 1929 620 1968 lapide
642 1929 747 1967 Tydeo
771 1933 904 1957 ventrem
927 1928 1104 1956 vulneravit.
1135 1925 1244 1956 Idem.
1289 1925 1390 1966 Neque
1411 1927 1576 1968 quisquam.
1616 1928 1712 1957 Verba
1735 1927 1819 1956 Accii
1839 1927 1943 1955 mutila
1966 1931 2045 1956 sunt.
2083 1926 2178 1964 Lego:

231 1970 332 2007 Neque
354 1972 506 2009 quisquam
532 1984 547 2000 a
571 1973 638 2000 telis
660 1981 790 2007 vacuus,
815 1971 867 1999 sed
889 1970 934 1998 uti
958 1971 1066 2008 cuique
1089 1968 1210 1998 obvium
1233 1969 1346 2006 fuerat,
1369 1969 1481 1998 serrum
1504 1970 1598 2007 alim,
1622 1971 1698 2000 alius
1720 1979 1826 1999 saxum
1847 1969 1965 1999 rodum.
1989 1967 2098 1998 Idem.
2131 1968 2177 1997 In-

229 2013 340 2050 tegrius
362 2023 476 2043 carmen
499 2015 616 2043 Lucillii
639 2014 735 2044 adfert
756 2013 891 2042 Isidorus
915 2013 1018 2052 (XIX,
1042 2011 1070 2042 4.
1094 2011 1174 2051 fin.):

802 2071 875 2102 Huc
896 2078 1111 2111 cataproratem
1129 2082 1202 2111 puer
1219 2069 1320 2099 eodem
1343 2068 1472 2110 deferat,
1493 2081 1600 2100 uncum

802 2113 924 2144 Plumbi
942 2112 1097 2154 paxillum
1120 2112 1203 2151 rodi,
1224 2112 1336 2153 linique
1357 2120 1520 2144 metaxam.

233 2170 453 2214 Interpretatur
477 2169 709 2213 Cataproratem‚
741 2184 847 2203 uncum
875 2171 1029 2213 paxillum
1055 2171 1181 2213 plumbi.
1225 2171 1306 2208 Quin
1335 2172 1421 2201 etiam
1450 2172 1576 2202 eundem
1598 2173 1703 2201 Latino
1726 2172 1818 2202 verbo
1840 2174 1935 2211 Syrus
1957 2171 2177 2201 vetustissimus

234 2212 311 2241 Novi
330 2212 508 2240 Testamenti
531 2212 740 2251 Paraplirastes
763 2217 909 2244 Uncinum
934 2220 1040 2251 vocat,
1072 2216 1104 2244 in
1127 2216 1316 2254 navigatione
1339 2215 1432 2244 Pauli.
1473 2215 1620 2245 Videlicet
1641 2215 1723 2254 quod
1746 2225 1842 2243 uncus
1866 2219 1952 2243 esset.
1994 2214 2112 2243 Me‘taxa
2130 2212 2178 2244 edt

237 2252 335 2294 σειρά,
364 2254 440 2282 linea
461 2255 546 2298 serici
569 2260 671 2284 tracta.
711 2257 808 2286 Hodie
831 2264 859 2287 et
881 2269 935 2286 nos
960 2258 1102 2296 Aquitani
1125 2258 1166 2287 fili
1188 2263 1316 2287 tractam
1339 2260 1480 2287 vocamus
1501 2258 1553 2289 ita.
1599 2258 1694 2287 Ve‘rba
1714 2258 1778 2287 illa:
1807 2254 2084 2287 RODUSCUL'O.
2108 2250 2176 2285 1321}-

235 2294 381 2326 BRAM.
404 2294 574 2325 FERJTO.
599 2298 785 2335 concipiebat
808 2301 857 2338 qni
878 2301 1025 2339 mancipio
1049 2300 1153 2338 dabat,
1183 2301 1234 2339 qui
1257 2309 1328 2330 vero
1352 2301 1534 2341 accipiebat,
1560 2301 1696 2330 dicebat:
1726 2299 1826 2330 HOC.
1849 2298 1922 2329 ΑΒ.
1943 2294 2072 2328 ΑΕΒΕ.
2093 2296 2175 2328 ΛΕ-

236 2336 436 2385 NEAQUE.
452 2336 605 2367 LTBRA.
635 2343 706 2377 puta
731 2351 821 2369 meum
845 2350 885 2370 est
908 2347 957 2371 aut
979 2343 1075 2372 simile
1098 2352 1135 2372 ex
1157 2344 1302 2372 Varrone.
1332 2342 1431 2372 Scal.
1482 2343 1519 2372 Ut
1541 2342 1679 2372 Lucilius
1699 2354 1766 2373 cum
1789 2343 1841 2371 ait.
1880 2343 2102 2380 Cataprortttem
2125 2339 2174 2368 di-

238 2386 319 2410 ctum
341 2380 471 2428 intellige
494 2381 574 2418 q‘hod
595 2381 631 2409 de
653 2391 743 2420 prora
766 2381 839 2412 κατὰ
858 2382 983 2423 πρώρας
1005 2386 1213 2415 demitteretur
1235 2386 1273 2414 ad
1295 2386 1435 2415 tentanda
1457 2386 1542 2416 vada.
1588 2386 1689 2424 Neque
1717 2390 1815 2414 tamen
1838 2385 1996 2414 tacendum
2019 2387 2062 2411 est
2084 2382 2113 2410 in
2137 2382 2173 2410 al.

238 2423 326 2454 codd.
347 2423 405 2460 leg1
426 2423 648 2462 οαιαρείναιενη,
682 2433 755 2452 voce
779 2424 889 2452 Graeca
911 2424 1116 2465 καταπειράω,
1148 2433 1292 2466 pertento.
1338 2428 1428 2464 Quod
1450 2428 1523 2456 mihi
1545 2430 1638 2466 magis
1661 2429 1767 2467 placet.
1809 2428 1862 2456 Est
1883 2426 1975 2464 igitur
1996 2424 2174 2462 catapirates
