2263 2668
426 169 491 203 DE
518 168 792 204 VERBORUM
817 166 1207 205 SlGNlFICATIONE
1234 168 1547 206 FRAGMENTA.
1805 172 1876 208 251

87 264 205 311 fraga
233 263 366 306 dicitur,
403 263 481 307 quia
508 264 541 296 in
564 263 684 308 Sangi
709 264 769 297 clei
793 265 896 298 tutela
923 268 981 298 est.
1034 263 1368 296 Saccomorum8
1394 276 1510 311 genus
1537 270 1587 300 cst
1609 262 1631 315 Η
1655 277 1718 300 αν-
1770 265 1874 314 [127]

97 316 207 358 boris,
233 326 340 361 quam
362 315 497 349 dictam
519 316 725 359 Pomponius
752 316 803 348 ait
829 327 874 350 ex
890 315 985 363 fico,
1013 318 1045 348 et
1068 325 1143 347 mor
1155 318 1179 355 *,
1206 315 1298 358 quod
1325 316 1406 349 ficus
1432 328 1472 350 03
1493 318 1538 351 sit
1561 322 1592 351 et
1616 328 1753 362 morus,
1779 319 1874 352 unde
1902 330 2034 364 ‘f.moro,

96 377 219 402 nomen
252 378 314 412 per
346 377 466 401 moron
499 370 531 400 et
561 378 667 411 sycon
693 367 877 401 deductum
905 372 963 403 est.
1015 366 1191 399 Lolem*
1214 366 1286 399 dici
1312 367 1380 407 ait,
1425 368 1519 413 quod
1544 370 1638 403 solus
1663 370 1717 403 sit.
1771 369 1873 404 Eun-
1900 381 2033 409 ’fisolem

96 419 178 453 dem
205 419 309 452 modo
329 418 464 460 Solem,
491 418 595 451 modo
616 418 815 463 Apollinem
837 419 967 453 vocari.
995 422 1030 451 tu
1057 429 1091 451 es
1118 417 1265 462 Apollo,
1294 422 1331 450 ut
1358 423 1409 452 est
1435 421 1469 453 in
1492 421 1649 454 carmine
1671 420 1873 459 saeculari.

97 471 266 505 Sacrem
282 468 298 491 9
321 481 472 516 porcum
499 470 571 502 clici
594 470 645 503 ait
671 470 827 512 Verrius,
854 471 911 504 ubi
936 481 1013 504 nam
1040 480 1064 502 a
1085 472 1198 514 partu
1225 468 1376 502 habetur
1398 481 1528 515 purus,
1555 485 1579 506 a
1600 483 1667 517 qua
1691 484 1728 506 re
1751 473 1874 518 appel-

97 523 208 556 latum
237 533 310 555 esse
334 532 474 555 sacrem
500 521 594 554 dicit.
621 522 666 554 ita
692 521 726 554 id
754 522 886 564 adiicit,
919 521 1013 567 quod
1034 531 1167 566 parum
1193 531 1280 566 opus
1308 525 1376 560 est3
1411 523 1518 556 omisit
1543 524 1701 558 vocabuli
1728 528 1875 569 etymon.

98 573 269 608 Plautus.-
321 572 591 607 Adolescens
635 572 790 616 quibus
828 574 898 607 hic
933 572 1102 619 pretiis
1138 572 1267 617 porci
1299 573 1470 606 veniunt
1504 586 1651 609 sacres
1683 574 1876 609 sinceri?

96 636 304 658 nummum
331 635 452 657 unum
480 635 527 657 en
555 635 579 657 a
605 635 667 657 me
694 625 865 670 accipe,
900 624 998 658 iube
1024 628 1064 658 te
1089 623 1230 668 plari*
1257 623 1308 657 de
1335 636 1424 657 mea
1445 627 1650 670 pecunia.
1679 630 1711 660 et
1737 627 1772 660 in
1794 627 1874 661 Ru·
1902 634 1936 659 ·s.
1956 635 2030 669 piari.

97 677 218 710 dente:
248 676 352 710 Sunt
379 675 493 709 domi
519 676 628 721 agni
655 679 694 709 et
715 677 845 722 porci
870 687 1030 710 sacres.
1090 675 1175 710 Cato
1203 674 1365 709 adversus
1392 676 1434 723 Q
1456 677 1649 712 Minucium
1674 678 1872 722 Thermum,

95 733 173 774 post
226 753 667 763 ........
719 739 885 762 sacrem
913 729 952 761 in
979 728 1067 761 sinu
1094 727 1330 767 mactavit,·
1350 728 1497 772 ponitur
1516 730 1702 773 aliquando
1722 741 1787 775 pro
1806 730 1871 764 ho-

95 780 175 813 stia.
228 778 382 812 Ennius.-
417 778 525 825 suso
551 778 771 824 sanguine
798 791 968 814 sacrem.
1028 778 1322 824 Sacrificium
1349 780 1443 824 quod
1465 791 1534 825 pro
1560 782 1635 815 uvis
1656 782 1778 826 primis
1802 782 1873 823 fiat,

97 830 352 876 appellabatur
378 830 424 863 ab
451 830 602 875 antiquis
627 831 789 865 sacrima:
832 837 879 864 est
905 835 1040 871 autem,
1074 834 1112 863 ut
1134 830 1258 864 Aelius
1281 830 1370 864 Stilo
1398 835 1430 864 et
1455 831 1602 865 Cloatius
1628 833 1756 876 dicunt,
1794 844 1873 866 mu-

95 887 187 916 stum
213 883 358 917 inditum
385 882 418 914 in
443 882 644 927 amphoram
670 882 896 916 Liberalibus
925 882 1089 917 sacrificii
1121 893 1238 923 causa,
1280 893 1344 927 pro
1370 883 1447 916 uvis
1472 887 1505 916 et
1530 884 1625 924 vino,
1667 896 1754 927 quae
1780 885 1873 928 quasi

96 945 191 968 sacra
215 938 312 975 sunt,
339 945 418 967 cum
446 933 554 967 libero
580 933 635 975 fit,
661 939 698 966 ut
722 935 965 979 praemelium,
998 945 1078 967 cum
1098 933 1223 968 Cereri.
1277 932 1616 968 sacrificulusw
1639 935 1720 969 Rex
1746 935 1873 982 appel-

96 986 209 1025 latur,
237 986 294 1030 qui
321 997 361 1019 ea
386 996 496 1027 sacra,
523 997 611 1029 quae
626 984 760 1031 facere
782 987 905 1032 Reges
930 990 1120 1027 sueverant,
1153 985 1245 1018 facit.
1268 986 1407 1031 primus
1432 990 1645 1020 memoratur
1673 993 1750 1031 post
1775 999 1873 1033 reges

96 1041 237 1071 exactos
264 1037 416 1071 Sicinius
444 1037 610 1070 Bellutus.
671 1038 846 1071 Sacella
881 1038 1044 1071 dicuntur
1076 1038 1155 1071 loca
1181 1037 1251 1070 Diis
1287 1043 1413 1071 sacrata
1446 1038 1515 1071 sine
1548 1043 1602 1071 tec
1622 1034 1643 1086 Η
1665 1043 1710 1073 to.
1764 1037 1872 1084 [128]

96 1089 423 1123 Sacrosanctum
451 1089 586 1129 dicitur,
621 1089 714 1131 quod
740 1090 811 1123 iure
836 1089 977 1122 iurando
1004 1089 1198 1134 interposito
1226 1094 1275 1121 est
1299 1089 1499 1130 institutum,
1538 1090 1564 1122 si
1591 1090 1663 1133 quis
1690 1089 1725 1122 id
1752 1090 1873 1123 violas-

95 1146 160 1180 set,
198 1146 233 1174 ut
259 1145 367 1173 morte
392 1152 518 1185 poenas
543 1140 714 1185 penderet.
741 1141 833 1175 cuius
859 1140 989 1186 generis
1016 1146 1090 1174 sunt
1117 1141 1193 1174 TR.
1215 1141 1282 1174 PL.
1334 1140 1541 1185 Aedilesque
1567 1140 1715 1174 eiusdem
1743 1141 1873 1175 ordinis.

95 1192 187 1236 quod
216 1192 371 1225 adfirmat
393 1192 444 1227 M.
465 1192 550 1226 Cato
576 1192 609 1224 in
637 1203 694 1233 ea,
730 1205 830 1237 quam
857 1193 1003 1238 scripsit,
1038 1192 1167 1226 Aedilis
1191 1192 1301 1238 plebis
1327 1203 1421 1226 sacro
1448 1196 1578 1226 sanctos
1605 1203 1684 1226 esse.

259 1241 509 1277 Sacrataell
531 1244 626 1288 leges
651 1251 744 1287 sunt,
775 1244 895 1289 quibus
921 1249 1070 1279 sanctum
1098 1249 1165 1286 est,
1198 1244 1256 1288 qui
1281 1243 1364 1288 quid
1392 1244 1549 1277 adversus
1576 1255 1631 1277 eas
1656 1243 1794 1284 fecerit,
1821 1255 1873 1275 sa-

95 1307 152 1330 cer
177 1295 275 1329 alicui
309 1294 449 1328 deorum
476 1296 587 1329 sicut*
608 1295 734 1330 familia
759 1297 976 1342 pecuniaque.
1009 1301 1084 1330 sunt
1109 1296 1166 1340 qni
1192 1307 1262 1329 esse
1294 1295 1408 1331 dicant
1440 1300 1601 1339 sacratas,
1644 1306 1726 1339 quas
1757 1294 1919 1340 plebes·s-
1938 1298 1973 1325 sit
1990 1307 2046 1326 cum

94 1347 199 1381 iurata
224 1347 256 1380 in
281 1351 395 1380 monte
414 1347 519 1382 Sacro
545 1346 684 1381 sciverit.

258 1399 437 1432 Seclusa
463 1410 586 1434 sacra
613 1399 828 1441 dicebantur,
859 1410 948 1443 quae
968 1398 1092 1434 Graeci
1119 1398 1271 1444 mysteria
1295 1399 1480 1444 appellant.
1532 1399 1698 1433 Scaena
1724 1396 1767 1430 ab
1794 1396 1876 1437 aliis,

95 1462 113 1483 a
139 1449 341 1494 quibusdam
367 1461 521 1485 sacena
547 1451 756 1496 appellatur,
798 1451 940 1485 dolabra
967 1451 1178 1496 pontificalis.
1229 1450 1396 1484 Sarissa
1423 1456 1471 1485 est
1495 1450 1611 1484 hastae
1631 1448 1876 1482 Macedonicae

94 1513 208 1547 genus.
269 1502 402 1538 Sacer
428 1514 542 1536 mons
575 1504 768 1548 appellatur
799 1508 888 1537 trans
914 1503 1096 1543 Anienem,
1141 1503 1244 1548 paulo
1271 1503 1359 1536 ultra
1383 1503 1517 1536 tertium
1544 1501 1741 1540 miliarium
1781 1499 1874 1544 quod

96 1564 172 1588 eum
198 1553 333 1598 plebes,
370 1566 446 1590 cum
473 1555 654 1589 secessisset
681 1567 700 1588 a
726 1556 896 1600 patribuS,
935 1555 1052 1589 creatis
1073 1555 1151 1590 TR.
1176 1554 1305 1599 plebis,
1340 1554 1398 1598 qui
1423 1554 1484 1588 sibi
1512 1557 1618 1587 essent
1644 1551 1785 1592 auxilio,
1822 1550 1874 1584 di-

95 1604 266 1638 scedentes
292 1606 363 1638 Iovi
390 1611 674 1640 consecraverunt.
733 1607 779 1640 At
804 1607 911 1640 homo
935 1616 1030 1640 sacer
1055 1606 1081 1639 is
1108 1612 1173 1648 est,
1212 1617 1314 1650 quem
1341 1606 1488 1651 populus
1514 1604 1671 1639 iudicavit
1698 1604 1742 1636 ob
1768 1603 1875 1636 male—

97 1655 229 1697 ficium,
256 1668 365 1699 neque
391 1657 441 1690 sas
468 1662 516 1690 oet
543 1668 619 1691 eum
644 1658 828 1697 immolari3
854 1657 933 1700 sed,
960 1658 1017 1701 qui
1039 1657 1180 1698 occidit,
1206 1658 1377 1702 parricidii
1399 1669 1464 1691 non
1487 1657 1670 1690 damnatur.
1697 1666 1773 1688 nam
1796 1654 1874 1699 lege

97 1707 270 1741 tribunicia
292 1708 400 1752 prima
423 1713 574 1743 cavetur:
601 1708 753 1753 siquis
779 1721 886 1749 eum,
913 1709 983 1753 qui
1008 1721 1058 1743 eo
1085 1709 1233 1754 pie-bei
1261 1709 1372 1743 scito
1399 1720 1518 1742 sacer
1544 1709 1614 1749 sit,
1641 1705 1879 1744 occiderit}

97 1759 320 1802 parricida
354 1770 403 1793 ne
435 1760 497 1796 sit.
535 1772 575 1793 ex
608 1771 676 1804 quo
709 1761 814 1804 quivis
840 1760 947 1794 homo
983 1761 1089 1794 malus
1125 1766 1225 1804 atque
1259 1761 1433 1804 improbus
1466 1770 1559 1793 sacer
1585 1758 1752 1803 appellari
1778 1756 1873 1791 solet.

98 1806 202 1859 Gali}
219 1811 269 1844 lus
293 1811 408 1845 Aelius
439 1812 485 1845 ait
515 1823 646 1845 sacrum
673 1824 743 1846 esse
768 1824 972 1857 quocunque
998 1812 1102 1846 modo
1131 1818 1230 1856 atque
1256 1812 1402 1845 instituto
1428 1811 1566 1845 civitatis
1592 1821 1711 1843 conse·
1764 1806 1876 1854 [129]

98 1866 226 1895 eratum
251 1862 308 1905 sit,
339 1863 406 1896 sive
432 1863 541 1905 aedis,
567 1864 635 1897 sive
661 1875 735 1908 ara,
762 1864 829 1898 sive
854 1866 1004 1909 signum,
1031 1865 1098 1897 sive
1124 1865 1236 1897 locum
1248 1867 1272 1905 *,
1299 1863 1366 1895 sive
1393 1862 1553 1907 pecunia,
1579 1861 1647 1894 sive
1673 1859 1753 1904 quid
1781 1859 1871 1893 aliud
1900 1866 1935 1892 Ὗ.
1957 1867 2027 1893 locus

98 1913 191 1957 quod
224 1914 276 1946 dis
309 1913 500 1950 dedicatum
533 1921 633 1959 atque
666 1921 893 1950 consecratum
921 1917 978 1949 sit:
1023 1916 1115 1959 quod
1143 1920 1254 1949 autem
1280 1915 1418 1959 privati,
1461 1925 1540 1947 suae
1565 1911 1736 1958 religionis
1761 1922 1872 1949 causa,

98 1965 223 2009 aliquid
251 1976 364 1999 earum
390 1976 501 2000 mrum
523 1967 598 2000 Deo
632 1968 806 2009 dedicent,
849 1968 884 2001 id
907 1967 1086 2001 Pontifices
1108 1967 1280 1999 Romanos
1306 1977 1372 1998 non
1400 1966 1584 1998 existimare
1610 1974 1750 1998 sacrum.
1786 1966 1820 1995 at
1846 1961 1872 1994 si

98 2028 164 2060 qna
190 2027 283 2050 sacra
310 2017 438 2061 privata
462 2020 645 2064 succepta*
666 2025 760 2061 sunt,
795 2030 883 2063 quae
909 2029 949 2053 ex
973 2019 1121 2051 instituto
1142 2016 1343 2051 Pontificum
1370 2022 1454 2050 stato
1481 2015 1557 2057 die,
1593 2020 1650 2049 aut
1674 2018 1768 2049 certo
1792 2013 2045 2056 loco·f.suscepta

97 2068 253 2103 facienda
279 2069 359 2108 sinn
402 2081 441 2103 ea
467 2081 561 2103 sacra
587 2071 770 2116 appellari,
808 2075 979 2114 tamquam
1006 2069 1213 2103 sacrificium.
1244 2069 1302 2102 ille
1329 2069 1440 2111 locus,
1476 2068 1535 2101 ubi
1563 2079 1602 2101 ea
1627 2077 1720 2100 sacra
1744 2064 1874 2110 privata

98 2119 254 2154 facienda
280 2125 372 2162 sunt,
399 2121 452 2154 vix
477 2121 607 2155 videtur
633 2134 727 2157 sacer
754 2134 834 2156 esse.
886 2121 1060 2156 Sacrani
1087 2120 1249 2166 appellati
1274 2125 1348 2154 sunt
1368 2121 1476 2154 Reate
1502 2119 1585 2161 orti,
1610 2118 1668 2162 qui
1694 2127 1734 2151 ex
1759 2116 1875 2162 Septi-

99 2213 177 2250 quiis
206 2218 337 2252 apparet.
381 2213 503 2242 Plautus
530 2215 749 2253 manuscriptus
771 2214 801 2242 in
832 2213 967 2243 Menech.
1011 2218 1079 2242 sunt
1100 2213 1130 2242 in
1153 2213 1315 2252 exemplari
1340 2234 1346 2241 .
1369 2235 1377 2242 .
1401 2234 1407 2241 .
1431 2218 1518 2247 utus,
1543 2209 1669 2240 indicari
1695 2219 1803 2238 nomen
1829 2208 1874 2237 Si-

99 2254 188 2284 habet
210 2258 330 2293 smmi,
354 2260 387 2284 ut
410 2257 534 2286 sortasse
557 2256 594 2285 ad
615 2256 825 2307 Aristophanis
846 2266 965 2285 versum
1010 2256 1089 2292 cini,
1129 2256 1177 2295 qui
1201 2256 1299 2284 dictus
1323 2260 1367 2284 est
1389 2255 1534 2284 Bellutus.
1559 2253 1623 2282 fieri
1654 2252 1732 2281 enim
1761 2255 1872 2291 potest,

99 2307 146 2326 res
131 2299 266 2349 >pexerit
289 2299 318 2327 in
342 2298 470 2329 Acharn
521 2296 605 2329 ’Λλλοὶ
635 2296 706 2330 οὐδὲ
729 2295 861 2338 θύσιμος
884 2298 964 2329 ἐστιν
1007 2303 1041 2327 ut
1071 2298 1193 2328 verrius
1220 2308 1281 2327 non
1303 2308 1371 2342 eos,
1407 2307 1483 2346 quos
1509 2295 1613 2325 Livius
1643 2300 1672 2325 et
1701 2294 1872 2338 Dionysius,

100 2337 184 2380 αυτή.
231 2343 291 2372 Με.
317 2338 425 2380 σαμοῖν.
447 2343 490 2372 πᾶ
513 2339 538 2372 δ’
553 2354 619 2380 ουχι
647 2339 778 2380 θύσιμός
801 2341 889 2372 ἔστιν.
914 2344 962 2372 Δι.
1008 2341 1058 2380 qui
1082 2340 1210 2370 Manium
1238 2336 1389 2380 Papirium
1423 2340 1553 2382 primum
1574 2331 1775 2367 sacrificulum
1796 2346 1872 2378 pro-

99 2381 208 2423 κέρκον
231 2381 286 2414 οὐκ
311 2383 376 2423 ἔχει.
423 2384 455 2413 ln
475 2385 639 2423 exemplari
656 2384 743 2423 plane
767 2389 811 2413 est
842 2406 849 2412 .
880 2406 886 2412 .
920 2405 927 2412 .
956 2407 963 2414 .
1007 2384 1100 2420 dunt,
1122 2383 1174 2413 3011
1197 2383 1269 2412 31103
1291 2379 1450 2413 historicos
1466 2381 1557 2411 fuerit
1579 2385 1710 2410 secutus.
1743 2379 1820 2408 Urs.
1829 2393 1871 2400 —

100 2427 155 2454 ine.
180 2436 216 2455 ex
241 2437 298 2464 quo
322 2427 445 2456 fecimus
467 2429 627 2466 sanguine.
665 2427 746 2455 Urs.
771 2443 811 2448 --
839 2424 885 2466 10)
910 2428 964 2455 Sa.
1010 2429 1052 2460 11)
1082 2426 1253 2464 Sacratae.]
1283 2426 1339 2454 Pro
1368 2426 1448 2454 sicat
1480 2419 1692 2458 scribendum,
1727 2423 1769 2449 cit
1794 2429 1868 2449 cum·

103 2468 287 2507 crificalasff
319 2469 436 2509 Opinor
465 2470 605 2499 extremis
633 2470 692 2498 illis
724 2469 846 2505 litteris,
889 2479 964 2508 quae
1007 2467 1081 2498 Vide
1102 2469 1134 2497 in
1155 2468 1247 2498 Publi
1236 2480 1285 2497 ica
1304 2467 1450 2507 pondera.
1495 2468 1578 2495 Urs.

1551 2517 1586 2549 1.
1579 2527 1593 2548 ¹.
1609 2516 1644 2539 *-
