2263 2668
224 164 299 199 136
695 161 839 196 PROBI
865 156 1251 193 INSTITUTIONUM
1279 157 1715 192 GRAMMATchRUM

227 265 283 292 aut
308 258 353 299 vi,
381 253 545 293 audivi¹‚·
571 256 719 295 intereo,
747 253 901 290 interivi;
926 252 980 285 vel
1007 252 1040 284 2⁰1⁸.
1092 252 1187 297 Ergo
1213 252 1356 285 breviter
1381 263 1443 296 per
1468 252 1613 296 singulas
1638 252 1761 285 litteras
1787 254 1862 283 ante
1890 261 1928 284 eo
1954 252 2078 295 positas
2106 251 2169 285 de-

228 321 414 350 curramus,
442 314 478 341 ut
504 307 632 340 facilius
659 316 919 350 cognoscamus,
947 315 966 337 e
992 308 1066 336 ante
1094 315 1112 337 o
1138 304 1264 348 posita,
1299 304 1388 338 cuius
1415 304 1455 336 sit
1480 303 1737 348 coniugationis,
1769 303 1823 336 vel
1849 303 2022 346 quomodo
2049 300 2169 338 faciat²

227 362 376 407 speciem
402 359 596 404 perfectam.

390 434 423 467 4.
475 432 527 473 A,
554 432 642 466 hanc
668 432 810 465 litteram
838 436 912 465 ante
943 427 1002 464 eo³
1027 431 1154 465 habens
1180 432 1317 465 verbum
1345 431 1473 464 nullum
1499 431 1650 476 repperi:
1676 432 1826 465 inventor
1852 431 1975 466 doceat
1998 430 2170 463 rationem.

230 489 263 524 B
290 492 363 521 ante
391 496 430 518 eo
456 485 581 529 posita,
609 489 666 517 aut
692 484 856 517 secundae
884 488 957 516 sunt
982 484 1240 528 coniugationis,
1273 489 1329 516 aut
1355 483 1469 515 tertiae
1497 488 1670 527 correptae
1705 489 1762 516 aut
1787 484 1984 528 productae.
2043 482 2172 515 Secun-

229 542 310 579 dae,
339 537 396 570 bui
422 536 557 577 faciunt,
584 540 620 568 ut
646 535 763 577 rubeo,
789 535 912 573 rnbui;
937 534 1069 576 εον-ὀρθ,
1095 534 1230 572 sorbul}
1256 547 1330 567 nam
1358 533 1469 567 sot-bs}
1497 534 1714 567 barbarismus
1742 542 1806 574 est;
1832 535 1947 568 tertiae
1973 533 2171 578 productae,

229 593 258 632 ί,
283 590 336 623 vel
364 589 405 628 ii,
431 586 547 628 subeo,
572 586 664 627 subi,
693 587 747 620 vel
772 586 871 622 subii.
925 587 1039 619 Inveni
1065 598 1167 620 unum
1193 586 1321 631 primae
1348 585 1597 630 coniugationis,
1625 585 1736 629 beavi,
1763 587 1887 621 faciens
1913 591 2067 630 tempore
2092 595 2173 630 per-

231 643 339 682 fecto,
367 639 447 681 beo,
476 639 577 680 beas,
605 637 715 671 beavi.
768 637 959 671 Terentius:

457 707 600 751 Ecquid
628 706 690 739 beo
717 703 801 739 te⁴?

235 765 266 800 C
291 768 366 797 ante
393 773 432 795 eo
458 759 566 804 posita
591 758 771 791 secundam
798 758 886 801 regit
912 756 1198 801 coniugationem,
1226 756 1372 801 speciem
1398 755 1584 799 perfectam
1612 759 1668 788 aut
1694 756 1767 797 cui,
1795 761 1850 789 aut
1876 752 1945 797 cri,⁵
1972 766 2084 796 arces,
2111 763 2175 787 ar-

233 814 326 853 σαῖς*ὶ
354 815 464 852 luces,
492 810 574 843 luxi.
626 810 681 851 1),
708 814 741 842 et
770 808 854 842 haec
882 814 955 840 ante
983 819 1022 840 eo
1047 808 1153 851 posita
1180 808 1359 841 secundam
1386 807 1474 851 regit
1500 807 1788 851 coniugationem,
1815 808 1961 852 speciem
1988 817 2067 840 vero
2093 817 2176 850 per..

232 869 356 901 fectam
385 870 439 897 aut
466 863 522 904 cli,
549 866 604 893 aut
629 862 676 902 si,
702 861 880 905 prandeo,
902 859 1056 904 prandi;
1083 859 1210 899 ardeo,
1238 859 1320 891 arsi.
1372 858 1543 891 Interdum
1572 858 1666 890 addit
1692 859 1852 901 syllabam
1875 860 1908 891 in
1934 858 2112 902 principio,
2138 860 2176 889 ut

232 916 421 956 momordi,
453 910 638 958 pepencli'.
696 912 857 955 Exceptis
892 911 1022 943 duobus
1053 910 1223 943 defectivis
1250 921 1393 955 genere,
1432 922 1518 953 quae
1545 910 1734 953 incipientia
1761 910 1854 952 quasi
1880 916 2013 951 neutra,
2045 915 2175 952 tempus

230 971 356 1004 faciunt
380 966 567 1012 perfectum
594 964 687 1008 quasi
712 963 858 1007 passiva,
886 963 921 995 id
950 967 1015 1002 est,
1048 962 1139 1004 quasi
1166 972 1185 993 r
1210 962 1316 994 littera
1343 961 1452 1002 finita,
1487 966 1522 993 ut
1549 961 1712 1006 gaudeo,
1746 961 1893 1006 gavisus
1918 972 2015 998 sunb-
2050 960 2175 999 audeo,

233 1032 338 1055 ansus
366 1029 452 1051 sum.
505 1017 573 1050 Aut
599 1016 678 1054 dui,
704 1019 740 1047 ut
765 1015 903 1056 studeo,
930 1013 1049 1047 studui
1058 1024 1070 1050 ,·
1093 1013 1242 1056 strideo,
1268 1013 1403 1046 striclui.
1457 1012 1527 1045 Sed
1554 1013 1753 1054 videndum,
1787 1024 1829 1045 ne
1863 1013 1969 1057 magis
1997 1010 2177 1045 dicendum

233 1075 274 1107 sit
299 1071 427 1111 strido,
453 1068 583 1102 strictis.
634 1066 811 1110 Virgilius:

462 1127 624 1162 Striclntzt
650 1127 780 1163 silvam

234 1195 299 1217 non
325 1176 502 1215 strident?
556 1178 591 1211 E
617 1183 690 1211 ante
718 1189 756 1210 eo
784 1176 892 1221 posita
918 1176 1048 1208 tertiam
1075 1175 1273 1219 productam
1300 1176 1407 1220 regit,
1433 1180 1564 1220 tempus
1591 1175 1778 1219 perfectum
1807 1175 1864 1214 ivi,
1894 1174 1949 1207 vel
1975 1174 2000 1207 ii
2025 1172 2115 1213 facit,
2141 1175 2179 1205 ut

232 1240 371 1273 anteeo,
401 1241 555 1277 praee05
587 1229 731 1269 tentee'vi,
760 1224 938 1273 praeivi⁹;
969 1227 1023 1259 vel
1051 1227 1174 1267 cmteii,
1199 1228 1324 1271 prueii.
1377 1227 1418 1271 F,
1446 1227 1534 1261 hanc
1560 1227 1702 1260 litteram
1731 1233 1804 1259 ante
1832 1237 1871 1258 eo
1896 1226 2024 1258 habens
2050 1224 2179 1257 nullum

232 1286 368 1331 repperi
399 1284 549 1317 verbum.
613 1281 648 1314 G
674 1286 748 1313 ante
775 1291 813 1312 eo
848 1279 955 1323 posita
982 1278 1159 1311 secundam
1187 1278 1271 1322 regit
1299 1279 1582 1323 coniugationem3
1616 1279 1762 1322 speciem
1794 1288 1875 1310 vero
1901 1276 2088 1321 perfectam
2122 1279 2179 1307 aut

233 1339 271 1372 ,τὶ
281 1335 320 1379 ¹⁰,
347 1340 403 1369 aut
429 1335 511 1379 gui,
538 1337 594 1365 aut
619 1333 665 1372 si,
692 1333 809 1376 lugeo⁷
836 1331 925 1369 luxi,
954 1341 1060 1373 egeo,
1092 1330 1193 1373 egui,
1220 1334 1353 1374 tergeo,
1380 1331 1464 1363 tersi
1473 1344 1483 1370 ‚-
1518 1330 1656 1363 dicimus
1683 1335 1715 1363 et
1741 1333 1861 1373 tergo,
1888 1328 2019 1373 tergis,
2047 1325 2177 1372 [1481]

233 1389 347 1423 tertiae
373 1390 562 1430 correptae:
590 1384 732 1428 legimus
760 1383 847 1415 enim
875 1385 906 1413 et
932 1377 1115 1425 tergentU,
1143 1381 1234 1423 quod
1262 1382 1348 1414 venit
1375 1394 1394 1414 a
1421 1382 1523 1414 verbo
1550 1386 1686 1426 tergeo,
1715 1386 1748 1413 et
1774 1383 1927 1425 tergunt,
1955 1380 1998 1412 ab
2021 1389 2062 1412 eo
2085 1377 2180 1421 quod

233 1446 280 1474 est
306 1444 419 1484 tergo,

398 1512 415 1531 r

237 1568 351 1607 caleo,
378 1565 552 1610 compleo,
580 1563 691 1600 calui,
719 1561 905 1606 complevi,
932 1560 1063 1601 delevi,

460 1615 584 1649 Relevi
611 1614 709 1646 (lolia
736 1613 872 1651 omnia,

236 1668 410 1701 Terentius
420 1663 453 1702 ¹³.

325 1785 350 1818 1)
364 1784 507 1821 Corrupte
525 1782 610 1810 Cod.:
631 1780 791 1820 productae
805 1781 896 1808 ausui
913 1777 1044 1808 αυιῖιιαε
1067 1779 1188 1807 inter-

239 1838 277 1856 eo
300 1827 458 1855 intereo.
486 1825 525 1852 ivi
540 1823 584 1852 vel
598 1825 627 1852 ii.
646 1839 687 1845 —-
727 1823 756 1860 2)
775 1822 872 1850 Faciet
890 1824 956 1851 Asc.
977 1823 1005 1851 P.
1044 1822 1084 1849 Ul
1098 1821 1187 1857 edidi,

240 1869 311 1897 cod.
341 1885 375 1889 ——
422 1866 450 1905 3)
471 1866 542 1894 cod.
566 1873 632 1894 ante
654 1877 670 1893 ο
694 1870 795 1892 contra
814 1869 939 1892 mentem
965 1864 1127 1903 scriptoris.
1150 1880 1185 1885 —

240 1912 271 1950 4)
288 1912 374 1939 Hunc
397 1914 493 1937 totum
511 1909 611 1936 locum
631 1907 717 1935 valde
735 1906 873 1934 mutilum
893 1907 962 1936 cod.
988 1907 1030 1935 sic
1053 1906 1189 1934 exhibet:

241 1961 291 1982 ant
307 1953 407 1980 tertiae
426 1958 572 1990 correptae
589 1956 639 1977 aut
652 1947 838 1988 productaei
859 1947 905 1976 vel
927 1950 948 1976 ii
970 1956 1000 1976 ut
1021 1948 1106 1978 subeo
1127 1947 1191 1977 subi

240 1995 286 2025 vel
301 1994 385 2024 subii.
401 1993 420 2022 c'
441 2001 508 2021 ante
533 2004 573 2021 eo.
618 1991 805 2020 Manifestum
829 1995 888 2023 esi,
918 1990 1072 2019 librarium
1097 1990 1191 2019 oculis

243 2039 391 2066 aberrasse
409 2046 423 2063 a
441 2035 585 2073 superiori
604 2045 631 2063 v.
645 2032 806 2072 productae
822 2033 858 2060 ad
874 2032 1042 2061 inferiorem
1059 2034 1191 2061 eandem.

242 2081 297 2109 Sed
314 2078 460 2117 quomodo
485 2088 534 2106 VV.
577 2076 677 2104 Inveni
693 2091 734 2096 -—-
756 2074 805 2102 beo
823 2082 848 2102 te
869 2074 1005 2102 excidere
1027 2076 1193 2113 potuerint,

241 2133 302 2151 non
323 2121 446 2150 exn-ico.
498 2120 617 2147 Retinui
644 2118 732 2154 igitur
758 2117 915 2144 lectionem
941 2118 1006 2144 Asc.
1029 2123 1057 2145 et
1080 2119 1111 2147 P.
1135 2117 1194 2146 nisi

240 2165 321 2204 quod
338 2164 367 2191 in
386 2163 431 2190 his
451 2172 555 2200 snpra:
579 2168 629 2188 aut
647 2161 746 2188 tertiae
762 2157 931 2197 procinctae.
975 2158 1125 2188 Secundae
1140 2165 1195 2188 cet.

241 2213 271 2237 et
291 2213 370 2235 inm:
394 2205 494 2233 tertiae
513 2202 674 2242 productae
694 2202 751 2236 ini,
782 2200 828 2229 vel
847 2201 886 2235 ii,
909 2200 994 2229 subeo
1015 2201 1124 2238 sabini,
1150 2201 1196 2230 vel

241 2249 324 2279 subii.
368 2249 463 2275 Locus
480 2247 598 2274 'sc—rent.
616 2249 658 2272 est
678 2242 812 2271 Eunuch.
833 2243 867 2279 ll,
884 2246 913 2279 2,
929 2244 980 2274 48.
1004 2258 1044 2264 —
1087 2244 1116 2280 5)
1135 2244 1192 2272 ln-

240 2295 401 2330 terponunl
420 2290 487 2317 Asc.
506 2289 536 2317 P.
551 2298 644 2316 arceo.
662 2301 705 2307 —
748 2285 777 2322 6)
795 2286 990 2323 lnterponunt
1007 2285 1073 2313 Asc.
1092 2286 1119 2314 P.
1143 2285 1191 2314 lu·-

243 2346 303 2364 ceo,
318 2349 360 2355 --
404 2332 433 2370 7)
451 2331 485 2359 ln
501 2330 664 2370 principio,
687 2326 837 2356 mortleo
860 2326 1024 2363 momordi,
1047 2327 1189 2366 pendeo

238 2375 361 2416 pependi
383 2374 448 2403 Asc.
466 2375 495 2402 P.
514 2389 554 2393 —
587 2375 616 2409 ὃ)
636 2371 715 2399 Haec,
733 2369 830 2397 omnia
849 2381 864 2397 a
882 2379 930 2398 vv.
953 2368 1095 2409 Exceptis
1119 2369 1190 2398 (luo.

241 2419 292 2447 hus
319 2427 408 2456 usque
431 2416 467 2444 ad
487 2425 534 2443 vv.
558 2425 614 2443 non
640 2411 761 2441 strident
785 2412 988 2441 desiderantur
1016 2412 1047 2440 in
1070 2413 1188 2449 Codice,

471 1436 519 1478 H,
546 1435 577 1478 I,
603 1435 640 1468 K
667 1440 740 1467 ante
768 1445 807 1466 eo
832 1433 957 1477 positas
984 1432 1121 1465 verbum
1147 1444 1265 1476 regere
1291 1445 1357 1465 non
1383 1434 1501 1466 inveni.

397 1525 431 1547 .).
484 1513 516 1546 L
542 1516 617 1545 ante
645 1523 683 1544 eo
709 1510 818 1555 posita
842 1508 1021 1542 secundam
1043 1508 1129 1553 regit
1156 1509 1434 1554 coniugationem,
1460 1510 1607 1555 speciem
1633 1509 1819 1553 perfectam
1845 1507 1894 1541 lai
1919 1506 1975 1540 vel
2001 1504 2086 1548 levi,
2112 1501 2180 1539 ut¹²

513 1666 688 1710 Excipitur
714 1676 816 1697 unum
843 1664 885 1696 ab
919 1666 1057 1705 utraque
1090 1661 1217 1695 ratione
1251 1661 1454 1695 defectivum
1481 1674 1623 1708 genere,
1657 1663 1782 1696 faciens
1816 1660 1963 1706 speciem
1995 1659 2182 1705 perfectam

1229 1778 1310 1807 haud
1327 1779 1416 1808 dubie
1433 1780 1519 1819 culpa
1540 1779 1711 1817 negligentis
1730 1780 1855 1809 librarii.
1899 1777 2015 1817 Virgilii
2037 1777 2121 1806 locus
2138 1781 2184 1805 est

1230 1823 1301 1850 Aen.
1315 1822 1353 1859 II,
1372 1823 1442 1854 418.
1461 1838 1502 1844 ——
1523 1824 1553 1860 9)
1574 1823 1611 1851 Ut
1626 1830 1743 1858 ansteo,
1763 1833 1885 1860 praeeo,-
1907 1820 2032 1857 anteivi5
2052 1819 2184 1858 praeivi,-

1230 1864 1271 1892 iia
1282 1864 1364 1901 cod„
1375 1865 1432 1892 alio
1448 1866 1550 1893 ordine
1562 1867 1626 1893 Asc.
1642 1865 1685 1893 P.:
1702 1871 1810 1900 anteco,
1827 1865 1942 1898 antuini,
1956 1873 2069 1903 praeeo,
2086 1861 2184 1900 praei-

1230 1907 1273 1943 vi,
1297 1908 1403 1935 omisso
1427 1907 1514 1935 etiam
1539 1915 1582 1935 ut.
1603 1923 1646 1928 ——
1690 1907 1736 1944 10)
1752 1906 1816 1934 Hoc
1836 1906 1901 1935 loco
1919 1906 1999 1946 facit
2024 1903 2185 1932 intrudunt

1232 1949 1298 1977 Asc.
1315 1950 1346 1979 P.
1366 1965 1407 1971 —
1452 1950 1498 1987 11)
1514 1949 1653 1988 Legimus
1669 1950 1759 1985 enim,
1782 1956 1807 1977 et
1824 1947 1938 1988 spicula
1959 1945 2061 1976 lucida
2076 1952 2184 1985 tergent

1234 1991 1300 2020 Asc.
1316 1992 1347 2021 P.
1382 1991 1436 2021 VV.
1455 1991 1567 2030 spicula
1583 1990 1682 2020 lucida
1707 2002 1766 2019 non
1791 1996 1908 2019 exstant
1930 1990 1962 2018 in
1984 1989 2057 2018 Cod.
2083 1988 2184 2016 Recte.

1234 2033 1308 2062 Nam
1332 2034 1411 2072 apud
1431 2034 1508 2070 Virg.
1529 2035 1600 2061 Aen.
1618 2033 1682 2068 Vll,
1700 2036 1786 2070 626„
1808 2034 1888 2062 unde
1910 2033 1933 2061 is
1957 2032 2039 2060 locus
2061 2035 2104 2059 est
2127 2030 2186 2059 ‹le-

1236 2081 1371 2115 sumptus
1386 2099 1393 2113 ‚
1416 2076 1520 2105 melius
1543 2076 1651 2113 legitur
1679 2083 1800 2114 tergunt.
1846 2077 1889 2104 Cf.
1913 2074 2047 2113 Heynius
2070 2072 2108 2101 ad
2126 2073 2184 2101 loc.

1237 2118 1317 2156 Virg.
1343 2119 1393 2147 cit.
1438 2119 1477 2146 De
1500 2118 1613 2156 duplici
1646 2118 1722 2146 coni.
1751 2118 1834 2146 verbi
1857 2125 1963 2157 tergere
1985 2116 2070 2145 adeas
2094 2112 2184 2143 Prisc.

1235 2161 1286 2190 lib.
1308 2162 1358 2193 [X.
1385 2163 1414 2195 9,
1439 2162 1489 2192 50.
1541 2162 1645 2199 Terget
1669 2165 1712 2188 est
1732 2161 1812 2199 apud
1832 2162 1950 2189 Lucret.
1971 2159 2027 2195 vl,
2051 2159 2120 2189 118.
2144 2173 2185 2179 -

1238 2202 1282 2242 12)
1307 2202 1519 2241 Utinlerposui
1533 2203 1649 2231 iubente
1667 2202 1738 2232 cod.
1754 2219 1796 2224 —
1827 2203 1871 2240 13)
1889 2203 2006 2231 Terent.
2017 2200 2122 2229 Heaut.
2132 2199 2186 2236 Ill,

1237 2248 1264 2281 1,
1288 2247 1339 2277 51.
1382 2246 1455 2274 Mire
1478 2245 1693 2274 Grammaticus
1719 2244 1779 2273 hue
1802 2245 1896 2274 traxit
1913 2255 1943 2274 v,
1965 2242 2069 2280 relevi,
2093 2252 2186 2281 quum

1235 2288 1335 2325 potius
1352 2298 1366 2315 a
1383 2287 1473 2317 relino
1493 2288 1668 2323 descendat,
1691 2292 1725 2315 ut
1740 2292 1845 2315 notum
1858 2291 1910 2317 est.
1948 2287 1992 2315 Cf.
2006 2285 2135 2323 interpp.
2147 2283 2187 2311 ad.

1234 2330 1351 2358 Terent.
1368 2330 1389 2359 l.
1407 2340 1433 2360 c.
1478 2331 1534 2358 Sed
1551 2330 1606 2358 suit
1621 2330 1700 2358 haud
1720 2330 1808 2358 dubie
1824 2329 1977 2367 antiquum
1995 2327 2116 2357 verbum
2130 2324 2184 2362 leo,

1233 2372 1313 2400 unde
1323 2372 1482 2400 etiamnum
1497 2371 1575 2401 deleo
1586 2377 1691 2401 exstat.
1717 2373 1760 2400 Cf.
1772 2373 1862 2403 Prisc.
1873 2372 1924 2407 IX,
1941 2373 1989 2407 10,
2005 2368 2053 2400 45.
2063 2368 2108 2396 ed.
2132 2368 2185 2397 Kr.

1234 2429 1271 2436 --
1291 2415 1341 2454 14)
1362 2413 1455 2453 Quasi
1473 2415 1633 2452 passivum
1656 2415 1723 2444 Asc.
1739 2416 1770 2444 P.
1785 2431 1826 2436 —
1864 2414 1909 2450 15)
1927 2411 2032 2451 Specie
2046 2407 2185 2450 perfecta
