2263 2668
535 167 600 202 DE
627 162 1016 203 SIGNIFIGATIONE
1045 163 1330 199 VERBORUM.
1381 162 1527 199 LIBER
1552 165 1612 200 vl.
1970 171 2045 206 433

98 261 240 290 Latinum
262 261 391 299 priscum
408 259 553 299 frast-are,
581 259 676 298 obire,
704 259 827 290 circuire
847 255 981 297 vigilias,
1011 266 1029 285 a
1046 256 1153 296 frago,
1181 265 1213 287 ut
1235 269 1253 287 a
1275 257 1346 288 veho
1369 270 1468 298 vexo,-
1497 266 1564 299 tago
1587 266 1683 298 taoe05
1707 259 1884 299 sraxatores
1906 274 1973 303 ergo
1997 276 2045 295 cu-

98 301 194 332 stodes
217 303 415 331 circumientes
437 302 562 342 vigilias.
586 303 674 333 Dae.
719 302 856 331 Fraxare
874 300 1125 338 frequentativum
1148 305 1192 329 est
1213 311 1230 329 a
1245 301 1366 339 fracare
1389 302 1555 342 (fregere),
1573 302 1721 341 fraquare
1743 302 2044 346 (fraquere)f1·agen‚

99 351 133 374 ut
154 356 262 381 secere,
291 356 421 384 sequere,
451 355 467 373 a
489 356 595 385 sagen:
627 344 726 374 Insece
748 345 839 373 Musa
859 344 951 372 virum
975 342 1100 381 (Ennius
1123 352 1170 380 ap.
1194 344 1270 373 Gell.
1290 344 1404 381 XVIII,
1430 346 1474 384 9.)
1498 348 1553 372 cet.
1599 344 1681 372 Unde
1699 345 1853 385 frequens,
1883 349 1934 386 qui
1957 359 2045 388 saepe

93 388 189 427 fregit
211 387 230 415 i.
253 397 276 417 e.
300 389 470 426 interrogat.
514 388 562 416 bic
584 395 692 416 taxare
715 398 731 416 a
754 394 848 426 tegere
869 386 889 414 i.
911 395 936 414 e.
959 391 1084 424 tangere.
1129 384 1247 425 Frango
1269 396 1341 415 vero
1364 392 1408 416 est
1431 388 1527 423 aliud,
1558 391 1587 414 et
1609 387 1708 425 potius
1732 393 1888 425 cognatum
1912 396 1954 419 est
1977 401 2043 421 cum

100 431 282 458 Graecorum
305 426 447 470 ῥ’ήγνυμι,
471 427 591 470 ῥηγνύω
614 430 632 460 i.
657 440 680 459 e.
703 425 856 470 anyyzjm.

264 470 522 510 Florifertum.
567 472 658 508 Quod
680 472 712 500 in
734 470 896 500 sacrarium
920 470 1035 499 Cereris
1058 469 1193 499 serebant
1215 474 1283 509 post
1306 481 1427 499 messem
1451 472 1567 500 saetam.
1611 471 1748 500 Glossae:
1778 471 1967 512 Florifertum
1991 472 2044 506 οἷν-

98 515 245 554 θοφορία.
288 513 378 543 Dae.

265 554 517 595 Frugamenta.
562 556 606 584 An
636 556 792 594 legendum
816 553 992 594 frumenta?
1027 564 1063 582 an
1087 554 1271 583 existimavit
1293 556 1397 583 Festus
1422 556 1572 594 frumenta
1603 555 1682 583 dicta
1708 556 1792 593 quasi
1814 556 2004 597 frugamenta
2027 572 2042 589 a

95 596 258 638 frugibus?
281 598 399 627 Dubito.
423 598 529 637 Frugis
552 602 580 627 et
596 599 748 637 frumenta
771 609 787 626 a
811 597 947 626 fruendo.
978 597 1089 635 Fruges
1111 602 1196 634 sunt,
1221 608 1296 636 quae
1319 598 1425 636 siliqua
1448 609 1499 627 seu
1522 598 1656 627 folliculo
1680 598 1886 637 continentur,
1911 607 1942 629 ut
1965 602 2044 640 faba,

99 643 235 680 lupinum
258 645 287 668 et
309 641 423 679 reliqua
446 641 594 679 legumina
617 641 779 676 frumenta,
817 651 889 678 quae
910 640 1019 668 habent
1042 640 1173 668 aristam.
1219 640 1370 668 Interdum
1394 645 1491 669 tamen
1510 641 1609 679 frugis
1631 650 1736 669 nomen
1760 642 1893 679 generale
1917 648 1969 672 est.
2007 645 2044 673 Et

99 683 229 711 Iulianus
251 682 481 712 Iurisconsultus
507 684 539 711 D.
563 683 599 712 de
622 683 739 712 verbor.
763 683 859 721 signis.
882 683 963 714 l.77.
981 681 1087 711 tradit:
1111 680 1232 721 Frugem
1256 681 1401 722 appellari
1423 694 1533 711 omnem
1557 682 1696 719 reditum,
1720 693 1777 712 non
1799 682 1907 720 solum,
1931 687 1983 725 qui
2004 698 2044 716 ex

94 726 251 764 frumentis
274 732 325 753 aut
348 724 554 765 leguminibus,
589 737 685 754 verum
709 726 793 754 etiam
818 726 869 766 qui
890 736 930 754 ex
952 725 1019 754 vino
1041 723 1088 753 vel
1109 735 1149 753 εει·
1170 723 1252 753 silvis
1274 723 1394 754 caeduis
1415 724 1460 754 vel
1482 732 1574 754 cretae
1591 724 1725 764 fodinis,
1758 724 1928 765 lapicidinis
1947 729 2044 767 perci-

97 768 185 807 pitur.
232 767 284 796 Da
295 778 319 797 c.

264 808 458 839 Frendere.
504 810 627 849 Proprie
657 810 796 838 dentibus
825 809 936 838 collisis
965 809 1093 838 sonitum
1122 808 1224 846 edere,
1259 819 1319 838 vox
1344 821 1359 837 a
1383 820 1455 838 sono
1480 809 1556 838 ficta.
1603 810 1654 836 Per
1676 810 1885 848 metonymiam
1908 811 2043 841 dentibus

100 853 244 890 frangere.
280 852 375 881 Gloss.
400 851 545 891 Frendeo,
568 851 669 889 θλάω,
693 857 776 890 tero,
799 852 913 890 fnango.
948 852 1020 881 Inde
1040 852 1187 881 Pacuvius
1210 853 1239 880 in
1262 852 1404 891 Antiopa:
1434 854 1542 892 bruges
1559 850 1681 890 frendeo
1704 850 1801 889 solas,
1829 863 1867 882 ac
1887 854 1966 883 sicco
1989 865 2044 883 ro-

101 893 176 925 bor-e.
221 895 362 923 Serenus:

722 935 812 976 Copia
828 937 922 976 farris
946 937 988 966 uti
1002 935 1205 976 frendentibus
1227 944 1307 965 eruta
1330 938 1425 966 saa-is.

99 979 197 1006 Attius
220 978 402 1008 Troadibus:
435 979 522 1009 Saxo
539 980 643 1019 fruges
658 978 808 1018 frendam.
854 980 954 1018 virgil.
976 980 1007 1009 in
1031 980 1131 1008 Culice
1156 980 1245 1019 (175.
1268 980 1437 1019 infringeret
1458 989 1536 1008 nunc
1559 978 1707 1017 legitur.):
1742 978 1837 1008 Obvia
1858 979 2043 1019 infrenderet.

99 1020 171 1049 Inde
187 1021 313 1060 sressus,
338 1023 450 1051 fractus
473 1023 585 1052 Colum.
607 1023 660 1052 lib.
675 1023 709 1050 II.
734 1032 759 1052 c,
774 1025 840 1054 11.:
868 1021 968 1052 Cicera
992 1021 1084 1051 bubus
1105 1023 1167 1051 erui
1189 1020 1271 1058 loco,
1289 1022 1385 1060 fressa
1403 1021 1481 1061 faba
1504 1021 1591 1051 datur
1612 1022 1642 1050 in
1666 1020 1815 1061 Hispania
1838 1021 1971 1054 Baetica.
2003 1025 2041 1053 Et

99 1063 202 1092 Celsus
226 1074 290 1103 cap.
304 1066 352 1096 18.
375 1065 425 1093 lib.
440 1065 472 1094 V.
495 1065 622 1093 Martial.
646 1065 662 1093 l.
676 1065 723 1093 IV.
747 1075 792 1103 ep.
805 1065 872 1096 46.:

721 1107 823 1135 Farris
845 1106 990 1136 semodius
1005 1106 1153 1148 fabaeque
1169 1107 1291 1146 sressae.

100 1147 174 1176 Vide
196 1147 362 1186 Nefrendes.
387 1148 475 1179 Dac.
514 1149 628 1177 Glossis
650 1149 727 1177 Faba
751 1150 827 1178 fresa
851 1149 987 1190 ἐρεγμός,
1014 1150 1082 1179 faba
1105 1150 1199 1179 solida
1223 1147 1349 1189 κύαμος.
1393 1149 1432 1177 De
1454 1149 1563 1188 refriva
1584 1148 1654 1178 vide
1677 1149 1754 1177 infra
1776 1148 1905 1187 Refriva.
1939 1148 2044 1179 Goth.

100 1190 143 1218 Cf.
165 1191 292 1219 Nonium
315 1191 468 1230 pag‚447.
492 1192 581 1220 Mero.
604 1202 626 1222 s.
651 1202 679 1221 v.
704 1193 841 1220 fremere.

263 1234 393 1262 Formu
403 1233 510 1262 cales.
554 1234 710 1262 Manifesta
732 1235 888 1271 legendum
905 1234 1111 1274 formucapes‚
1137 1234 1217 1263 unde
1241 1238 1425 1263 contractum
1443 1234 1582 1274 forcipes.
1610 1231 1709 1263 ScaZ.
1750 1233 1822 1262 Vide
1845 1233 1875 1261 in
1897 1234 2043 1274 Forcipes.

104 1273 206 1304 Goth.
254 1274 342 1313 Quod
356 1276 458 1314 forma
481 1277 609 1315 capiant.
647 1277 721 1305 Vide
741 1278 861 1306 Forma.
905 1275 1014 1305 Idem.

263 1318 447 1357 Farrago,
493 1319 582 1354 Quod
605 1329 641 1347 ex
663 1319 764 1347 multis
787 1319 875 1355 satis,
903 1323 935 1347 ut
956 1318 1087 1355 horde03
1109 1319 1186 1348 vicia
1210 1324 1238 1348 et
1260 1319 1457 1357 leguminibus
1479 1318 1513 1347 fit
1535 1317 1636 1356 pabuli
1659 1328 1756 1348 causa.
1786 1317 1879 1346 Varro
1903 1317 1952 1347 lib.
1966 1317 1986 1346 l.
2009 1318 2046 1347 de

100 1369 132 1388 re
155 1364 228 1389 rust.
247 1369 311 1398 cap-
325 1363 392 1391 31.:
419 1358 527 1389 Contra
550 1372 590 1389 ex
611 1369 715 1401 segete,
739 1360 789 1390 ubi
811 1369 877 1390 sata
900 1359 1058 1398 admixta,
1082 1360 1199 1391 ordeum
1224 1369 1249 1390 et
1272 1363 1349 1391 vicia
1370 1369 1395 1390 et
1419 1360 1565 1400 legumina
1584 1359 1689 1399 pabuli
1712 1371 1800 1389 causa
1821 1358 1943 1397 viridia,
1967 1359 2046 1400 quod

95 1402 150 1440 far
164 1402 248 1441 ferro
272 1412 357 1431 caesa
378 1402 504 1442 farrago
528 1402 624 1440 dicta,
655 1411 706 1432 aut
731 1404 787 1432 nisi
809 1402 889 1444 quod
908 1404 1035 1443 primum
1059 1405 1089 1432 in
1114 1405 1252 1443 farracia
1274 1412 1364 1444 segete
1384 1405 1440 1433 seri
1464 1410 1603 1442 coeptum.
1643 1403 1737 1432 Gloss.
1759 1403 1892 1441 Farrago
1915 1400 2043 1442 γράστις,

98 1444 130 1473 id
152 1450 195 1474 est
217 1454 336 1482 gramen
359 1445 537 1476 semiviride.
583 1446 655 1475 Vide
677 1446 806 1475 Plinium
831 1446 959 1485 (xvul,
984 1449 1039 1483 16,
1062 1447 1136 1484 41.).
1181 1447 1238 1475 Da
1249 1458 1273 1478 c.

264 1486 439 1517 Fetiales.
483 1489 599 1526 Legati,
630 1490 682 1528 qui
703 1489 752 1518 vel
775 1489 812 1517 ad
835 1499 937 1527 pacem
961 1489 1127 1517 faciendam
1150 1489 1198 1518 vel
1221 1489 1257 1518 ad
1280 1489 1388 1517 bellum
1412 1488 1611 1518 indicendum.
1656 1487 1681 1516 A
1704 1486 1837 1516 feriendo
1860 1486 1980 1516 foedere
2003 1486 2046 1515 di-

101 1530 158 1567 cti,
183 1530 267 1568 quasi
283 1528 418 1568 feriales,
444 1531 491 1559 vel
515 1542 529 1558 a
547 1530 705 1569 faciendo,
730 1531 813 1569 quasi
831 1529 970 1569 feciales,
996 1531 1073 1559 unde
1097 1536 1125 1559 et
1148 1531 1266 1569 quidam
1289 1542 1343 1569 per
1368 1530 1398 1561 C.
1422 1531 1563 1559 scribunt.
1598 1530 1656 1559 Sed
1679 1530 1758 1569 apud
1783 1530 1910 1557 Graecos
1932 1539 2047 1568 semper

99 1582 155 1612 per
176 1573 215 1609 T,
246 1571 402 1610 φετιάλεις.
450 1573 550 1608 Quare
572 1574 681 1612 optime
706 1574 844 1606 Vossius,
883 1572 934 1609 qui
957 1574 997 1600 ait
1021 1574 1116 1600 dictos
1140 1584 1155 1601 a
1173 1574 1259 1611 fatu,
1290 1574 1320 1601 id
1343 1578 1388 1602 est
1410 1573 1515 1609 fando,
1547 1584 1565 1601 a
1589 1583 1734 1601 converso
1757 1572 1786 1600 in
1811 1583 1832 1601 e.
1878 1572 1997 1610 Quippe
2019 1577 2048 1600 et

101 1621 232 1643 oratores
256 1614 442 1643 dicebantur.
489 1615 582 1643 Varro
607 1615 642 1643 de
666 1616 726 1643 rita
750 1625 822 1654 pop.
846 1615 943 1642 Rom:
971 1613 1075 1654 Itaque
1098 1613 1175 1643 bella
1197 1622 1224 1642 et
1246 1614 1330 1643 tarde
1352 1623 1378 1643 et
1400 1614 1483 1643 nulla
1507 1613 1625 1644 licentia
1647 1613 1857 1654 suscipiebant,
1881 1612 1960 1653 quod
1983 1612 2046 1643 bel-

101 1654 162 1684 lum
187 1655 317 1692 nullum,
349 1656 405 1684 nisi
424 1657 521 1694 pium,
557 1656 703 1696 putabant
723 1658 785 1696 geri
808 1664 953 1695 oportere,
995 1664 1020 1684 et
1041 1658 1211 1696 priusquam
1234 1656 1392 1685 indicerent
1417 1656 1523 1685 bellum
1547 1658 1597 1693 iis,
1640 1668 1658 1685 a
1681 1656 1785 1696 quibus
1808 1657 1932 1684 iniurias
1948 1656 2048 1694 factas

102 1696 246 1734 sciebant,
265 1696 384 1736 fetiales
407 1697 518 1737 legatos
542 1710 584 1727 res
607 1700 755 1739 repetitum
777 1697 929 1730 mittebant
952 1706 1091 1738 quatuor,
1118 1710 1190 1739 quos
1214 1706 1342 1728 oratores
1364 1698 1518 1728 vocabant.
1542 1698 1626 1728 Dae.
1668 1699 1741 1727 Vide
1760 1699 1854 1728 Liv.1.
1876 1697 1952 1737 (32.)
1979 1698 2047 1727 Vir-

102 1739 151 1777 gil.
168 1739 246 1768 VllI.
269 1740 339 1769 Aen.
366 1740 485 1778 Dionys.
510 1740 642 1779 (Antiqq.
670 1742 750 1771 Rom.
766 1742 808 1779 11,
832 1752 861 1780 p.
879 1743 947 1772 131.
975 1747 1003 1770 et
1026 1752 1111 1780 saepe
1137 1741 1229 1779 alibi.)
1254 1741 1403 1769 Plutarch.
1433 1741 1512 1778 (Vit.
1536 1742 1617 1769 Rom.
1641 1745 1669 1769 et
1692 1740 1814 1780 saepe).
1859 1740 1916 1769 Ahi
1945 1741 2048 1778 legunt

102 1780 261 1810 I'hecisslesn
287 1781 361 1810 Vide
384 1783 511 1811 Nonium
536 1783 612 1822 (pag-
626 1785 698 1815 529.
722 1784 810 1813 Mero.
834 1783 884 1811 uhi
907 1793 984 1812 nunc
1007 1784 1146 1812 scribitur
1169 1784 1245 1821 Fet.)
1268 1784 1299 1811 in
1320 1782 1476 1812 Foeciales.
1504 1781 1605 1813 Goth.
1639 1782 1764 1812 Fetiales
1787 1788 1855 1811 sunt
1877 1788 2008 1812 oratores
2031 1794 2046 1812 a

101 1823 202 1853 radice
224 1825 374 1852 Sauscrita
396 1825 513 1862 vatsch,
551 1827 665 1863 dicere,
699 1827 800 1864 loqui,
832 1826 910 1854 unde
934 1834 1021 1855 vates.
1066 1827 1155 1854 Recte
1178 1827 1267 1864 igitur
1288 1836 1342 1864 per
1364 1834 1389 1862 t,
1428 1835 1488 1854 non
1511 1835 1566 1864 per
1589 1836 1604 1854 c
1626 1826 1783 1860 scribitur,
1819 1835 1987 1864 quanquam
2009 1836 2046 1854 ex

102 1867 201 1895 radice
222 1866 323 1896 vatsch
347 1868 436 1896 certis
459 1868 632 1906 quibusdam
657 1869 885 1898 condicionibus
910 1869 995 1897 etiam
1020 1867 1075 1897 vok
1098 1870 1209 1906 oritur,
1248 1868 1327 1897 unde
1350 1867 1480 1897 Feciales
1508 1878 1625 1906 quoque
1654 1868 1800 1907 scriptura
1830 1878 1888 1896 non
1918 1867 2044 1896 absurda

102 1909 195 1938 videri
218 1910 320 1948 possit.
364 1910 422 1938 Sed
445 1912 482 1938 cs.
507 1912 687 1940 Graecorum
710 1909 920 1951 προ-φήτης,
952 1917 980 1940 et
1004 1912 1174 1940 Latinorum
1197 1919 1284 1940 vates.

268 1952 464 1982 Feretrius.
512 1954 584 1990 Alii,
610 1954 689 1993 quod
714 1955 739 1983 ei
764 1955 862 1993 opima
886 1954 996 1982 ferrent
1020 1955 1130 1992 spolia,
1156 1954 1204 1983 vel
1227 1964 1241 1982 a
1266 1952 1408 1982 feriendo.
1446 1952 1580 1990 Propert.
1604 1952 1653 1980 lib.
1666 1951 1714 1982 IV.
1740 1949 1815 1992 (10,
1838 1953 1917 1988 46.):

634 2013 676 2018 —
719 2014 760 2018 —
803 2014 845 2019 -—-
890 2007 995 2025 caussa
1017 1997 1126 2025 Feretri

680 2038 783 2068 Omine
805 2037 885 2079 quod
907 2046 984 2068 certo
1008 2037 1074 2067 dux
1091 2039 1163 2077 serit
1185 2049 1248 2066 ense
1271 2036 1371 2066 ducem

637 2080 692 2110 Seu
717 2083 785 2122 quia
805 2083 881 2119 ficta
904 2082 963 2109 suis
986 2080 1111 2109 humeris
1132 2080 1203 2109 haec
1226 2091 1310 2108 arma
1330 2077 1472 2118 serebant.

680 2123 763 2153 Hinc
779 2124 882 2162 set-etri
904 2122 984 2152 dicta
1006 2130 1046 2151 est
1068 2134 1122 2152 ara
1143 2121 1265 2161 superba
1289 2121 1376 2151 Iovis.

102 2164 157 2192 Sed
183 2164 294 2202 optime
316 2165 431 2192 monuit
453 2166 480 2192 S(
493 2166 582 2203 aliger
605 2166 715 2194 (lictum
742 2167 903 2194 Feretrium
925 2177 939 2193 a
963 2166 1084 2194 Feretro
1106 2175 1232 2204 pompae
1259 2164 1453 2202 triumphalis.
1500 2163 1633 2192 Valerius
1655 2161 1777 2190 Flaccus
1800 2161 1853 2198 (V,
1879 2161 1957 2200 11.):

635 2208 715 2244 Has,
736 2220 854 2247 precor,
885 2209 1008 2236 exuvias
1031 2215 1055 2236 et
1079 2209 1177 2246 opima
1201 2205 1345 2236 cadavera
1369 2213 1467 2235 nostro

635 2250 790 2290 Linquite,
815 2251 874 2287 ait,
893 2251 1012 2288 feretro.

105 2290 191 2320 Dac.

269 2334 400 2363 Femur.
447 2335 483 2362 At
506 2335 627 2363 Servius
650 2340 677 2363 ct
702 2334 852 2362 Charisius
875 2335 914 2372 (p.
930 2334 980 2365 24.
1005 2336 1055 2365 83.
1077 2336 1146 2365 130.
1170 2333 1268 2374 fabr.)
1290 2337 1485 2369 annotarunt,
1505 2332 1604 2371 femur
1626 2335 1739 2359 tantum
1762 2329 1874 2358 dictum
1896 2333 1924 2356 et
1947 2327 1980 2374 ab
2004 2336 2037 2354 co

102 2374 247 2404 declinari
270 2376 390 2404 semoris
414 2381 442 2405 et
466 2378 579 2405 leminis
603 2388 657 2416 pro
682 2388 712 2406 ea
736 2382 820 2416 pai-te
845 2377 997 2415 corporis,
1033 2386 1107 2415 quae
1131 2382 1174 2405 est
1197 2388 1211 2405 a
1236 2387 1310 2405 coxa
1334 2377 1370 2405 ad
1397 2376 1508 2404 flexum
1537 2373 1631 2414 pedis.
1676 2372 1800 2401 Tibull.:
1836 2368 2038 2408 Implicuthue

99 2418 197 2456 femur
211 2417 327 2456 femini.
369 2419 456 2448 Dae.

152 2468 317 2498 GRAMMAT.
337 2480 403 2497 LAT.
424 2470 459 2499 11.
1573 2468 1586 2500 l
1601 2468 1610 2499 i
1625 2468 1635 2499 i
