2263 2668
198 166 274 202 3⁰6
617 166 962 201 COMMENTARH
987 165 1036 200 IN
1061 165 1204 201 PAULI
1230 166 1428 201 DIACONI
1453 168 1709 204 EXCERPTA

197 262 241 290 les
261 260 333 288 dicti
355 263 431 288 sunt.
472 257 544 286 Inde
565 257 596 286 in
627 258 756 287 Glossis:
791 256 920 288 Arvales
949 256 1067 287 sodales
1092 258 1123 289 οἷ
1150 258 1219 298 περὶ
1250 256 1331 297 ὅρων
1362 258 1609 298 διαγινώσκοντες
1634 261 1779 292 δικασταί.
1822 262 1910 292 Dac.
1963 264 1997 293 A
2026 263 2139 295 duobus

187 302 348 345 fratribus.
370 312 403 329 ac
426 300 570 338 frugibus.
594 301 634 329 ita
657 302 689 329 in
711 300 813 330 veteri.
856 300 916 329 Alii
937 301 1042 338 legunt
1064 312 1080 329 a
1102 302 1168 333 XII.
1191 302 1344 331 fratribus.
1393 301 1572 345 Gothofr.

358 341 634 373 Amburbialcs
666 342 828 372 hostiae.
880 343 997 378 Quibus
1025 343 1096 372 urbs
1127 349 1156 373 et
1187 345 1372 383 pomoerium
1404 346 1604 383 lustrabatur,
1642 351 1676 375 ut
1698 344 1895 383 ambarvales,
1925 348 2033 386 quibus
2054 360 2136 381 arva.

196 387 271 416 Vide
293 385 480 415 Amici-mini.
524 384 612 414 Dae.
656 386 727 414 Inde
750 386 835 414 etiam
859 385 1064 416 Amburbium.
1107 387 1187 416 Infra
1210 389 1240 416 in
1262 387 1451 417 Amtermini.
1500 387 1680 430 Gothofr.

356 425 577 456 Ambustus.
623 428 823 457 Glossarium:
846 427 1012 457 Ambustus
1034 429 1318 468 περιπεφλεγμένος,
1342 432 1599 470 περικεκαυμένος.
1643 430 1734 459 Dac-

356 467 548 499 Ambitus.
593 470 688 499 Varro
711 471 762 499 lib.
785 471 837 508 IV,
861 470 897 499 de
920 471 952 500 L.
980 471 1011 499 L.
1035 472 1081 509 (V,
1107 476 1136 507 4,
1160 472 1204 511 9.)
1229 472 1371 501 Ambitus
1393 474 1460 509 iter,
1483 473 1563 513 quozl
1586 471 1791 503 circumeundo
1814 473 1931 511 teritur‚·
1953 485 2022 503 nam
2045 476 2138 505 ambi-

195 520 240 541 tus
262 511 444 547 circumitus,
467 510 505 540 ab
527 523 615 552 eoque
639 512 792 543 duodecim
821 512 988 542 tabularum
1011 514 1175 554 interpretes
1198 513 1339 543 ambitum
1360 517 1482 555 parietis
1506 517 1688 545 circumitum
1712 527 1770 543 esse
1792 514 1941 544 dixerunt.
1970 517 2062 547 Dac.
2096 519 2138 548 De

193 554 321 591 legitimo
345 555 441 592 spatio
466 566 481 582 a
506 554 604 583 vicina
628 555 726 585 insula
749 556 812 585 dixi
835 556 872 584 ad
894 556 913 584 l.
936 557 983 587 14.
1006 556 1038 584 in
1060 557 1110 588 fin.
1135 558 1164 586 ss'.
1189 558 1224 586 (le
1251 558 1354 586 servit.
1381 558 1446 588 urb.
1471 559 1547 587 adde
1571 559 1718 588 Isidorum
1742 557 1795 589 lib.
1821 559 1869 590 15.
1916 560 2085 589 Ciceronem
2107 561 2139 591 in

192 596 311 635 Topicis
335 595 372 635 (c.
395 594 439 636 4.)
465 597 632 626 Vitruvium
656 599 679 636 I,
703 610 728 627 c.
748 603 775 631 1.
820 599 983 628 Varronem
1006 599 1037 628 in
1059 603 1088 631 4.
1113 600 1149 628 de
1171 601 1279 637 lingua.
1329 598 1434 630 Goth.

354 637 566 671 Adolescit.
610 642 678 670 Sine
706 642 797 670 dubio
830 642 1006 679 legendum:
1037 641 1195 672 Atlolescit
1222 641 1259 671 ab
1284 641 1396 679 olesco,
1434 641 1467 671 id
1489 650 1529 672 est
1553 654 1665 679 cresco,
1695 643 1780 671 venit.
1833 643 1922 682 Quod
1944 643 2139 674 confirmatur

191 681 389 719 sequentibus
434 681 595 721 Exuletus,
619 684 732 722 inquit,
756 685 807 725 qui
828 685 954 713 excessit
976 683 1125 721 descencli,
1150 684 1182 713 ill
1203 692 1242 713 est
1269 684 1434 720 crescendi,
1454 685 1584 714 modum.
1617 686 1690 713 Vide
1712 684 1875 716 subolescit.
1926 687 2136 717 Animadverte

191 734 322 762 semper,
346 725 376 751 iu
398 723 455 752 hac
477 725 573 754 lacera
595 732 624 755 et
646 728 751 756 misera
774 727 901 766 epitoma
924 727 1002 756 inter
1023 728 1094 764 alia,
1133 738 1207 766 quae
1230 727 1265 755 ab
1290 728 1468 766 importunis
1497 728 1733 757 emendatoribus
1765 728 1920 768 supposita
1951 735 2036 767 sunt,
2076 730 2137 759 duo

191 767 308 805 saepius
335 777 508 796 occurrere:
547 769 675 807 aliquam
700 770 909 809 etymologiam
939 770 1099 803 Graecam,
1134 776 1168 799 ut
1190 770 1253 807 hic,
1286 775 1314 799 et
1335 781 1425 799 voces
1454 771 1506 799 lias
1531 768 1563 799 id
1585 778 1634 801 est.
1681 770 1770 806 Quod
1801 771 1860 799 suis
1891 771 1964 800 locis
1992 772 2138 801 indicabi-

189 819 265 836 mus.
311 808 431 847 Alioqui
462 809 486 838 si
508 811 702 841 voluissemus
731 813 892 841 stultorum
915 823 1005 850 more,
1028 819 1060 842 ut
1082 813 1181 851 inquit
1203 814 1270 848 ille,
1289 824 1350 842 esse
1374 814 1501 851 molesti,
1519 819 1544 842 et
1559 813 1701 842 hariolari
1723 813 1754 841 id
1781 814 1892 842 dictum
1909 825 1924 843 a
1941 814 2038 851 Festo,
2057 815 2138 853 quod

190 862 339 889 nunquam
364 852 408 879 illi
430 852 461 880 in
485 859 611 884 mentem
636 856 778 889 venisset,
802 855 905 894 potius
926 855 1104 893 legeremus:
1129 867 1143 884 a
1164 857 1276 884 Graeco
1301 854 1381 888 ἅλδω
1404 857 1451 885 vel
1475 854 1618 886 α’λδαίνω.
1649 855 1751 887 Scal.
1788 858 1811 884 A
1839 857 1953 885 Graeco
1977 854 2137 898 ἀδολεσχῶ,

189 893 297 932 inepte.
343 894 490 923 Adolesco
513 907 529 924 a
552 897 643 926 verbo
668 898 780 934 olesco,
814 903 848 927 ut
870 903 899 926 et
921 898 951 926 in
975 898 1106 928 suboles.
1156 899 1185 926 Si
1213 899 1278 937 quis
1301 899 1357 927 erit
1386 905 1484 928 tamen
1515 900 1566 937 qui
1591 900 1736 928 Graecum
1766 904 1887 937 etymon
1909 900 2050 937 retineat,
2081 911 2137 938 pro

189 933 339 974 ἀδολεσχῶ
367 937 444 974 legat
468 949 587 968 necesse
611 945 655 969 est
678 941 726 969 vel
749 938 842 970 α’λδέω
865 941 911 969 vel
935 938 1081 979 οἷλὸήσκω.
1125 940 1180 970 Da
1191 953 1215 970 c.
1259 940 1427 971 Adolescit.
1473 942 1587 970 Glossis
1616 939 1755 981 ἀκμάζει,
1785 942 1866 970 unde
1896 939 2022 980 α’κμαῖος
2045 942 2138 971 adul-

188 983 244 1007 tus.
290 979 364 1007 Vide
389 980 465 1008 infra
490 980 628 1019 Suboles‚
665 984 794 1012 Nonium
824 983 855 1012 in
877 982 1010 1012 Adolere
1038 984 1155 1012 duobus
1183 984 1278 1020 locis,
1319 990 1346 1013 et
1375 985 1405 1013 in
1435 985 1623 1013 Adolescere.
1669 985 1745 1013 Huic
1776 985 1959 1014 contrarium
1981 984 2137 1015 Abale-scit

189 1021 300 1050 Glussis
324 1018 498 1059 dnanudget.
546 1023 651 1053 Gotlz.
698 1027 894 1064 Disputarunt
922 1026 979 1054 viri
1002 1026 1100 1063 docti,
1145 1027 1195 1065 qui
1220 1027 1336 1055 tandem
1367 1026 1484 1056 adolere
1509 1033 1537 1055 et
1566 1025 1746 1064 adolescere,
1777 1038 1852 1066 quae
1883 1032 1983 1066 aperte
2007 1028 2137 1059 eiusdem

188 1069 282 1092 essent
305 1064 444 1102 originis,
469 1071 527 1095 tam
552 1067 685 1096 diversae
709 1068 931 1106 significationis
955 1074 1017 1097 esse
1041 1075 1169 1108 possent.
1215 1071 1371 1099 Rationem
1394 1071 1561 1098 invenimus
1584 1070 1614 1098 in
1637 1070 1735 1108 lingua
1760 1070 1921 1106 senserim,
1949 1070 1979 1098 in
2003 1081 2060 1109 qua
2083 1081 2137 1099 ra-

187 1105 237 1134 dix
262 1105 314 1135 bal
340 1117 487 1145 crescere,
519 1110 649 1147 nutrire,
680 1116 843 1140 sustentare
866 1110 1026 1149 significat,
1050 1112 1150 1141 eudem
1175 1117 1272 1143 tamen
1296 1113 1381 1141 etiam
1410 1114 1497 1148 dare,
1528 1113 1651 1150 offerre,
1682 1113 1846 1146 destinare,
1883 1113 2020 1142 occidere
2044 1118 2136 1141 notat.

186 1149 271 1177 Unde
294 1149 490 1188 intelligitur,
512 1150 677 1182 adolescere
700 1159 729 1183 et
753 1153 871 1183 adolere
893 1155 980 1194 plane
1003 1155 1118 1183 diversa
1142 1166 1205 1184 esse
1230 1156 1335 1191 verba,
1368 1166 1497 1195 quorum
1519 1156 1602 1194 prius
1625 1160 1669 1184 est
1697 1167 1837 1193 crescere,
1869 1156 1996 1184 alterum
2019 1156 2137 1195 simpli-

186 1191 259 1220 citer
280 1193 464 1232 sacrificare,
494 1204 553 1222 non
584 1195 749 1226 comburere
777 1197 916 1237 proprie,
955 1206 1043 1235 quarn
1067 1203 1163 1227 tamen
1195 1199 1344 1227 notionem
1374 1203 1476 1238 postea
1500 1199 1630 1227 induisse
1659 1198 1789 1227 videtur.
1847 1198 1889 1226 Ab
1915 1198 2015 1227 eadem
2036 1199 2137 1227 radice

184 1232 275 1271 alere,
300 1235 429 1272 nutrire,
458 1236 631 1274 descendit,
656 1244 816 1279 utrumque
838 1239 938 1268 labiali
962 1241 1086 1277 omissa,
1111 1241 1195 1271 velut
1218 1242 1246 1269 in
1264 1242 1411 1280 digamma
1433 1252 1519 1283 saepe
1542 1241 1605 1271 fieri
1628 1241 1773 1270 videmus.
1819 1242 1954 1270 Ceterum
1978 1241 2137 1270 lectionem

184 1275 273 1313 ἁλίζω
296 1279 429 1306 enotavit
450 1279 507 1307 iam
532 1280 734 1310 Gothosredus
757 1293 771 1311 e
794 1287 893 1312 vetere
916 1282 1003 1312 libro.

349 1319 499 1352 Altare.
545 1323 588 1351 Ab
612 1325 759 1355 adolesco.
806 1325 854 1353 Sic
877 1325 969 1362 igilur
1000 1325 1135 1353 ducenda
1164 1326 1315 1364 analogia:
1350 1325 1506 1363 adolesco,
1537 1325 1700 1363 aclolitum,
1722 1325 1872 1363 adolium,
1895 1325 2006 1362 altum,
2029 1324 2133 1354 altare.

184 1361 258 1391 Vide
280 1363 356 1390 infra
380 1361 506 1400 altaria,
532 1365 580 1393 ubi
605 1367 709 1396 melius
733 1368 768 1395 ab
792 1368 956 1396 altitudine.
1002 1368 1094 1398 Dae.

347 1404 498 1435 Aliuta.
545 1408 584 1436 M.
610 1410 639 1438 L.
662 1409 750 1438 habet
772 1411 851 1450 ipsus
874 1421 929 1448 pro
953 1410 1040 1449 ἰρεοε.
1086 1410 1187 1438 Velius
1217 1411 1332 1448 Longus
1356 1411 1393 1439 de
1419 1410 1648 1449 orthographia:
1676 1409 1806 1449 Antiqui
1835 1419 1925 1448 aeque
1952 1408 2094 1451 confusas
2117 1420 2134 1438 ο

184 1454 208 1474 et
231 1459 249 1475 u
272 1445 385 1476 litteras
408 1447 540 1478 habuere.
587 1450 665 1480 Nam
691 1452 794 1482 consol
814 1452 981 1482 scribebant
1001 1464 1054 1491 per
1076 1463 1108 1489 ο,
1138 1464 1203 1481 cum
1227 1453 1366 1493 legeretur
1394 1465 1446 1493 per
1468 1466 1503 1489 u,
1528 1452 1641 1482 consul.
1690 1450 1774 1480 Unde
1795 1452 1825 1479 in
1850 1450 1950 1480 multis
1971 1454 2059 1480 etiam
2083 1462 2135 1480 no-

183 1489 307 1518 minibus
329 1491 429 1518 variae
450 1500 517 1520 sunt
539 1494 716 1532 scripturae,
740 1494 899 1536 insontes,
914 1494 1199 1536 jitnte85frondes,
1214 1495 1356 1537 frumles.
1380 1501 1435 1525 cet.
1485 1496 1566 1525 Urs.
1614 1496 1652 1523 Ut
1675 1494 1711 1523 ab
1735 1494 1857 1532 antiquo
1881 1494 1943 1530 alis,
1967 1495 2068 1529 alitem
2091 1494 2134 1522 sic

184 1530 217 1558 ab
240 1532 313 1560 alius
337 1533 439 1562 alluta.
484 1534 574 1564 Dac.
619 1537 764 1566 Nimirum
787 1543 819 1566 ut
844 1538 947 1566 Aeoles
979 1538 1119 1565 adverbia
1148 1539 1238 1566 multa
1266 1544 1295 1567 et
1321 1538 1547 1567 coniunctiones
1576 1538 1608 1566 in
1638 1550 1656 1568 α
1679 1547 1735 1576 pro
1760 1548 1799 1566 εν
1824 1537 2000 1575 proferunt,
2036 1537 2132 1566 veluti

184 1573 251 1602 αἴκα
273 1585 330 1613 pro
354 1575 452 1613 αἴκεν,
483 1575 602 1615 fin-com,
633 1590 687 1617 pro
711 1579 856 1616 ἅπωθενς
890 1581 932 1608 sic
954 1580 1048 1620 prisci
1072 1580 1166 1608 Latini
1199 1581 1228 1608 in
1254 1588 1284 1608 ta
1314 1591 1369 1620 pro
1393 1589 1435 1609 ter
1456 1582 1632 1609 terminasse
1654 1580 1798 1608 videntur
1821 1579 1973 1609 adverbia.
2018 1580 2051 1608 Iu
2074 1590 2134 1608 ser—

184 1626 266 1645 mone
289 1618 437 1646 Sanscrito
460 1621 564 1658 enjus,
588 1623 675 1661 anja,
706 1624 788 1662 anjat
811 1622 957 1660 significat
980 1623 1072 1656 alius,
1102 1623 1173 1657 alia,
1204 1623 1295 1652 aliud.
1342 1624 1478 1652 Ceterum
1501 1624 1530 1652 in
1557 1624 1621 1661 lege
1644 1623 1755 1651 Numae
1779 1622 1968 1650 scribendum
1991 1624 2054 1651 sine
2076 1622 2133 1652 du-

182 1657 230 1685 bio
257 1658 321 1688 Iovi
338 1671 435 1697 sacer,
462 1663 544 1700 quod
567 1664 645 1693 clare
668 1666 798 1693 ostendit
821 1666 970 1704 scriptura
995 1665 1097 1703 optimi
1123 1665 1196 1693 Cod.
1220 1666 1276 1694 Gu.
1300 1666 1343 1703 11,
1367 1667 1417 1694 ubi
1441 1671 1483 1694 est
1506 1666 1585 1695 Iovis
1605 1676 1681 1695 acer.

183 1699 291 1731 Astu.
336 1702 452 1733 Astute.
498 1705 593 1734 Plaut.
620 1707 650 1735 in
674 1708 790 1746 Prolog.
825 1708 948 1738 Poenul.
983 1709 1027 1746 (v,
1055 1708 1139 1743 111.)

800 1749 849 1778 Ita
872 1749 956 1779 docte
981 1757 1069 1790 atque
1090 1757 1156 1779 astu
1167 1749 1258 1790 filias
1281 1752 1394 1791 quaerit
1416 1761 1491 1779 suas.

183 1783 297 1814 Terent.
324 1787 415 1817 Andr.
443 1787 481 1829 (I,
505 1793 534 1827 3,
556 1788 603 1831 3.)

802 1833 885 1873 Quae
912 1836 939 1863 si
967 1845 1024 1863 non
1056 1842 1123 1867 astu
1147 1833 1345 1874 providentur.

189 1863 267 1892 Assa
292 1879 346 1904 per
374 1874 578 1903 excellentiam
608 1875 644 1903 de
675 1875 769 1904 veteri
798 1878 872 1905 urbe
903 1877 1099 1906 Athenarum.
1151 1879 1269 1906 Terent.
1303 1877 1440 1905 Eunuch.
1472 1877 1526 1915 (V,
1547 1880 1582 1913 5,
1615 1876 1677 1917 17.)
1707 1887 1746 1904 an
1774 1878 1804 1904 in
1833 1882 1899 1903 astu
1927 1874 2029 1904 venit?
2073 1875 2132 1904 Sed

189 1906 260 1933 male
284 1912 396 1944 quidam
421 1916 475 1943 sibi
508 1928 679 1954 persuasere
702 1919 738 1947 de
762 1920 831 1947 solis
860 1920 981 1948 Athenis
1003 1928 1068 1948 astu
1097 1921 1139 1948 sic
1163 1920 1296 1948 absolute
1326 1920 1450 1947 dictum.
1501 1919 1574 1947 Nam
1603 1919 1639 1947 de
1668 1918 1723 1947 ulia
1754 1917 1858 1955 quavis
1891 1917 1963 1945 urbe
1994 1918 2131 1956 exempla

188 1954 355 1985 suppetunt.
400 1957 438 1983 De
467 1959 567 1988 Mileto
595 1960 736 1990 Herodot.
767 1972 834 2000 pag.
858 1965 906 1999 8‚‚
945 1963 982 1991 de
1009 1962 1161 2000 Lydorum
1190 1963 1264 1991 urbe
1297 1972 1364 2000 pag.
1388 1963 1457 1997 37.,
1492 1961 1527 1990 de
1551 1961 1672 2000 Cyrenis
1697 1961 1726 1990 in
1750 1961 1806 1989 line
1828 1959 1897 1991 libri
1920 1960 1956 1993 ΙΙ,
1983 1959 2020 2000 (e.
2046 1960 2130 2000 181.)

190 1988 275 2036 Dae.
320 1991 353 2020 Ιιι
368 2006 430 2039 'quo
453 2003 503 2037 qui
525 2011 695 2031 conversam
718 2006 799 2033 cauti
821 2012 847 2032 et
870 2006 961 2034 acuti.
1007 2006 1117 2043 Lege:
1147 2006 1176 2034 in
1208 2016 1265 2045 quo
1288 2005 1340 2044 qui
1368 2005 1548 2043 conversati5
1583 2015 1599 2035 e
1622 2004 1771 2033 contrario
1797 2003 1846 2041 qui
1869 2013 1928 2032 non
1950 2003 1981 2030 in
2005 2003 2128 2042 oppido,

188 2030 239 2058 sed
261 2041 291 2058 ¹¹¹
314 2044 389 2069 ³3¹¹ss
412 2047 579 2078 versantur,
601 2045 764 2084 simplices3
790 2047 867 2075 unde
891 2048 1020 2086 simplex
1042 2048 1190 2076 rusticitas
1212 2050 1242 2076 in
1265 2047 1337 2075 iure.
1386 2045 1491 2076 Goth.

208 2115 213 2120 ,
351 2076 492 2116 Αἶὲἷθῡ.
536 2085 653 2122 Optime
680 2089 890 2118 Bonaveutura
924 2090 1088 2119 Vulcanius
1116 2101 1145 2119 m
1175 2091 1236 2119 suis
1265 2091 1303 2119 ad
1328 2094 1399 2119 vett.
1433 2090 1528 2118 Gloss.
1561 2089 1638 2117 notis
1668 2088 1825 2126 legendum
1858 2087 1934 2116 vidit
1963 2087 2060 2116 infra:
2097 2093 2128 2117 ut

188 2121 225 2142 szt
256 2114 341 2154 algor
371 2118 456 2149 dolor
483 2124 602 2162 quidam
632 2128 823 2161 membrorum
853 2133 948 2171 rigore
977 2131 1125 2163 collectus.
1170 2132 1248 2163 Hinc
1278 2133 1406 2170 algiosus
1437 2129 1582 2172 ἃύςριγος,
1625 2131 1714 2161 Dae.
1763 2129 1925 2163 Coniectus.
1971 2129 2127 2158 Collectus.

349 2201 470 2251 Αηξιξ·
514 2208 539 2235 Α
568 2210 679 2240 Graeco
701 2211 811 2252 ἄνους,
843 2226 959 2251 ameus;
987 2226 1083 2255 neque
1107 2216 1185 2245 enim
1207 2216 1243 2245 ab
1267 2216 1353 2245 annis
1382 2226 1445 2245 esse
1468 2220 1585 2255 potest,
1620 2226 1711 2254 quum
1734 2226 1821 2252 anus,
1853 2213 1968 2252 vetula,
1996 2214 2125 2253 priorem

187 2239 327 2288 Syllaba&
349 2252 504 2284 corffil‘fflt,
529 2260 603 2278 anu-s·
630 2263 700 2282 vero
732 2266 788 2293 pro
818 2269 912 2287 annus
935 2259 1059 2288 eandem
1088 2260 1244 2297 producat.
1287 2259 1344 2287 Da
1355 2270 1382 2289 c.
1424 2258 1554 2299 Antiqui
1576 2269 1633 2287 non
1660 2257 1850 2298 geminabant
1872 2255 1994 2286 litteras.
2046 2256 2123 2286 Idem

187 2291 277 2320 supra
299 2294 330 2312 ¹¹¹
351 2287 412 2314 Ab‘
435 2288 512 2319 ⁰Z⁰f⁵
533 2291 638 2332 (intra)
661 2301 689 2322 et
710 2297 788 2326 infra
810 2300 920 2329 Aulas.
966 2302 1000 2330 Et
1023 2302 1054 2330 in
1077 2302 1169 2330 verbo
1193 2300 1392 2330 solitaurilia.
1436 2301 1540 2330 isidor.
1563 2301 1588 2336 I,
1611 2303 1659 2333 26.
1681 2301 1731 2331 sm.
1780 2298 1887 2329 Goth.

208 2365 212 2371 .
275 2367 279 2372 .
304 2368 309 2373 .
345 2327 546 2380 Amussi'm
592 2336 712 2373 Proprie
736 2340 853 2378 sunem,
881 2347 962 2370 creta
986 2344 1034 2372 vel
1065 2344 1185 2372 rubrica
1215 2344 1339 2380 illitum,
1378 2354 1437 2382 quo
1462 2344 1588 2373 demisso
1611 2344 1686 2373 fabri
1710 2343 1869 2381 explorant
1892 2350 1990 2378 opera.
2034 2339 2121 2369 Grae-

188 2376 229 2413 cis
252 2367 362 2418 ‘licum'
387 2376 518 2412 σταθμη·
546 2376 672 2414 ΠΕὸΥΐῙῙ-
696 2381 830 2420 σῖᾱθμή,
856 2381 986 2423 σπάρτος
1015 2385 1047 2415 ἐν
1074 2382 1095 2424 ᾗ
1117 2384 1309 2424 ἅπορθοῦσιν
1332 2385 1363 2416 οἵ
1383 2386 1525 2422 τέκτονες.
1569 2386 1683 2414 Dicitur
1706 2385 1808 2423 regula
1831 2383 2001 2416 fabrorum,
2029 2390 2121 2418 quare

187 2406 236 2436 hm
258 2409 375 2440 besta&
398 2418 524 2445 tractum
547 2429 562 2445 ‘¹
580 2420 686 2456 Tegula.
732 2422 804 2451 Vide
825 2424 1023 2457 Examussim.
1055 2428 1144 2457 Dae.
1170 2429 1254 2458 conf.
1278 2429 1392 2457 Nonius
1415 2439 1464 2458 vv.
1479 2428 1629 2467 Amussis,
1651 2428 1854 2457 Amussitatus
1877 2430 1903 2454 et
1918 2422 2119 2453 Examussim.
