<?xml version="1.0" encoding="UTF-8"?>
<!DOCTYPE html PUBLIC "-//W3C//DTD XHTML 1.0 Transitional//EN"
    "http://www.w3.org/TR/xhtml1/DTD/xhtml1-transitional.dtd">
<html xmlns="http://www.w3.org/1999/xhtml" xml:lang="en" lang="en">
 <head>
  <title>
</title>
<meta http-equiv="Content-Type" content="text/html;charset=utf-8" />
  <meta name='ocr-system' content='tesseract 3.04.00' />
  <meta name='ocr-capabilities' content='ocr_page ocr_carea ocr_par ocr_line ocrx_word'/>
</head>
<body>
  <div class='ocr_page' id='page_1' title='image "./corpusgrammatico01linduoft_0633.png"; bbox 0 0 2263 2668; ppageno 0'>
   <div class='ocr_carea' id='block_1_1' title="bbox 435 148 1879 190">
    <p class='ocr_par' dir='ltr' id='par_1_1' title="bbox 435 148 1879 190">
     <span class='ocr_line' id='line_1_1' title="bbox 435 148 1879 190; baseline 0.001 -4"><span class='ocrx_word' id='word_1_1' title='bbox 435 152 498 186; x_wconf 89' lang='lat' dir='ltr'><strong>DE</strong></span> <span class='ocrx_word' id='word_1_2' title='bbox 524 148 799 187; x_wconf 80' lang='lat' dir='ltr'>VERBORUM</span> <span class='ocrx_word' id='word_1_3' title='bbox 824 148 1214 187; x_wconf 83' lang='lat' dir='ltr'><strong>SlGNlFICATIONE</strong></span> <span class='ocrx_word' id='word_1_4' title='bbox 1241 149 1553 190; x_wconf 77' lang='lat' dir='ltr'><strong>FRAGMENTA.</strong></span> <span class='ocrx_word' id='word_1_5' title='bbox 1808 154 1879 188; x_wconf 77' lang='lat'><strong>211</strong></span> 
     </span>
    </p>
   </div>
   <div class='ocr_carea' id='block_1_2' title="bbox 106 244 2055 2099">
    <p class='ocr_par' dir='ltr' id='par_1_2' title="bbox 107 244 1883 291">
     <span class='ocr_line' id='line_1_2' title="bbox 107 244 1883 291; baseline -0.002 -7"><span class='ocrx_word' id='word_1_6' title='bbox 107 251 235 289; x_wconf 68' lang='lat' dir='ltr'><strong>citro,</strong></span> <span class='ocrx_word' id='word_1_7' title='bbox 278 251 406 291; x_wconf 80' lang='lat' dir='ltr'><strong>atque</strong></span> <span class='ocrx_word' id='word_1_8' title='bbox 434 247 583 288; x_wconf 85' lang='lat' dir='ltr'><strong>ebore,</strong></span> <span class='ocrx_word' id='word_1_9' title='bbox 619 251 745 290; x_wconf 88' lang='lat' dir='ltr'><strong>atque</strong></span> <span class='ocrx_word' id='word_1_10' title='bbox 771 245 1026 291; x_wconf 85' lang='lat' dir='ltr'><strong>pavimentis</strong></span> <span class='ocrx_word' id='word_1_11' title='bbox 1053 244 1256 279; x_wconf 79' lang='lat' dir='ltr'><strong>Poenicis</strong></span> <span class='ocrx_word' id='word_1_12' title='bbox 1283 252 1401 281; x_wconf 86' lang='lat' dir='ltr'><strong>stent.</strong></span> <span class='ocrx_word' id='word_1_13' title='bbox 1456 249 1633 283; x_wconf 90' lang='lat' dir='ltr'><strong>Prolato</strong></span> <span class='ocrx_word' id='word_1_14' title='bbox 1661 260 1757 282; x_wconf 84' lang='lat' dir='ltr'><strong>aere</strong></span> <span class='ocrx_word' id='word_1_15' title='bbox 1783 249 1883 281; x_wconf 85' lang='lat' dir='ltr'><strong>asti-</strong></span> 
     </span>
    </p>

    <p class='ocr_par' dir='ltr' id='par_1_3' title="bbox 106 295 2055 448">
     <span class='ocr_line' id='line_1_3' title="bbox 106 295 2055 357; baseline -0.002 -22"><span class='ocrx_word' id='word_1_16' title='bbox 106 302 177 342; x_wconf 85' lang='lat' dir='ltr'><strong>tit,</strong></span> <span class='ocrx_word' id='word_1_17' title='bbox 203 300 330 333; x_wconf 83' lang='lat' dir='ltr'><strong>Ennius</strong></span> <span class='ocrx_word' id='word_1_18' title='bbox 351 297 507 332; x_wconf 87' lang='lat' dir='ltr'><strong>Achillae</strong></span> <span class='ocrx_word' id='word_1_19' title='bbox 533 298 565 331; x_wconf 93' lang='lat' dir='ltr'><strong>in</strong></span> <span class='ocrx_word' id='word_1_20' title='bbox 589 298 794 332; x_wconf 77' lang='lat' dir='ltr'><strong>Aristarchi*</strong></span> <span class='ocrx_word' id='word_1_21' title='bbox 817 308 892 332; x_wconf 92' lang='lat' dir='ltr'><strong>cum</strong></span> <span class='ocrx_word' id='word_1_22' title='bbox 920 297 979 337; x_wconf 79' lang='lat' dir='ltr'><strong>ait,</strong></span> <span class='ocrx_word' id='word_1_23' title='bbox 1007 295 1173 340; x_wconf 83' lang='lat' dir='ltr'><strong>significat</strong></span> <span class='ocrx_word' id='word_1_24' title='bbox 1200 297 1322 342; x_wconf 83' lang='lat' dir='ltr'><strong>clypeo</strong></span> <span class='ocrx_word' id='word_1_25' title='bbox 1350 305 1424 332; x_wconf 89' lang='lat' dir='ltr'><strong>ante</strong></span> <span class='ocrx_word' id='word_1_26' title='bbox 1450 312 1485 333; x_wconf 84' lang='lat' dir='ltr'><strong>se</strong></span> <span class='ocrx_word' id='word_1_27' title='bbox 1511 305 1678 346; x_wconf 83' lang='lat' dir='ltr'><strong>protento,</strong></span> <span class='ocrx_word' id='word_1_28' title='bbox 1731 300 1882 333; x_wconf 90' lang='lat' dir='ltr'><strong>Poeni-</strong></span> <span class='ocrx_word' id='word_1_29' title='bbox 1892 296 2055 357; x_wconf 39' lang='lat' dir='ltr'><strong>{afficiare</strong></span> 
     </span>
     <span class='ocr_line' id='line_1_4' title="bbox 107 334 2055 400; baseline -0.001 -14"><span class='ocrx_word' id='word_1_30' title='bbox 107 354 211 386; x_wconf 83' lang='lat' dir='ltr'><strong>tam*</strong></span> <span class='ocrx_word' id='word_1_31' title='bbox 233 352 366 384; x_wconf 81' lang='lat' dir='ltr'><strong>offam</strong></span> <span class='ocrx_word' id='word_1_32' title='bbox 388 350 531 383; x_wconf 81' lang='lat' dir='ltr'><strong>Naevius</strong></span> <span class='ocrx_word' id='word_1_33' title='bbox 559 350 710 394; x_wconf 86' lang='lat' dir='ltr'><strong>appellat</strong></span> <span class='ocrx_word' id='word_1_34' title='bbox 737 351 919 395; x_wconf 77' lang='lat' dir='ltr'>absegmen</span> <span class='ocrx_word' id='word_1_35' title='bbox 946 348 1051 382; x_wconf 85' lang='lat' dir='ltr'><strong>carnis</strong></span> <span class='ocrx_word' id='word_1_36' title='bbox 1078 359 1153 382; x_wconf 90' lang='lat' dir='ltr'><strong>cum</strong></span> <span class='ocrx_word' id='word_1_37' title='bbox 1181 349 1278 382; x_wconf 85' lang='lat' dir='ltr'><strong>coda.</strong></span> <span class='ocrx_word' id='word_1_38' title='bbox 1305 351 1427 394; x_wconf 87' lang='lat' dir='ltr'><strong>antiqui</strong></span> <span class='ocrx_word' id='word_1_39' title='bbox 1455 357 1562 386; x_wconf 87' lang='lat' dir='ltr'><strong>autem</strong></span> <span class='ocrx_word' id='word_1_40' title='bbox 1591 352 1694 386; x_wconf 82' lang='lat' dir='ltr'><strong>offam</strong></span> <span class='ocrx_word' id='word_1_41' title='bbox 1717 334 2055 400; x_wconf 47' lang='lat' dir='ltr'><strong>vocabant-gnsstefffsigfn</strong></span> 
     </span>
     <span class='ocr_line' id='line_1_5' title="bbox 107 399 1882 448; baseline -0.001 -10"><span class='ocrx_word' id='word_1_42' title='bbox 107 404 271 438; x_wconf 83' lang='lat' dir='ltr'><strong>abscisum</strong></span> <span class='ocrx_word' id='word_1_43' title='bbox 298 402 394 448; x_wconf 82' lang='lat' dir='ltr'><strong>globi</strong></span> <span class='ocrx_word' id='word_1_44' title='bbox 421 402 528 434; x_wconf 82' lang='lat' dir='ltr'><strong>forma</strong></span> <span class='ocrx_word' id='word_1_45' title='bbox 555 407 591 434; x_wconf 91' lang='lat' dir='ltr'><strong>ut</strong></span> <span class='ocrx_word' id='word_1_46' title='bbox 617 412 717 435; x_wconf 83' lang='lat' dir='ltr'><strong>manu</strong></span> <span class='ocrx_word' id='word_1_47' title='bbox 744 403 963 446; x_wconf 82' lang='lat' dir='ltr'><strong>glomeratam</strong></span> <span class='ocrx_word' id='word_1_48' title='bbox 991 399 1129 444; x_wconf 86' lang='lat' dir='ltr'><strong>pultem.</strong></span> <span class='ocrx_word' id='word_1_49' title='bbox 1186 401 1388 435; x_wconf 81' lang='lat' dir='ltr'><strong>Privatae</strong></span> <span class='ocrx_word' id='word_1_50' title='bbox 1425 402 1558 438; x_wconf 83' lang='lat' dir='ltr'><strong>feriae</strong></span> <span class='ocrx_word' id='word_1_51' title='bbox 1584 409 1743 437; x_wconf 89' lang='lat' dir='ltr'><strong>vocantur</strong></span> <span class='ocrx_word' id='word_1_52' title='bbox 1768 413 1882 437; x_wconf 82' lang='lat' dir='ltr'><strong>sacro-</strong></span> 
     </span>
    </p>

    <p class='ocr_par' dir='ltr' id='par_1_4' title="bbox 107 451 1884 500">
     <span class='ocr_line' id='line_1_6' title="bbox 107 451 1884 500; baseline -0.001 -11"><span class='ocrx_word' id='word_1_53' title='bbox 107 467 180 489; x_wconf 88' lang='lat' dir='ltr'><strong>rum</strong></span> <span class='ocrx_word' id='word_1_54' title='bbox 210 455 444 500; x_wconf 76' lang='lat' dir='ltr'><strong>propriorum,</strong></span> <span class='ocrx_word' id='word_1_55' title='bbox 489 453 582 486; x_wconf 83' lang='lat' dir='ltr'><strong>velut</strong></span> <span class='ocrx_word' id='word_1_56' title='bbox 607 453 675 486; x_wconf 85' lang='lat' dir='ltr'><strong>dies</strong></span> <span class='ocrx_word' id='word_1_57' title='bbox 703 453 844 493; x_wconf 77' lang='lat' dir='ltr'>natales,</span> <span class='ocrx_word' id='word_1_58' title='bbox 890 451 1109 496; x_wconf 85' lang='lat' dir='ltr'><strong>operationis,</strong></span> <span class='ocrx_word' id='word_1_59' title='bbox 1154 451 1340 486; x_wconf 79' lang='lat' dir='ltr'>denecales.</span> <span class='ocrx_word' id='word_1_60' title='bbox 1398 454 1657 489; x_wconf 83' lang='lat' dir='ltr'><strong>Pronubae³</strong></span> <span class='ocrx_word' id='word_1_61' title='bbox 1684 454 1884 488; x_wconf 77' lang='lat' dir='ltr'><strong>adhibentur</strong></span> 
     </span>
    </p>

    <p class='ocr_par' dir='ltr' id='par_1_5' title="bbox 108 503 2055 2099">
     <span class='ocr_line' id='line_1_7' title="bbox 108 503 2044 552; baseline -0.001 -12"><span class='ocrx_word' id='word_1_62' title='bbox 108 507 229 552; x_wconf 82' lang='lat' dir='ltr'><strong>nuptiis</strong></span> <span class='ocrx_word' id='word_1_63' title='bbox 262 517 348 550; x_wconf 87' lang='lat' dir='ltr'><strong>quae</strong></span> <span class='ocrx_word' id='word_1_64' title='bbox 382 504 485 538; x_wconf 82' lang='lat' dir='ltr'><strong>semel</strong></span> <span class='ocrx_word' id='word_1_65' title='bbox 519 509 720 549; x_wconf 80' lang='lat' dir='ltr'><strong>nupserunt,</strong></span> <span class='ocrx_word' id='word_1_66' title='bbox 767 510 803 537; x_wconf 87' lang='lat' dir='ltr'><strong>ut</strong></span> <span class='ocrx_word' id='word_1_67' title='bbox 837 503 1046 536; x_wconf 87' lang='lat' dir='ltr'><strong>matrimonia</strong></span> <span class='ocrx_word' id='word_1_68' title='bbox 1078 505 1337 547; x_wconf 80' lang='lat' dir='ltr'><strong>paupertatem*</strong></span> <span class='ocrx_word' id='word_1_69' title='bbox 1361 506 1573 549; x_wconf 79' lang='lat' dir='ltr'><strong>auspicantes.</strong></span> <span class='ocrx_word' id='word_1_70' title='bbox 1639 503 2044 544; x_wconf 67' lang='lat' dir='ltr'><strong>Pudicitiae’f·,31mtri-</strong></span> 
     </span>
     <span class='ocr_line' id='line_1_8' title="bbox 108 546 2055 607; baseline -0.002 -15"><span class='ocrx_word' id='word_1_71' title='bbox 108 559 239 604; x_wconf 87' lang='lat' dir='ltr'><strong>siguum</strong></span> <span class='ocrx_word' id='word_1_72' title='bbox 265 559 298 590; x_wconf 91' lang='lat' dir='ltr'><strong>in</strong></span> <span class='ocrx_word' id='word_1_73' title='bbox 325 557 401 589; x_wconf 86' lang='lat' dir='ltr'><strong>foro</strong></span> <span class='ocrx_word' id='word_1_74' title='bbox 427 556 572 589; x_wconf 88' lang='lat' dir='ltr'><strong>Bovario</strong></span> <span class='ocrx_word' id='word_1_75' title='bbox 601 562 667 596; x_wconf 77' lang='lat' dir='ltr'><strong>est,</strong></span> <span class='ocrx_word' id='word_1_76' title='bbox 692 556 750 589; x_wconf 92' lang='lat' dir='ltr'><strong>ubi</strong></span> <span class='ocrx_word' id='word_1_77' title='bbox 776 556 945 589; x_wconf 83' lang='lat' dir='ltr'><strong>familiana</strong></span> <span class='ocrx_word' id='word_1_78' title='bbox 971 554 1148 588; x_wconf 55' lang='lat' dir='ltr'><strong>aedisset*</strong></span> <span class='ocrx_word' id='word_1_79' title='bbox 1168 556 1332 591; x_wconf 86' lang='lat' dir='ltr'><strong>Herculis.</strong></span> <span class='ocrx_word' id='word_1_80' title='bbox 1360 567 1432 589; x_wconf 87' lang='lat' dir='ltr'><strong>eam</strong></span> <span class='ocrx_word' id='word_1_81' title='bbox 1460 558 1594 601; x_wconf 88' lang='lat' dir='ltr'><strong>quidam</strong></span> <span class='ocrx_word' id='word_1_82' title='bbox 1617 558 1786 591; x_wconf 88' lang='lat' dir='ltr'><strong>Fortunae</strong></span> <span class='ocrx_word' id='word_1_83' title='bbox 1812 569 1881 591; x_wconf 87' lang='lat' dir='ltr'><strong>esse</strong></span> <span class='ocrx_word' id='word_1_84' title='bbox 1891 546 2055 607; x_wconf 47' lang='lat' dir='ltr'><strong>ffssffltatssffi&#39;</strong></span> 
     </span>
     <span class='ocr_line' id='line_1_9' title="bbox 109 605 2038 658; baseline -0.002 -15"><span class='ocrx_word' id='word_1_85' title='bbox 109 610 301 644; x_wconf 83' lang='lat' dir='ltr'><strong>existimant.</strong></span> <span class='ocrx_word' id='word_1_86' title='bbox 355 608 437 640; x_wconf 88' lang='lat' dir='ltr'><strong>Item</strong></span> <span class='ocrx_word' id='word_1_87' title='bbox 464 608 517 640; x_wconf 88' lang='lat' dir='ltr'><strong>via</strong></span> <span class='ocrx_word' id='word_1_88' title='bbox 543 608 661 640; x_wconf 87' lang='lat' dir='ltr'><strong>Latina</strong></span> <span class='ocrx_word' id='word_1_89' title='bbox 689 608 732 641; x_wconf 82' lang='lat' dir='ltr'><strong>ad</strong></span> <span class='ocrx_word' id='word_1_90' title='bbox 759 607 934 640; x_wconf 87' lang='lat' dir='ltr'><strong>miliarium</strong></span> <span class='ocrx_word' id='word_1_91' title='bbox 961 606 1040 645; x_wconf 80' lang='lat' dir='ltr'><strong>illi†</strong></span> <span class='ocrx_word' id='word_1_92' title='bbox 1065 606 1234 640; x_wconf 84' lang='lat' dir='ltr'><strong>Fortunae</strong></span> <span class='ocrx_word' id='word_1_93' title='bbox 1261 608 1455 652; x_wconf 81' lang='lat' dir='ltr'><strong>Muliebris,</strong></span> <span class='ocrx_word' id='word_1_94' title='bbox 1491 605 1616 658; x_wconf 69' lang='lat' dir='ltr'><strong>nefasn</strong></span> <span class='ocrx_word' id='word_1_95' title='bbox 1634 615 1681 643; x_wconf 88' lang='lat' dir='ltr'><strong>est</strong></span> <span class='ocrx_word' id='word_1_96' title='bbox 1708 613 1759 642; x_wconf 88' lang='lat' dir='ltr'><strong>at-</strong></span> <span class='ocrx_word' id='word_1_97' title='bbox 1801 607 1880 655; x_wconf 83' lang='lat'>[53]</span> <span class='ocrx_word' id='word_1_98' title='bbox 1909 606 2038 633; x_wconf 64' lang='lat' dir='ltr'><strong>&#39;‘taedia</strong></span> 
     </span>
     <span class='ocr_line' id='line_1_10' title="bbox 108 645 2032 708; baseline 0 -14"><span class='ocrx_word' id='word_1_99' title='bbox 108 662 211 706; x_wconf 84' lang='lat' dir='ltr'><strong>tingi,</strong></span> <span class='ocrx_word' id='word_1_100' title='bbox 239 661 299 693; x_wconf 83' lang='lat' dir='ltr'><strong>nisi</strong></span> <span class='ocrx_word' id='word_1_101' title='bbox 328 660 370 692; x_wconf 90' lang='lat' dir='ltr'><strong>ab</strong></span> <span class='ocrx_word' id='word_1_102' title='bbox 398 671 452 700; x_wconf 82' lang='lat' dir='ltr'><strong>ea,</strong></span> <span class='ocrx_word' id='word_1_103' title='bbox 488 670 575 702; x_wconf 88' lang='lat' dir='ltr'><strong>quae</strong></span> <span class='ocrx_word' id='word_1_104' title='bbox 600 660 705 693; x_wconf 88' lang='lat' dir='ltr'><strong>semel</strong></span> <span class='ocrx_word' id='word_1_105' title='bbox 732 659 850 704; x_wconf 83' lang='lat' dir='ltr'><strong>nupsit.</strong></span> <span class='ocrx_word' id='word_1_106' title='bbox 904 658 1078 691; x_wconf 86' lang='lat' dir='ltr'><strong>Patrimi</strong></span> <span class='ocrx_word' id='word_1_107' title='bbox 1105 663 1145 691; x_wconf 85' lang='lat' dir='ltr'><strong>et</strong></span> <span class='ocrx_word' id='word_1_108' title='bbox 1172 659 1360 692; x_wconf 83' lang='lat' dir='ltr'><strong>matrimi</strong></span> <span class='ocrx_word' id='word_1_109' title='bbox 1385 660 1481 704; x_wconf 90' lang='lat' dir='ltr'><strong>pueri</strong></span> <span class='ocrx_word' id='word_1_110' title='bbox 1506 661 1702 706; x_wconf 80' lang='lat' dir='ltr'><strong>praetextati</strong></span> <span class='ocrx_word' id='word_1_111' title='bbox 1727 666 1794 694; x_wconf 83' lang='lat' dir='ltr'><strong>tres</strong></span> <span class='ocrx_word' id='word_1_112' title='bbox 1820 671 1882 693; x_wconf 76' lang='lat' dir='ltr'><strong>nu·</strong></span> <span class='ocrx_word' id='word_1_113' title='bbox 1908 645 2032 708; x_wconf 49' lang='lat' dir='ltr'><strong>†f.e⁸1t111.</strong></span> 
     </span>
     <span class='ocr_line' id='line_1_11' title="bbox 109 710 1883 755; baseline -0.001 -10"><span class='ocrx_word' id='word_1_114' title='bbox 109 714 245 745; x_wconf 86' lang='lat' dir='ltr'><strong>bentem</strong></span> <span class='ocrx_word' id='word_1_115' title='bbox 271 711 458 749; x_wconf 86' lang='lat' dir='ltr'><strong>deducunt;</strong></span> <span class='ocrx_word' id='word_1_116' title='bbox 502 722 599 753; x_wconf 78' lang='lat' dir='ltr'><strong>unus,</strong></span> <span class='ocrx_word' id='word_1_117' title='bbox 636 711 692 754; x_wconf 88' lang='lat' dir='ltr'><strong>qui</strong></span> <span class='ocrx_word' id='word_1_118' title='bbox 719 711 827 744; x_wconf 83' lang='lat' dir='ltr'><strong>facem</strong></span> <span class='ocrx_word' id='word_1_119' title='bbox 855 710 1001 755; x_wconf 82' lang='lat' dir='ltr'><strong>praefert</strong></span> <span class='ocrx_word' id='word_1_120' title='bbox 1028 721 1067 742; x_wconf 84' lang='lat' dir='ltr'><strong>ex</strong></span> <span class='ocrx_word' id='word_1_121' title='bbox 1094 710 1189 754; x_wconf 81' lang='lat' dir='ltr'><strong>spina</strong></span> <span class='ocrx_word' id='word_1_122' title='bbox 1215 711 1310 752; x_wconf 86' lang='lat' dir='ltr'><strong>alba,</strong></span> <span class='ocrx_word' id='word_1_123' title='bbox 1347 711 1426 754; x_wconf 85' lang='lat' dir='ltr'><strong>quia</strong></span> <span class='ocrx_word' id='word_1_124' title='bbox 1451 718 1552 746; x_wconf 90' lang='lat' dir='ltr'><strong>noctu</strong></span> <span class='ocrx_word' id='word_1_125' title='bbox 1578 713 1761 751; x_wconf 89' lang='lat' dir='ltr'><strong>nubebant;</strong></span> <span class='ocrx_word' id='word_1_126' title='bbox 1803 711 1883 755; x_wconf 81' lang='lat' dir='ltr'><strong>duo,</strong></span> 
     </span>
     <span class='ocr_line' id='line_1_12' title="bbox 109 761 1885 808; baseline -0.001 -11"><span class='ocrx_word' id='word_1_127' title='bbox 109 765 166 808; x_wconf 91' lang='lat' dir='ltr'><strong>qui</strong></span> <span class='ocrx_word' id='word_1_128' title='bbox 192 769 303 796; x_wconf 87' lang='lat' dir='ltr'><strong>tenent</strong></span> <span class='ocrx_word' id='word_1_129' title='bbox 328 763 516 796; x_wconf 82' lang='lat' dir='ltr'><strong>nubentem.</strong></span> <span class='ocrx_word' id='word_1_130' title='bbox 570 763 753 796; x_wconf 88' lang='lat' dir='ltr'><strong>Pilentis</strong></span> <span class='ocrx_word' id='word_1_131' title='bbox 781 767 820 796; x_wconf 86' lang='lat' dir='ltr'><strong>et</strong></span> <span class='ocrx_word' id='word_1_132' title='bbox 847 761 1067 806; x_wconf 83' lang='lat' dir='ltr'><strong>carpentis</strong></span> <span class='ocrx_word' id='word_1_133' title='bbox 1093 773 1156 806; x_wconf 86' lang='lat' dir='ltr'><strong>per</strong></span> <span class='ocrx_word' id='word_1_134' title='bbox 1181 763 1299 795; x_wconf 83' lang='lat' dir='ltr'><strong>urbem</strong></span> <span class='ocrx_word' id='word_1_135' title='bbox 1326 762 1406 796; x_wconf 84' lang='lat' dir='ltr'><strong>vehi</strong></span> <span class='ocrx_word' id='word_1_136' title='bbox 1432 764 1587 797; x_wconf 88' lang='lat' dir='ltr'><strong>matronis</strong></span> <span class='ocrx_word' id='word_1_137' title='bbox 1613 773 1804 799; x_wconf 85' lang='lat' dir='ltr'><strong>concessum</strong></span> <span class='ocrx_word' id='word_1_138' title='bbox 1827 767 1885 806; x_wconf 80' lang='lat' dir='ltr'><strong>est,</strong></span> 
     </span>
     <span class='ocr_line' id='line_1_13' title="bbox 109 813 1885 860; baseline -0.001 -12"><span class='ocrx_word' id='word_1_139' title='bbox 109 815 202 860; x_wconf 86' lang='lat' dir='ltr'><strong>quod</strong></span> <span class='ocrx_word' id='word_1_140' title='bbox 230 826 305 850; x_wconf 92' lang='lat' dir='ltr'><strong>cum</strong></span> <span class='ocrx_word' id='word_1_141' title='bbox 333 825 450 848; x_wconf 87' lang='lat' dir='ltr'><strong>aurum</strong></span> <span class='ocrx_word' id='word_1_142' title='bbox 478 826 543 847; x_wconf 88' lang='lat' dir='ltr'><strong>non</strong></span> <span class='ocrx_word' id='word_1_143' title='bbox 577 815 794 860; x_wconf 79' lang='lat' dir='ltr'><strong>reperiretur,</strong></span> <span class='ocrx_word' id='word_1_144' title='bbox 840 825 879 846; x_wconf 85' lang='lat' dir='ltr'><strong>ex</strong></span> <span class='ocrx_word' id='word_1_145' title='bbox 904 818 1002 854; x_wconf 87' lang='lat' dir='ltr'><strong>voto,</strong></span> <span class='ocrx_word' id='word_1_146' title='bbox 1047 814 1140 857; x_wconf 90' lang='lat' dir='ltr'><strong>quod</strong></span> <span class='ocrx_word' id='word_1_147' title='bbox 1168 813 1331 848; x_wconf 85' lang='lat' dir='ltr'><strong>Camillus</strong></span> <span class='ocrx_word' id='word_1_148' title='bbox 1365 820 1502 848; x_wconf 86' lang='lat' dir='ltr'><strong>voverat</strong></span> <span class='ocrx_word' id='word_1_149' title='bbox 1528 815 1677 860; x_wconf 87' lang='lat' dir='ltr'><strong>Apollini</strong></span> <span class='ocrx_word' id='word_1_150' title='bbox 1703 814 1885 860; x_wconf 81' lang='lat' dir='ltr'><strong>Delphico,</strong></span> 
     </span>
     <span class='ocr_line' id='line_1_14' title="bbox 110 865 1885 912; baseline -0.001 -11"><span class='ocrx_word' id='word_1_151' title='bbox 110 867 329 901; x_wconf 84' lang='lat' dir='ltr'><strong>contulerunt.</strong></span> <span class='ocrx_word' id='word_1_152' title='bbox 391 866 528 899; x_wconf 86' lang='lat' dir='ltr'><strong>Prima</strong></span> <span class='ocrx_word' id='word_1_153' title='bbox 555 870 611 899; x_wconf 90' lang='lat' dir='ltr'><strong>aut</strong></span> <span class='ocrx_word' id='word_1_154' title='bbox 637 866 782 900; x_wconf 82' lang='lat' dir='ltr'><strong>secunda</strong></span> <span class='ocrx_word' id='word_1_155' title='bbox 808 865 895 898; x_wconf 86' lang='lat' dir='ltr'><strong>hora</strong></span> <span class='ocrx_word' id='word_1_156' title='bbox 922 865 1068 898; x_wconf 76' lang='lat' dir='ltr'><strong>ducant*</strong></span> <span class='ocrx_word' id='word_1_157' title='bbox 1090 866 1298 911; x_wconf 85' lang='lat' dir='ltr'><strong>sponsalibus</strong></span> <span class='ocrx_word' id='word_1_158' title='bbox 1325 866 1443 899; x_wconf 87' lang='lat' dir='ltr'><strong>ominis</strong></span> <span class='ocrx_word' id='word_1_159' title='bbox 1471 877 1586 908; x_wconf 80' lang='lat' dir='ltr'><strong>causa,</strong></span> <span class='ocrx_word' id='word_1_160' title='bbox 1631 872 1666 900; x_wconf 91' lang='lat' dir='ltr'><strong>ut</strong></span> <span class='ocrx_word' id='word_1_161' title='bbox 1692 867 1818 912; x_wconf 78' lang='lat' dir='ltr'><strong>optima</strong></span> <span class='ocrx_word' id='word_1_162' title='bbox 1845 876 1885 900; x_wconf 88' lang='lat' dir='ltr'><strong>ac</strong></span> 
     </span>
     <span class='ocr_line' id='line_1_15' title="bbox 109 917 1886 962; baseline -0.001 -11"><span class='ocrx_word' id='word_1_163' title='bbox 109 919 344 952; x_wconf 86' lang='lat' dir='ltr'><strong>secundissima</strong></span> <span class='ocrx_word' id='word_1_164' title='bbox 370 918 530 951; x_wconf 88' lang='lat' dir='ltr'><strong>eveniant.</strong></span> <span class='ocrx_word' id='word_1_165' title='bbox 586 918 887 951; x_wconf 80' lang='lat' dir='ltr'><strong>Praetextum*</strong></span> <span class='ocrx_word' id='word_1_166' title='bbox 913 927 1098 950; x_wconf 86' lang='lat' dir='ltr'><strong>sermonem</strong></span> <span class='ocrx_word' id='word_1_167' title='bbox 1126 917 1262 961; x_wconf 86' lang='lat' dir='ltr'><strong>quidam</strong></span> <span class='ocrx_word' id='word_1_168' title='bbox 1290 922 1407 962; x_wconf 86' lang='lat' dir='ltr'><strong>putant</strong></span> <span class='ocrx_word' id='word_1_169' title='bbox 1433 918 1518 961; x_wconf 86' lang='lat' dir='ltr'><strong>dici,</strong></span> <span class='ocrx_word' id='word_1_170' title='bbox 1560 918 1652 962; x_wconf 90' lang='lat' dir='ltr'><strong>quod</strong></span> <span class='ocrx_word' id='word_1_171' title='bbox 1679 918 1886 962; x_wconf 84' lang='lat' dir='ltr'><strong>praetextatis</strong></span> 
     </span>
     <span class='ocr_line' id='line_1_16' title="bbox 110 968 1887 1015; baseline 0 -12"><span class='ocrx_word' id='word_1_172' title='bbox 110 970 202 1003; x_wconf 83' lang='lat' dir='ltr'><strong>nefas</strong></span> <span class='ocrx_word' id='word_1_173' title='bbox 230 970 269 1003; x_wconf 86' lang='lat' dir='ltr'><strong>sit</strong></span> <span class='ocrx_word' id='word_1_174' title='bbox 296 970 444 1003; x_wconf 88' lang='lat' dir='ltr'><strong>obsceno</strong></span> <span class='ocrx_word' id='word_1_175' title='bbox 471 969 576 1002; x_wconf 79' lang='lat' dir='ltr'><strong>verbo</strong></span> <span class='ocrx_word' id='word_1_176' title='bbox 607 971 664 1005; x_wconf 84' lang='lat' dir='ltr'><strong>uti.</strong></span> <span class='ocrx_word' id='word_1_177' title='bbox 700 969 768 1002; x_wconf 79' lang='lat' dir='ltr'><strong>ali*</strong></span> <span class='ocrx_word' id='word_1_178' title='bbox 791 968 883 1012; x_wconf 88' lang='lat' dir='ltr'><strong>quod</strong></span> <span class='ocrx_word' id='word_1_179' title='bbox 910 968 1106 1002; x_wconf 85' lang='lat' dir='ltr'><strong>nubentibus</strong></span> <span class='ocrx_word' id='word_1_180' title='bbox 1133 969 1292 1014; x_wconf 84' lang='lat' dir='ltr'><strong>depositis</strong></span> <span class='ocrx_word' id='word_1_181' title='bbox 1318 970 1495 1015; x_wconf 82' lang='lat' dir='ltr'><strong>praetextis</strong></span> <span class='ocrx_word' id='word_1_182' title='bbox 1521 981 1541 1002; x_wconf 88' lang='lat' dir='ltr'><strong>a</strong></span> <span class='ocrx_word' id='word_1_183' title='bbox 1566 969 1774 1003; x_wconf 81' lang='lat' dir='ltr'><strong>multitudine</strong></span> <span class='ocrx_word' id='word_1_184' title='bbox 1799 981 1887 1014; x_wconf 87' lang='lat' dir='ltr'><strong>pue-</strong></span> 
     </span>
     <span class='ocr_line' id='line_1_17' title="bbox 109 1020 1887 1066; baseline -0.001 -11"><span class='ocrx_word' id='word_1_185' title='bbox 109 1033 222 1055; x_wconf 87' lang='lat' dir='ltr'><strong>rorum</strong></span> <span class='ocrx_word' id='word_1_186' title='bbox 254 1022 398 1055; x_wconf 82' lang='lat' dir='ltr'><strong>obscena</strong></span> <span class='ocrx_word' id='word_1_187' title='bbox 434 1021 625 1054; x_wconf 81' lang='lat' dir='ltr'><strong>clamentur.</strong></span> <span class='ocrx_word' id='word_1_188' title='bbox 686 1020 925 1054; x_wconf 84' lang='lat' dir='ltr'><strong>Palatualis</strong></span> <span class='ocrx_word' id='word_1_189' title='bbox 952 1020 1126 1054; x_wconf 88' lang='lat' dir='ltr'><strong>Flamen</strong></span> <span class='ocrx_word' id='word_1_190' title='bbox 1159 1021 1352 1054; x_wconf 86' lang='lat' dir='ltr'><strong>constitutus</strong></span> <span class='ocrx_word' id='word_1_191' title='bbox 1384 1026 1449 1066; x_wconf 84' lang='lat' dir='ltr'><strong>est,</strong></span> <span class='ocrx_word' id='word_1_192' title='bbox 1498 1021 1590 1065; x_wconf 87' lang='lat' dir='ltr'><strong>quod</strong></span> <span class='ocrx_word' id='word_1_193' title='bbox 1624 1021 1656 1053; x_wconf 89' lang='lat' dir='ltr'><strong>in</strong></span> <span class='ocrx_word' id='word_1_194' title='bbox 1690 1021 1792 1054; x_wconf 82' lang='lat' dir='ltr'><strong>tutela</strong></span> <span class='ocrx_word' id='word_1_195' title='bbox 1820 1021 1887 1054; x_wconf 86' lang='lat' dir='ltr'><strong>eius</strong></span> 
     </span>
     <span class='ocr_line' id='line_1_18' title="bbox 111 1072 1887 1118; baseline -0.001 -12"><span class='ocrx_word' id='word_1_196' title='bbox 111 1074 196 1106; x_wconf 84' lang='lat' dir='ltr'><strong>deae</strong></span> <span class='ocrx_word' id='word_1_197' title='bbox 221 1073 386 1106; x_wconf 69' lang='lat' dir='ltr'><strong>Palatium</strong></span> <span class='ocrx_word' id='word_1_198' title='bbox 413 1077 469 1106; x_wconf 81' lang='lat' dir='ltr'><strong>est.</strong></span> <span class='ocrx_word' id='word_1_199' title='bbox 528 1073 731 1106; x_wconf 81' lang='lat' dir='ltr'><strong>Portenta</strong></span> <span class='ocrx_word' id='word_1_200' title='bbox 759 1072 982 1105; x_wconf 79' lang='lat' dir='ltr'><strong>existimarunt</strong></span> <span class='ocrx_word' id='word_1_201' title='bbox 1007 1072 1143 1116; x_wconf 86' lang='lat' dir='ltr'><strong>quidam</strong></span> <span class='ocrx_word' id='word_1_202' title='bbox 1171 1073 1286 1118; x_wconf 87' lang='lat' dir='ltr'><strong>gravia</strong></span> <span class='ocrx_word' id='word_1_203' title='bbox 1314 1085 1401 1114; x_wconf 85' lang='lat' dir='ltr'><strong>esse,</strong></span> <span class='ocrx_word' id='word_1_204' title='bbox 1444 1077 1572 1106; x_wconf 83' lang='lat' dir='ltr'><strong>ostenta</strong></span> <span class='ocrx_word' id='word_1_205' title='bbox 1597 1073 1696 1106; x_wconf 88' lang='lat' dir='ltr'><strong>bona.</strong></span> <span class='ocrx_word' id='word_1_206' title='bbox 1725 1073 1779 1105; x_wconf 87' lang='lat' dir='ltr'><strong>alii</strong></span> <span class='ocrx_word' id='word_1_207' title='bbox 1805 1083 1887 1117; x_wconf 89' lang='lat' dir='ltr'><strong>por-</strong></span> 
     </span>
     <span class='ocr_line' id='line_1_19' title="bbox 109 1123 1885 1170; baseline -0.001 -12"><span class='ocrx_word' id='word_1_208' title='bbox 109 1130 201 1158; x_wconf 85' lang='lat' dir='ltr'><strong>tenta</strong></span> <span class='ocrx_word' id='word_1_209' title='bbox 228 1125 394 1169; x_wconf 78' lang='lat' dir='ltr'><strong>quaedam</strong></span> <span class='ocrx_word' id='word_1_210' title='bbox 421 1125 527 1165; x_wconf 77' lang='lat' dir='ltr'><strong>bona,</strong></span> <span class='ocrx_word' id='word_1_211' title='bbox 571 1129 697 1157; x_wconf 88' lang='lat' dir='ltr'><strong>ostenta</strong></span> <span class='ocrx_word' id='word_1_212' title='bbox 723 1123 890 1168; x_wconf 85' lang='lat' dir='ltr'><strong>quaedam</strong></span> <span class='ocrx_word' id='word_1_213' title='bbox 915 1123 1017 1156; x_wconf 89' lang='lat' dir='ltr'><strong>tristia</strong></span> <span class='ocrx_word' id='word_1_214' title='bbox 1043 1125 1218 1170; x_wconf 84' lang='lat' dir='ltr'><strong>appellari.</strong></span> <span class='ocrx_word' id='word_1_215' title='bbox 1251 1130 1426 1170; x_wconf 79' lang='lat' dir='ltr'><strong>portenta,</strong></span> <span class='ocrx_word' id='word_1_216' title='bbox 1465 1136 1551 1169; x_wconf 89' lang='lat' dir='ltr'><strong>quae</strong></span> <span class='ocrx_word' id='word_1_217' title='bbox 1577 1124 1659 1168; x_wconf 90' lang='lat' dir='ltr'><strong>quid</strong></span> <span class='ocrx_word' id='word_1_218' title='bbox 1686 1135 1788 1168; x_wconf 86' lang='lat' dir='ltr'><strong>porro</strong></span> <span class='ocrx_word' id='word_1_219' title='bbox 1814 1129 1885 1156; x_wconf 86' lang='lat' dir='ltr'><strong>ten·</strong></span> 
     </span>
     <span class='ocr_line' id='line_1_20' title="bbox 111 1175 1887 1222; baseline -0.001 -13"><span class='ocrx_word' id='word_1_220' title='bbox 111 1176 225 1213; x_wconf 80' lang='lat' dir='ltr'><strong>datur,</strong></span> <span class='ocrx_word' id='word_1_221' title='bbox 252 1176 417 1214; x_wconf 76' lang='lat' dir='ltr'><strong>indicent;</strong></span> <span class='ocrx_word' id='word_1_222' title='bbox 446 1180 590 1217; x_wconf 83' lang='lat' dir='ltr'><strong>ostenta,</strong></span> <span class='ocrx_word' id='word_1_223' title='bbox 618 1187 705 1220; x_wconf 85' lang='lat' dir='ltr'><strong>quae</strong></span> <span class='ocrx_word' id='word_1_224' title='bbox 731 1175 964 1209; x_wconf 88' lang='lat' dir='ltr'><strong>tantummodo</strong></span> <span class='ocrx_word' id='word_1_225' title='bbox 993 1177 1168 1209; x_wconf 88' lang='lat' dir='ltr'><strong>ostendant</strong></span> <span class='ocrx_word' id='word_1_226' title='bbox 1194 1182 1357 1216; x_wconf 78' lang='lat' dir='ltr'><strong>monstra3</strong></span> <span class='ocrx_word' id='word_1_227' title='bbox 1384 1177 1592 1222; x_wconf 86' lang='lat' dir='ltr'><strong>praecipiant</strong></span> <span class='ocrx_word' id='word_1_228' title='bbox 1618 1186 1752 1219; x_wconf 90' lang='lat' dir='ltr'><strong>quoque</strong></span> <span class='ocrx_word' id='word_1_229' title='bbox 1778 1186 1887 1208; x_wconf 87' lang='lat' dir='ltr'><strong>reme-</strong></span> 
     </span>
     <span class='ocr_line' id='line_1_21' title="bbox 111 1226 1888 1273; baseline -0.001 -12"><span class='ocrx_word' id='word_1_230' title='bbox 111 1229 176 1261; x_wconf 84' lang='lat' dir='ltr'><strong>dia.</strong></span> <span class='ocrx_word' id='word_1_231' title='bbox 234 1228 484 1261; x_wconf 87' lang='lat' dir='ltr'><strong>Postularia</strong></span> <span class='ocrx_word' id='word_1_232' title='bbox 515 1227 713 1272; x_wconf 82' lang='lat' dir='ltr'><strong>fulgura,</strong></span> <span class='ocrx_word' id='word_1_233' title='bbox 760 1239 845 1271; x_wconf 89' lang='lat' dir='ltr'><strong>quae</strong></span> <span class='ocrx_word' id='word_1_234' title='bbox 875 1232 1029 1260; x_wconf 79' lang='lat' dir='ltr'><strong>votorum</strong></span> <span class='ocrx_word' id='word_1_235' title='bbox 1056 1230 1115 1261; x_wconf 76' lang='lat' dir='ltr'><strong>ut*</strong></span> <span class='ocrx_word' id='word_1_236' title='bbox 1138 1229 1375 1262; x_wconf 72' lang='lat' dir='ltr'><strong>sacrificiorum</strong></span> <span class='ocrx_word' id='word_1_237' title='bbox 1403 1233 1548 1273; x_wconf 84' lang='lat' dir='ltr'><strong>spretam</strong></span> <span class='ocrx_word' id='word_1_238' title='bbox 1575 1227 1773 1272; x_wconf 87' lang='lat' dir='ltr'><strong>religionem</strong></span> <span class='ocrx_word' id='word_1_239' title='bbox 1800 1226 1888 1260; x_wconf 86' lang='lat' dir='ltr'><strong>desi-</strong></span> 
     </span>
     <span class='ocr_line' id='line_1_22' title="bbox 111 1278 1888 1325; baseline -0.002 -12"><span class='ocrx_word' id='word_1_240' title='bbox 111 1280 228 1313; x_wconf 87' lang='lat' dir='ltr'><strong>derant</strong></span> <span class='ocrx_word' id='word_1_241' title='bbox 241 1281 265 1315; x_wconf 76' lang='lat'><strong>*.</strong></span> <span class='ocrx_word' id='word_1_242' title='bbox 318 1278 553 1320; x_wconf 57' lang='lat' dir='ltr'><strong>Festinata,</strong></span> <span class='ocrx_word' id='word_1_243' title='bbox 589 1291 675 1322; x_wconf 87' lang='lat' dir='ltr'><strong>quae</strong></span> <span class='ocrx_word' id='word_1_244' title='bbox 701 1283 862 1322; x_wconf 85' lang='lat' dir='ltr'><strong>mortem,</strong></span> <span class='ocrx_word' id='word_1_245' title='bbox 891 1284 946 1312; x_wconf 83' lang='lat' dir='ltr'><strong>aut</strong></span> <span class='ocrx_word' id='word_1_246' title='bbox 973 1279 1106 1313; x_wconf 82' lang='lat' dir='ltr'><strong>exilium</strong></span> <span class='ocrx_word' id='word_1_247' title='bbox 1134 1280 1321 1314; x_wconf 86' lang='lat' dir='ltr'><strong>ostendunt.</strong></span> <span class='ocrx_word' id='word_1_248' title='bbox 1374 1279 1691 1325; x_wconf 86' lang='lat' dir='ltr'><strong>Peremptalia‚</strong></span> <span class='ocrx_word' id='word_1_249' title='bbox 1720 1289 1805 1323; x_wconf 88' lang='lat' dir='ltr'><strong>quae</strong></span> <span class='ocrx_word' id='word_1_250' title='bbox 1832 1289 1888 1311; x_wconf 88' lang='lat' dir='ltr'><strong>su·</strong></span> 
     </span>
     <span class='ocr_line' id='line_1_23' title="bbox 111 1329 1885 1376; baseline -0.002 -11"><span class='ocrx_word' id='word_1_251' title='bbox 111 1332 244 1376; x_wconf 86' lang='lat' dir='ltr'><strong>periora</strong></span> <span class='ocrx_word' id='word_1_252' title='bbox 270 1331 422 1375; x_wconf 68' lang='lat' dir='ltr'><strong>fulgura,</strong></span> <span class='ocrx_word' id='word_1_253' title='bbox 460 1332 520 1363; x_wconf 73' lang='lat' dir='ltr'><strong>ut*</strong></span> <span class='ocrx_word' id='word_1_254' title='bbox 543 1335 699 1375; x_wconf 86' lang='lat' dir='ltr'><strong>portenta</strong></span> <span class='ocrx_word' id='word_1_255' title='bbox 724 1335 919 1376; x_wconf 84' lang='lat' dir='ltr'><strong>peremunt,</strong></span> <span class='ocrx_word' id='word_1_256' title='bbox 959 1331 993 1363; x_wconf 83' lang='lat' dir='ltr'><strong>id</strong></span> <span class='ocrx_word' id='word_1_257' title='bbox 1021 1336 1069 1365; x_wconf 87' lang='lat' dir='ltr'><strong>est</strong></span> <span class='ocrx_word' id='word_1_258' title='bbox 1095 1332 1238 1366; x_wconf 84' lang='lat' dir='ltr'><strong>olunt**.</strong></span> <span class='ocrx_word' id='word_1_259' title='bbox 1290 1329 1475 1365; x_wconf 82' lang='lat' dir='ltr'><strong>Pullus4</strong></span> <span class='ocrx_word' id='word_1_260' title='bbox 1501 1331 1616 1364; x_wconf 85' lang='lat' dir='ltr'><strong>Iovis</strong></span> <span class='ocrx_word' id='word_1_261' title='bbox 1644 1330 1816 1364; x_wconf 87' lang='lat' dir='ltr'><strong>dicebatur</strong></span> <span class='ocrx_word' id='word_1_262' title='bbox 1844 1329 1885 1370; x_wconf 84' lang='lat' dir='ltr'><strong>Q.</strong></span> 
     </span>
     <span class='ocr_line' id='line_1_24' title="bbox 110 1382 1886 1429; baseline -0.002 -13"><span class='ocrx_word' id='word_1_263' title='bbox 110 1383 252 1423; x_wconf 76' lang='lat' dir='ltr'><strong>Fabius,</strong></span> <span class='ocrx_word' id='word_1_264' title='bbox 280 1383 335 1416; x_wconf 86' lang='lat' dir='ltr'><strong>cui</strong></span> <span class='ocrx_word' id='word_1_265' title='bbox 355 1382 494 1415; x_wconf 81' lang='lat' dir='ltr'><strong>Eburno</strong></span> <span class='ocrx_word' id='word_1_266' title='bbox 520 1392 713 1429; x_wconf 85' lang='lat' dir='ltr'><strong>cognomen</strong></span> <span class='ocrx_word' id='word_1_267' title='bbox 740 1388 809 1416; x_wconf 89' lang='lat' dir='ltr'><strong>erat</strong></span> <span class='ocrx_word' id='word_1_268' title='bbox 835 1388 976 1428; x_wconf 85' lang='lat' dir='ltr'><strong>propter</strong></span> <span class='ocrx_word' id='word_1_269' title='bbox 1003 1383 1202 1426; x_wconf 82' lang='lat' dir='ltr'><strong>candorem,</strong></span> <span class='ocrx_word' id='word_1_270' title='bbox 1229 1384 1322 1428; x_wconf 87' lang='lat' dir='ltr'><strong>quod</strong></span> <span class='ocrx_word' id='word_1_271' title='bbox 1350 1385 1419 1417; x_wconf 82' lang='lat' dir='ltr'><strong>eius</strong></span> <span class='ocrx_word' id='word_1_272' title='bbox 1445 1384 1528 1417; x_wconf 88' lang='lat' dir='ltr'><strong>natis</strong></span> <span class='ocrx_word' id='word_1_273' title='bbox 1554 1383 1693 1415; x_wconf 87' lang='lat' dir='ltr'><strong>fulmine</strong></span> <span class='ocrx_word' id='word_1_274' title='bbox 1719 1382 1782 1415; x_wconf 89' lang='lat' dir='ltr'><strong>icta</strong></span> <span class='ocrx_word' id='word_1_275' title='bbox 1809 1385 1886 1413; x_wconf 87' lang='lat' dir='ltr'><strong>erat.</strong></span> 
     </span>
     <span class='ocr_line' id='line_1_25' title="bbox 111 1434 1892 1480; baseline -0.002 -12"><span class='ocrx_word' id='word_1_276' title='bbox 111 1435 238 1479; x_wconf 87' lang='lat' dir='ltr'><strong>antiqui</strong></span> <span class='ocrx_word' id='word_1_277' title='bbox 263 1439 378 1468; x_wconf 36' lang='lat' dir='ltr'><strong>autem*</strong></span> <span class='ocrx_word' id='word_1_278' title='bbox 402 1445 562 1478; x_wconf 74' lang='lat' dir='ltr'><strong>puerum,</strong></span> <span class='ocrx_word' id='word_1_279' title='bbox 606 1446 706 1479; x_wconf 88' lang='lat' dir='ltr'><strong>quem</strong></span> <span class='ocrx_word' id='word_1_280' title='bbox 734 1435 806 1479; x_wconf 86' lang='lat' dir='ltr'><strong>quis</strong></span> <span class='ocrx_word' id='word_1_281' title='bbox 833 1435 985 1474; x_wconf 85' lang='lat' dir='ltr'><strong>amabat,</strong></span> <span class='ocrx_word' id='word_1_282' title='bbox 1028 1435 1161 1480; x_wconf 87' lang='lat' dir='ltr'><strong>pullum</strong></span> <span class='ocrx_word' id='word_1_283' title='bbox 1188 1436 1256 1469; x_wconf 85' lang='lat' dir='ltr'><strong>eius</strong></span> <span class='ocrx_word' id='word_1_284' title='bbox 1283 1435 1448 1470; x_wconf 83' lang='lat' dir='ltr'><strong>dicebant.</strong></span> <span class='ocrx_word' id='word_1_285' title='bbox 1502 1434 1764 1479; x_wconf 85' lang='lat' dir='ltr'><strong>Peregrinus</strong></span> <span class='ocrx_word' id='word_1_286' title='bbox 1789 1443 1892 1477; x_wconf 85' lang='lat' dir='ltr'><strong>ager</strong></span> 
     </span>
     <span class='ocr_line' id='line_1_26' title="bbox 112 1485 1888 1530; baseline -0.002 -10"><span class='ocrx_word' id='word_1_287' title='bbox 112 1492 175 1529; x_wconf 81' lang='lat' dir='ltr'><strong>est,</strong></span> <span class='ocrx_word' id='word_1_288' title='bbox 206 1487 263 1530; x_wconf 84' lang='lat' dir='ltr'><strong>qui</strong></span> <span class='ocrx_word' id='word_1_289' title='bbox 291 1497 399 1529; x_wconf 85' lang='lat' dir='ltr'><strong>neque</strong></span> <span class='ocrx_word' id='word_1_290' title='bbox 419 1487 608 1528; x_wconf 75' lang='lat' dir='ltr'><strong>Romanus,</strong></span> <span class='ocrx_word' id='word_1_291' title='bbox 642 1498 752 1530; x_wconf 88' lang='lat' dir='ltr'><strong>neque</strong></span> <span class='ocrx_word' id='word_1_292' title='bbox 779 1486 907 1519; x_wconf 82' lang='lat' dir='ltr'><strong>hostilis</strong></span> <span class='ocrx_word' id='word_1_293' title='bbox 934 1487 1089 1522; x_wconf 86' lang='lat' dir='ltr'><strong>habetur.</strong></span> <span class='ocrx_word' id='word_1_294' title='bbox 1142 1488 1325 1521; x_wconf 84' lang='lat' dir='ltr'><strong>Publica</strong></span> <span class='ocrx_word' id='word_1_295' title='bbox 1352 1498 1489 1527; x_wconf 84' lang='lat' dir='ltr'><strong>sacra,</strong></span> <span class='ocrx_word' id='word_1_296' title='bbox 1523 1497 1610 1530; x_wconf 90' lang='lat' dir='ltr'><strong>quae</strong></span> <span class='ocrx_word' id='word_1_297' title='bbox 1637 1485 1773 1530; x_wconf 87' lang='lat' dir='ltr'><strong>publico</strong></span> <span class='ocrx_word' id='word_1_298' title='bbox 1800 1495 1888 1517; x_wconf 82' lang='lat' dir='ltr'><strong>sum-</strong></span> 
     </span>
     <span class='ocr_line' id='line_1_27' title="bbox 110 1537 1890 1584; baseline -0.003 -12"><span class='ocrx_word' id='word_1_299' title='bbox 110 1543 189 1584; x_wconf 86' lang='lat' dir='ltr'><strong>ptu,</strong></span> <span class='ocrx_word' id='word_1_300' title='bbox 216 1549 279 1583; x_wconf 89' lang='lat' dir='ltr'><strong>pro</strong></span> <span class='ocrx_word' id='word_1_301' title='bbox 308 1537 439 1582; x_wconf 80' lang='lat' dir='ltr'><strong>populo</strong></span> <span class='ocrx_word' id='word_1_302' title='bbox 464 1539 564 1579; x_wconf 80' lang='lat' dir='ltr'><strong>flunt,</strong></span> <span class='ocrx_word' id='word_1_303' title='bbox 599 1550 754 1582; x_wconf 81' lang='lat' dir='ltr'><strong>quaeque</strong></span> <span class='ocrx_word' id='word_1_304' title='bbox 780 1549 843 1583; x_wconf 88' lang='lat' dir='ltr'><strong>pro</strong></span> <span class='ocrx_word' id='word_1_305' title='bbox 869 1539 1053 1580; x_wconf 90' lang='lat' dir='ltr'><strong>montibus,</strong></span> <span class='ocrx_word' id='word_1_306' title='bbox 1081 1539 1195 1584; x_wconf 75' lang='lat' dir='ltr'><strong>pagis,</strong></span> <span class='ocrx_word' id='word_1_307' title='bbox 1229 1539 1343 1579; x_wconf 81' lang='lat' dir='ltr'><strong>curiis,</strong></span> <span class='ocrx_word' id='word_1_308' title='bbox 1374 1539 1513 1572; x_wconf 80' lang='lat' dir='ltr'><strong>sacellis,</strong></span> <span class='ocrx_word' id='word_1_309' title='bbox 1541 1538 1608 1570; x_wconf 77' lang='lat' dir='ltr'><strong>ad*</strong></span> <span class='ocrx_word' id='word_1_310' title='bbox 1633 1537 1777 1582; x_wconf 83' lang='lat' dir='ltr'><strong>privata,</strong></span> <span class='ocrx_word' id='word_1_311' title='bbox 1805 1546 1890 1579; x_wconf 86' lang='lat' dir='ltr'><strong>quae</strong></span> 
     </span>
     <span class='ocr_line' id='line_1_28' title="bbox 111 1588 1889 1635; baseline -0.002 -12"><span class='ocrx_word' id='word_1_312' title='bbox 111 1601 175 1634; x_wconf 85' lang='lat' dir='ltr'><strong>pro</strong></span> <span class='ocrx_word' id='word_1_313' title='bbox 201 1590 337 1635; x_wconf 84' lang='lat' dir='ltr'><strong>singulis</strong></span> <span class='ocrx_word' id='word_1_314' title='bbox 365 1589 574 1630; x_wconf 76' lang='lat' dir='ltr'><strong>hominibus,</strong></span> <span class='ocrx_word' id='word_1_315' title='bbox 600 1590 749 1630; x_wconf 72' lang='lat' dir='ltr'><strong>familiis,</strong></span> <span class='ocrx_word' id='word_1_316' title='bbox 776 1590 929 1635; x_wconf 85' lang='lat' dir='ltr'><strong>gentibus</strong></span> <span class='ocrx_word' id='word_1_317' title='bbox 954 1590 1046 1626; x_wconf 77' lang='lat' dir='ltr'><strong>fiunt,</strong></span> <span class='ocrx_word' id='word_1_318' title='bbox 1100 1591 1290 1624; x_wconf 88' lang='lat' dir='ltr'><strong>Perenne</strong></span> <span class='ocrx_word' id='word_1_319' title='bbox 1317 1590 1437 1623; x_wconf 89' lang='lat' dir='ltr'><strong>dicitur</strong></span> <span class='ocrx_word' id='word_1_320' title='bbox 1463 1589 1641 1633; x_wconf 79' lang='lat' dir='ltr'><strong>auspicari,</strong></span> <span class='ocrx_word' id='word_1_321' title='bbox 1670 1588 1725 1631; x_wconf 88' lang='lat' dir='ltr'><strong>qui</strong></span> <span class='ocrx_word' id='word_1_322' title='bbox 1748 1598 1889 1629; x_wconf 83' lang='lat' dir='ltr'><strong>amnem,</strong></span> 
     </span>
     <span class='ocr_line' id='line_1_29' title="bbox 113 1638 1888 1686; baseline -0.003 -12"><span class='ocrx_word' id='word_1_323' title='bbox 113 1647 169 1674; x_wconf 90' lang='lat' dir='ltr'><strong>aut</strong></span> <span class='ocrx_word' id='word_1_324' title='bbox 195 1653 332 1683; x_wconf 83' lang='lat' dir='ltr'><strong>aquam,</strong></span> <span class='ocrx_word' id='word_1_325' title='bbox 367 1652 453 1683; x_wconf 85' lang='lat' dir='ltr'><strong>quae</strong></span> <span class='ocrx_word' id='word_1_326' title='bbox 487 1652 527 1674; x_wconf 79' lang='lat' dir='ltr'><strong>ex</strong></span> <span class='ocrx_word' id='word_1_327' title='bbox 559 1652 653 1674; x_wconf 89' lang='lat' dir='ltr'><strong>sacro</strong></span> <span class='ocrx_word' id='word_1_328' title='bbox 680 1642 799 1682; x_wconf 74' lang='lat' dir='ltr'><strong>oritur,</strong></span> <span class='ocrx_word' id='word_1_329' title='bbox 835 1641 1005 1685; x_wconf 83' lang='lat' dir='ltr'><strong>auspicato</strong></span> <span class='ocrx_word' id='word_1_330' title='bbox 1032 1644 1152 1677; x_wconf 86' lang='lat' dir='ltr'><strong>transit.</strong></span> <span class='ocrx_word' id='word_1_331' title='bbox 1213 1640 1339 1675; x_wconf 82' lang='lat' dir='ltr'><strong>Puls⁵</strong></span> <span class='ocrx_word' id='word_1_332' title='bbox 1371 1641 1579 1686; x_wconf 84' lang='lat' dir='ltr'><strong>potissimum</strong></span> <span class='ocrx_word' id='word_1_333' title='bbox 1608 1640 1704 1672; x_wconf 82' lang='lat' dir='ltr'><strong>datur</strong></span> <span class='ocrx_word' id='word_1_334' title='bbox 1732 1639 1830 1682; x_wconf 82' lang='lat' dir='ltr'><strong>pullis</strong></span> <span class='ocrx_word' id='word_1_335' title='bbox 1857 1638 1888 1670; x_wconf 92' lang='lat' dir='ltr'><strong>in</strong></span> 
     </span>
     <span class='ocr_line' id='line_1_30' title="bbox 113 1687 1888 1741; baseline -0.002 -17"><span class='ocrx_word' id='word_1_336' title='bbox 113 1692 286 1736; x_wconf 83' lang='lat' dir='ltr'><strong>auspiciis,</strong></span> <span class='ocrx_word' id='word_1_337' title='bbox 317 1692 395 1734; x_wconf 78' lang='lat' dir='ltr'><strong>quia</strong></span> <span class='ocrx_word' id='word_1_338' title='bbox 420 1703 461 1725; x_wconf 86' lang='lat' dir='ltr'><strong>ex</strong></span> <span class='ocrx_word' id='word_1_339' title='bbox 488 1704 528 1725; x_wconf 87' lang='lat' dir='ltr'><strong>ea</strong></span> <span class='ocrx_word' id='word_1_340' title='bbox 554 1689 631 1741; x_wconf 70' lang='lat' dir='ltr'><strong>neu</strong></span> <span class='ocrx_word' id='word_1_341' title='bbox 648 1704 740 1726; x_wconf 87' lang='lat' dir='ltr'><strong>cesse</strong></span> <span class='ocrx_word' id='word_1_342' title='bbox 766 1692 933 1726; x_wconf 73' lang='lat' dir='ltr'><strong>decidere</strong></span> <span class='ocrx_word' id='word_1_343' title='bbox 959 1694 993 1726; x_wconf 80' lang='lat' dir='ltr'><strong>in</strong></span> <span class='ocrx_word' id='word_1_344' title='bbox 1020 1697 1154 1726; x_wconf 79' lang='lat' dir='ltr'><strong>terram</strong></span> <span class='ocrx_word' id='word_1_345' title='bbox 1182 1693 1335 1738; x_wconf 75' lang='lat' dir='ltr'><strong>aliquid,</strong></span> <span class='ocrx_word' id='word_1_346' title='bbox 1370 1692 1464 1737; x_wconf 85' lang='lat' dir='ltr'><strong>qaod</strong></span> <span class='ocrx_word' id='word_1_347' title='bbox 1490 1691 1682 1736; x_wconf 78' lang='lat' dir='ltr'><strong>tripudium</strong></span> <span class='ocrx_word' id='word_1_348' title='bbox 1699 1689 1767 1735; x_wconf 76' lang='lat' dir='ltr'><strong>sa-</strong></span> <span class='ocrx_word' id='word_1_349' title='bbox 1810 1687 1888 1735; x_wconf 69' lang='lat'><strong>[54]</strong></span> 
     </span>
     <span class='ocr_line' id='line_1_31' title="bbox 114 1740 1887 1790; baseline -0.002 -14"><span class='ocrx_word' id='word_1_350' title='bbox 114 1747 224 1785; x_wconf 76' lang='lat' dir='ltr'><strong>neret,</strong></span> <span class='ocrx_word' id='word_1_351' title='bbox 266 1742 301 1775; x_wconf 87' lang='lat' dir='ltr'><strong>id</strong></span> <span class='ocrx_word' id='word_1_352' title='bbox 329 1748 377 1775; x_wconf 82' lang='lat' dir='ltr'><strong>est</strong></span> <span class='ocrx_word' id='word_1_353' title='bbox 401 1744 632 1789; x_wconf 76' lang='lat' dir='ltr'><strong>terripaviurn</strong></span> <span class='ocrx_word' id='word_1_354' title='bbox 668 1744 817 1789; x_wconf 80' lang='lat' dir='ltr'><strong>(pavire</strong></span> <span class='ocrx_word' id='word_1_355' title='bbox 844 1745 933 1777; x_wconf 76' lang='lat' dir='ltr'><strong>enim</strong></span> <span class='ocrx_word' id='word_1_356' title='bbox 949 1744 1070 1790; x_wconf 77' lang='lat' dir='ltr'><strong>ferire</strong></span> <span class='ocrx_word' id='word_1_357' title='bbox 1096 1746 1168 1789; x_wconf 79' lang='lat' dir='ltr'><strong>est)</strong></span> <span class='ocrx_word' id='word_1_358' title='bbox 1203 1757 1246 1778; x_wconf 77' lang='lat' dir='ltr'><strong>ex</strong></span> <span class='ocrx_word' id='word_1_359' title='bbox 1279 1756 1344 1790; x_wconf 81' lang='lat' dir='ltr'><strong>quo</strong></span> <span class='ocrx_word' id='word_1_360' title='bbox 1377 1744 1544 1776; x_wconf 74' lang='lat' dir='ltr'><strong>notionem</strong></span> <span class='ocrx_word' id='word_1_361' title='bbox 1573 1745 1739 1787; x_wconf 81' lang='lat' dir='ltr'><strong>caperent</strong></span> <span class='ocrx_word' id='word_1_362' title='bbox 1756 1740 1887 1786; x_wconf 73' lang='lat' dir='ltr'><strong>fitturi.</strong></span> 
     </span>
     <span class='ocr_line' id='line_1_32' title="bbox 113 1791 1890 1841; baseline -0.001 -15"><span class='ocrx_word' id='word_1_363' title='bbox 113 1805 197 1827; x_wconf 83' lang='lat' dir='ltr'><strong>nam</strong></span> <span class='ocrx_word' id='word_1_364' title='bbox 224 1795 254 1827; x_wconf 78' lang='grc' dir='ltr'><strong>εἰ</strong></span> <span class='ocrx_word' id='word_1_365' title='bbox 275 1795 384 1839; x_wconf 81' lang='lat' dir='ltr'><strong>pulli,</strong></span> <span class='ocrx_word' id='word_1_366' title='bbox 408 1804 477 1840; x_wconf 80' lang='lat' dir='ltr'><strong>per</strong></span> <span class='ocrx_word' id='word_1_367' title='bbox 502 1806 586 1840; x_wconf 84' lang='lat' dir='ltr'><strong>quos</strong></span> <span class='ocrx_word' id='word_1_368' title='bbox 613 1795 907 1840; x_wconf 75' lang='lat' dir='ltr'><strong>auspicabantur,</strong></span> <span class='ocrx_word' id='word_1_369' title='bbox 944 1806 1010 1828; x_wconf 88' lang='lat' dir='ltr'><strong>non</strong></span> <span class='ocrx_word' id='word_1_370' title='bbox 1038 1797 1207 1838; x_wconf 76' lang='lat' dir='ltr'><strong>edissent,</strong></span> <span class='ocrx_word' id='word_1_371' title='bbox 1230 1796 1428 1841; x_wconf 78' lang='lat' dir='ltr'><strong>periculum</strong></span> <span class='ocrx_word' id='word_1_372' title='bbox 1456 1794 1637 1827; x_wconf 80' lang='lat' dir='ltr'><strong>imminere</strong></span> <span class='ocrx_word' id='word_1_373' title='bbox 1663 1791 1890 1826; x_wconf 77' lang='lat' dir='ltr'><strong>arbitraban-</strong></span> 
     </span>
     <span class='ocr_line' id='line_1_33' title="bbox 113 1842 1892 1893; baseline -0.001 -15"><span class='ocrx_word' id='word_1_374' title='bbox 113 1850 179 1878; x_wconf 76' lang='lat' dir='ltr'><strong>tur.</strong></span> <span class='ocrx_word' id='word_1_375' title='bbox 209 1849 247 1878; x_wconf 88' lang='lat' dir='ltr'><strong>at</strong></span> <span class='ocrx_word' id='word_1_376' title='bbox 271 1845 327 1889; x_wconf 88' lang='lat' dir='ltr'><strong>qui</strong></span> <span class='ocrx_word' id='word_1_377' title='bbox 354 1847 546 1890; x_wconf 74' lang='lat' dir='ltr'><strong>pavissent,</strong></span> <span class='ocrx_word' id='word_1_378' title='bbox 594 1846 718 1880; x_wconf 87' lang='lat' dir='ltr'><strong>bonum</strong></span> <span class='ocrx_word' id='word_1_379' title='bbox 753 1848 945 1893; x_wconf 77' lang='lat' dir='ltr'><strong>augurium</strong></span> <span class='ocrx_word' id='word_1_380' title='bbox 981 1859 1054 1881; x_wconf 82' lang='lat' dir='ltr'><strong>esse</strong></span> <span class='ocrx_word' id='word_1_381' title='bbox 1080 1848 1279 1893; x_wconf 81' lang='lat' dir='ltr'><strong>putabant,</strong></span> <span class='ocrx_word' id='word_1_382' title='bbox 1324 1847 1355 1879; x_wconf 82' lang='lat' dir='ltr'><strong>si</strong></span> <span class='ocrx_word' id='word_1_383' title='bbox 1380 1851 1450 1879; x_wconf 87' lang='lat' dir='ltr'><strong>tum</strong></span> <span class='ocrx_word' id='word_1_384' title='bbox 1479 1856 1522 1878; x_wconf 77' lang='lat' dir='ltr'><strong>ex</strong></span> <span class='ocrx_word' id='word_1_385' title='bbox 1548 1856 1609 1878; x_wconf 86' lang='lat' dir='ltr'><strong>ore</strong></span> <span class='ocrx_word' id='word_1_386' title='bbox 1636 1844 1684 1878; x_wconf 76' lang='lat' dir='ltr'><strong>eis</strong></span> <span class='ocrx_word' id='word_1_387' title='bbox 1712 1842 1892 1877; x_wconf 71' lang='lat' dir='ltr'><strong>edentibus</strong></span> 
     </span>
     <span class='ocr_line' id='line_1_34' title="bbox 114 1896 1873 1946; baseline -0.001 -17"><span class='ocrx_word' id='word_1_388' title='bbox 114 1897 251 1942; x_wconf 79' lang='lat' dir='ltr'><strong>aliquid</strong></span> <span class='ocrx_word' id='word_1_389' title='bbox 271 1897 466 1932; x_wconf 64' lang='lat' dir='ltr'><strong>decidisset.</strong></span> <span class='ocrx_word' id='word_1_390' title='bbox 515 1896 728 1932; x_wconf 84' lang='lat' dir='ltr'><strong>Portenta</strong></span> <span class='ocrx_word' id='word_1_391' title='bbox 751 1910 865 1932; x_wconf 82' lang='lat' dir='ltr'><strong>rerum</strong></span> <span class='ocrx_word' id='word_1_392' title='bbox 877 1899 970 1946; x_wconf 83' lang='lat' dir='ltr'><strong>fieri</strong></span> <span class='ocrx_word' id='word_1_393' title='bbox 991 1900 1170 1940; x_wconf 76' lang='lat' dir='ltr'><strong>dicuntur,</strong></span> <span class='ocrx_word' id='word_1_394' title='bbox 1199 1910 1277 1932; x_wconf 84' lang='lat' dir='ltr'><strong>cum</strong></span> <span class='ocrx_word' id='word_1_395' title='bbox 1299 1897 1416 1931; x_wconf 78' lang='lat' dir='ltr'><strong>solida</strong></span> <span class='ocrx_word' id='word_1_396' title='bbox 1439 1908 1590 1942; x_wconf 78' lang='lat' dir='ltr'><strong>corpora</strong></span> <span class='ocrx_word' id='word_1_397' title='bbox 1612 1907 1698 1929; x_wconf 84' lang='lat' dir='ltr'><strong>raro</strong></span> <span class='ocrx_word' id='word_1_398' title='bbox 1720 1907 1756 1929; x_wconf 87' lang='lat' dir='ltr'><strong>se</strong></span> <span class='ocrx_word' id='word_1_399' title='bbox 1778 1899 1873 1929; x_wconf 83' lang='lat' dir='ltr'><strong>osten</strong></span> 
     </span>
     <span class='ocr_line' id='line_1_35' title="bbox 115 1946 1892 1995; baseline -0.002 -14"><span class='ocrx_word' id='word_1_400' title='bbox 115 1949 221 1985; x_wconf 55' lang='lat' dir='ltr'><strong>dun&amp;</strong></span> <span class='ocrx_word' id='word_1_401' title='bbox 247 1952 283 1981; x_wconf 82' lang='lat' dir='ltr'><strong>ut</strong></span> <span class='ocrx_word' id='word_1_402' title='bbox 307 1953 480 1989; x_wconf 74' lang='lat' dir='ltr'><strong>cometae,</strong></span> <span class='ocrx_word' id='word_1_403' title='bbox 507 1950 680 1991; x_wconf 77' lang='lat' dir='ltr'><strong>turbines,</strong></span> <span class='ocrx_word' id='word_1_404' title='bbox 716 1950 912 1991; x_wconf 77' lang='lat' dir='ltr'><strong>barathra,</strong></span> <span class='ocrx_word' id='word_1_405' title='bbox 945 1951 1092 1984; x_wconf 83' lang='lat' dir='ltr'><strong>tonitrua</strong></span> <span class='ocrx_word' id='word_1_406' title='bbox 1118 1961 1240 1984; x_wconf 80' lang='lat' dir='ltr'><strong>sereno</strong></span> <span class='ocrx_word' id='word_1_407' title='bbox 1266 1949 1364 1983; x_wconf 83' lang='lat' dir='ltr'><strong>coelo</strong></span> <span class='ocrx_word' id='word_1_408' title='bbox 1379 1948 1502 1995; x_wconf 82' lang='lat' dir='ltr'><strong>sacta.</strong></span> <span class='ocrx_word' id='word_1_409' title='bbox 1554 1946 1799 1981; x_wconf 74' lang='lat' dir='ltr'><strong>Pedestria</strong></span> <span class='ocrx_word' id='word_1_410' title='bbox 1826 1955 1892 1978; x_wconf 81' lang='lat' dir='ltr'><strong>au-</strong></span> 
     </span>
     <span class='ocr_line' id='line_1_36' title="bbox 113 1996 1891 2047; baseline -0.002 -13"><span class='ocrx_word' id='word_1_411' title='bbox 113 2000 219 2045; x_wconf 78' lang='lat' dir='ltr'><strong>spicia</strong></span> <span class='ocrx_word' id='word_1_412' title='bbox 247 1999 517 2034; x_wconf 71' lang='lat' dir='ltr'><strong>arbitrabantur</strong></span> <span class='ocrx_word' id='word_1_413' title='bbox 537 2012 561 2034; x_wconf 85' lang='lat' dir='ltr'><strong>a</strong></span> <span class='ocrx_word' id='word_1_414' title='bbox 581 2002 704 2046; x_wconf 71' lang='lat' dir='ltr'><strong>vulpe,</strong></span> <span class='ocrx_word' id='word_1_415' title='bbox 732 2003 833 2047; x_wconf 79' lang='lat' dir='ltr'><strong>lupo,</strong></span> <span class='ocrx_word' id='word_1_416' title='bbox 858 2006 1036 2047; x_wconf 77' lang='lat' dir='ltr'><strong>serpente,</strong></span> <span class='ocrx_word' id='word_1_417' title='bbox 1064 2013 1167 2046; x_wconf 78' lang='lat' dir='ltr'><strong>equo,</strong></span> <span class='ocrx_word' id='word_1_418' title='bbox 1196 2001 1381 2044; x_wconf 84' lang='lat' dir='ltr'><strong>ceterisque</strong></span> <span class='ocrx_word' id='word_1_419' title='bbox 1407 1999 1620 2033; x_wconf 76' lang='lat' dir='ltr'><strong>animalibus</strong></span> <span class='ocrx_word' id='word_1_420' title='bbox 1646 1996 1891 2044; x_wconf 74' lang='lat' dir='ltr'><strong>quadrupedi-</strong></span> 
     </span>
     <span class='ocr_line' id='line_1_37' title="bbox 115 2049 1888 2099; baseline -0.003 -14"><span class='ocrx_word' id='word_1_421' title='bbox 115 2052 186 2085; x_wconf 78' lang='lat' dir='ltr'><strong>bus.</strong></span> <span class='ocrx_word' id='word_1_422' title='bbox 242 2051 507 2098; x_wconf 76' lang='lat' dir='ltr'><strong>Proptervia</strong></span> <span class='ocrx_word' id='word_1_423' title='bbox 533 2053 804 2099; x_wconf 82' lang='lat' dir='ltr'><strong>appellabantur</strong></span> <span class='ocrx_word' id='word_1_424' title='bbox 831 2055 1010 2099; x_wconf 72' lang='lat' dir='ltr'><strong>auspicia,</strong></span> <span class='ocrx_word' id='word_1_425' title='bbox 1038 2064 1128 2099; x_wconf 78' lang='lat' dir='ltr'><strong>quae</strong></span> <span class='ocrx_word' id='word_1_426' title='bbox 1150 2064 1188 2086; x_wconf 84' lang='lat' dir='ltr'><strong>se</strong></span> <span class='ocrx_word' id='word_1_427' title='bbox 1206 2063 1244 2086; x_wconf 83' lang='lat' dir='ltr'><strong>se</strong></span> <span class='ocrx_word' id='word_1_428' title='bbox 1265 2055 1412 2098; x_wconf 78' lang='lat' dir='ltr'><strong>propter</strong></span> <span class='ocrx_word' id='word_1_429' title='bbox 1434 2052 1529 2085; x_wconf 87' lang='lat' dir='ltr'><strong>viam</strong></span> <span class='ocrx_word' id='word_1_430' title='bbox 1551 2049 1767 2084; x_wconf 78' lang='lat' dir='ltr'><strong>ostentabant</strong></span> <span class='ocrx_word' id='word_1_431' title='bbox 1820 2073 1827 2080; x_wconf 88' lang='lat'><strong><em>.</em></strong></span> <span class='ocrx_word' id='word_1_432' title='bbox 1882 2073 1888 2080; x_wconf 98' lang='lat'><strong>.</strong></span> 
     </span>
    </p>
   </div>
   <div class='ocr_carea' id='block_1_3' title="bbox 1907 870 2041 899">
    <p class='ocr_par' dir='ltr' id='par_1_6' title="bbox 1907 870 2041 899">
     <span class='ocr_line' id='line_1_38' title="bbox 1907 870 2041 899; baseline 0.007 -2"><span class='ocrx_word' id='word_1_433' title='bbox 1907 871 1917 883; x_wconf 68' lang='lat'><em>⁶</em></span> <span class='ocrx_word' id='word_1_434' title='bbox 1924 871 1943 899; x_wconf 79' lang='lat' dir='ltr'><strong>f.</strong></span> <span class='ocrx_word' id='word_1_435' title='bbox 1956 870 2041 898; x_wconf 74' lang='lat' dir='ltr'><strong>dicata</strong></span> 
     </span>
    </p>
   </div>
   <div class='ocr_carea' id='block_1_4' title="bbox 1912 923 2042 1018">
    <p class='ocr_par' dir='ltr' id='par_1_7' title="bbox 1912 923 2042 1018">
     <span class='ocr_line' id='line_1_39' title="bbox 1912 923 2042 957; baseline 0.008 -9"><span class='ocrx_word' id='word_1_436' title='bbox 1912 923 1922 935; x_wconf 81' lang='grc'><em>·</em></span> <span class='ocrx_word' id='word_1_437' title='bbox 1930 923 1950 948; x_wconf 87' lang='lat' dir='ltr'><strong>f.</strong></span> <span class='ocrx_word' id='word_1_438' title='bbox 1966 930 2042 957; x_wconf 82' lang='lat' dir='ltr'><strong>prae·</strong></span> 
     </span>
     <span class='ocr_line' id='line_1_40' title="bbox 1912 960 2036 984; baseline 0 -1"><span class='ocrx_word' id='word_1_439' title='bbox 1912 960 2036 984; x_wconf 80' lang='lat' dir='ltr'><strong>textatum</strong></span> 
     </span>
     <span class='ocr_line' id='line_1_41' title="bbox 1928 991 2024 1018; baseline 0 0"><span class='ocrx_word' id='word_1_440' title='bbox 1928 992 1962 1018; x_wconf 83' lang='lat' dir='ltr'><strong>·f.</strong></span> <span class='ocrx_word' id='word_1_441' title='bbox 1981 991 2024 1018; x_wconf 82' lang='lat' dir='ltr'><strong>alii</strong></span> 
     </span>
    </p>
   </div>
   <div class='ocr_carea' id='block_1_5' title="bbox 1926 1232 2026 1259">
    <p class='ocr_par' dir='ltr' id='par_1_8' title="bbox 1926 1232 2026 1259">
     <span class='ocr_line' id='line_1_42' title="bbox 1926 1232 2026 1259; baseline 0.01 -2"><span class='ocrx_word' id='word_1_442' title='bbox 1926 1232 1963 1258; x_wconf 83' lang='lat' dir='ltr'><strong>·f.</strong></span> <span class='ocrx_word' id='word_1_443' title='bbox 1983 1236 2026 1259; x_wconf 88' lang='lat' dir='ltr'><strong>aut</strong></span> 
     </span>
    </p>
   </div>
   <div class='ocr_carea' id='block_1_6' title="bbox 1900 1279 2062 1408">
    <p class='ocr_par' dir='ltr' id='par_1_9' title="bbox 1914 1279 2040 1374">
     <span class='ocr_line' id='line_1_43' title="bbox 1914 1279 2040 1305; baseline 0.008 -1"><span class='ocrx_word' id='word_1_444' title='bbox 1914 1279 1951 1305; x_wconf 65' lang='grc' dir='ltr'><strong>Ὗ.</strong></span> <span class='ocrx_word' id='word_1_445' title='bbox 1972 1279 2040 1305; x_wconf 84' lang='lat' dir='ltr'><strong>desi-</strong></span> 
     </span>
     <span class='ocr_line' id='line_1_44' title="bbox 1939 1319 2018 1347; baseline 0.013 -8"><span class='ocrx_word' id='word_1_446' title='bbox 1939 1319 2018 1347; x_wconf 84' lang='lat' dir='ltr'><strong>gnant</strong></span> 
     </span>
     <span class='ocr_line' id='line_1_45' title="bbox 1924 1349 2025 1374; baseline 0 -1"><span class='ocrx_word' id='word_1_447' title='bbox 1924 1349 1959 1373; x_wconf 81' lang='lat' dir='ltr'><strong>·f.</strong></span> <span class='ocrx_word' id='word_1_448' title='bbox 1980 1352 2025 1374; x_wconf 81' lang='lat' dir='ltr'><strong>aut</strong></span> 
     </span>
    </p>

    <p class='ocr_par' dir='ltr' id='par_1_10' title="bbox 1900 1382 2062 1408">
     <span class='ocr_line' id='line_1_46' title="bbox 1900 1382 2062 1408; baseline 0 0"><span class='ocrx_word' id='word_1_449' title='bbox 1900 1382 1948 1408; x_wconf 76' lang='lat' dir='ltr'><strong>“f.</strong></span> <span class='ocrx_word' id='word_1_450' title='bbox 1973 1383 2062 1408; x_wconf 83' lang='lat' dir='ltr'><strong>tollunt</strong></span> 
     </span>
    </p>
   </div>
   <div class='ocr_carea' id='block_1_7' title="bbox 1940 1538 2021 1563">
    <p class='ocr_par' dir='ltr' id='par_1_11' title="bbox 1940 1538 2021 1563">
     <span class='ocr_line' id='line_1_47' title="bbox 1940 1538 2021 1563; baseline 0.012 -1"><span class='ocrx_word' id='word_1_451' title='bbox 1940 1538 1972 1562; x_wconf 71' lang='lat' dir='ltr'><strong>&#39;f</strong></span> <span class='ocrx_word' id='word_1_452' title='bbox 1995 1540 2021 1563; x_wconf 86' lang='lat' dir='ltr'><strong>at</strong></span> 
     </span>
    </p>
   </div>
   <div class='ocr_carea' id='block_1_8' title="bbox 1026 2164 1891 2303">
    <p class='ocr_par' dir='ltr' id='par_1_12' title="bbox 1026 2164 1891 2303">
     <span class='ocr_line' id='line_1_48' title="bbox 1026 2164 1891 2216; baseline -0.008 -7"><span class='ocrx_word' id='word_1_453' title='bbox 1026 2189 1093 2209; x_wconf 82' lang='lat' dir='ltr'><strong>rum</strong></span> <span class='ocrx_word' id='word_1_454' title='bbox 1111 2180 1140 2208; x_wconf 86' lang='lat' dir='ltr'><strong>in</strong></span> <span class='ocrx_word' id='word_1_455' title='bbox 1162 2179 1319 2208; x_wconf 72' lang='lat' dir='ltr'><strong>amoribus.</strong></span> <span class='ocrx_word' id='word_1_456' title='bbox 1346 2178 1426 2208; x_wconf 85' lang='lat' dir='ltr'><strong>unde</strong></span> <span class='ocrx_word' id='word_1_457' title='bbox 1450 2178 1485 2216; x_wconf 91' lang='lat' dir='ltr'><strong>Q.</strong></span> <span class='ocrx_word' id='word_1_458' title='bbox 1499 2164 1606 2206; x_wconf 62' lang='lat' dir='ltr'><strong>Fabius</strong></span> <span class='ocrx_word' id='word_1_459' title='bbox 1621 2172 1776 2212; x_wconf 70' lang='lat' dir='ltr'><strong>Eburum,</strong></span> <span class='ocrx_word' id='word_1_460' title='bbox 1807 2173 1891 2214; x_wconf 85' lang='lat' dir='ltr'><strong>quod</strong></span> 
     </span>
     <span class='ocr_line' id='line_1_49' title="bbox 1026 2215 1889 2260; baseline -0.007 -9"><span class='ocrx_word' id='word_1_461' title='bbox 1026 2222 1145 2251; x_wconf 77' lang='lat' dir='ltr'><strong>natibus</strong></span> <span class='ocrx_word' id='word_1_462' title='bbox 1176 2222 1343 2260; x_wconf 68' lang='lat' dir='ltr'><strong>fulgur-atus</strong></span> <span class='ocrx_word' id='word_1_463' title='bbox 1372 2227 1450 2258; x_wconf 81' lang='lat' dir='ltr'><strong>erat,</strong></span> <span class='ocrx_word' id='word_1_464' title='bbox 1503 2215 1580 2250; x_wconf 69' lang='lat' dir='ltr'><strong>ullus</strong></span> <span class='ocrx_word' id='word_1_465' title='bbox 1607 2216 1686 2248; x_wconf 76' lang='lat' dir='ltr'><strong>Iovis</strong></span> <span class='ocrx_word' id='word_1_466' title='bbox 1712 2218 1810 2247; x_wconf 81' lang='lat' dir='ltr'><strong>dictus</strong></span> <span class='ocrx_word' id='word_1_467' title='bbox 1835 2220 1889 2246; x_wconf 80' lang='lat' dir='ltr'><strong>est.</strong></span> 
     </span>
     <span class='ocr_line' id='line_1_50' title="bbox 1028 2259 1889 2303; baseline -0.007 -9"><span class='ocrx_word' id='word_1_468' title='bbox 1028 2265 1078 2293; x_wconf 81' lang='lat' dir='ltr'><strong>sic</strong></span> <span class='ocrx_word' id='word_1_469' title='bbox 1098 2266 1174 2294; x_wconf 78' lang='lat' dir='ltr'><strong>enim</strong></span> <span class='ocrx_word' id='word_1_470' title='bbox 1190 2265 1245 2302; x_wconf 85' lang='lat' dir='ltr'><strong>legi</strong></span> <span class='ocrx_word' id='word_1_471' title='bbox 1261 2264 1363 2300; x_wconf 79' lang='lat' dir='ltr'><strong>debet,</strong></span> <span class='ocrx_word' id='word_1_472' title='bbox 1386 2274 1440 2303; x_wconf 79' lang='lat' dir='ltr'><strong>pro</strong></span> <span class='ocrx_word' id='word_1_473' title='bbox 1456 2262 1608 2302; x_wconf 75' lang='lat' dir='ltr'><strong>figuratus.</strong></span> <span class='ocrx_word' id='word_1_474' title='bbox 1634 2259 1784 2290; x_wconf 63' lang='lat' dir='ltr'><strong>Art-obius</strong></span> <span class='ocrx_word' id='word_1_475' title='bbox 1800 2259 1889 2291; x_wconf 54' lang='grc' dir='ltr'><strong>ΗΒΑ.</strong></span> 
     </span>
    </p>
   </div>
   <div class='ocr_carea' id='block_1_9' title="bbox 115 2178 985 2302">
    <p class='ocr_par' dir='ltr' id='par_1_13' title="bbox 115 2178 985 2302">
     <span class='ocr_line' id='line_1_51' title="bbox 115 2178 985 2219; baseline 0.001 -12"><span class='ocrx_word' id='word_1_476' title='bbox 115 2184 249 2208; x_wconf 84' lang='lat' dir='ltr'><strong>vocatur.</strong></span> <span class='ocrx_word' id='word_1_477' title='bbox 296 2178 460 2208; x_wconf 77' lang='lat' dir='ltr'><strong>columella</strong></span> <span class='ocrx_word' id='word_1_478' title='bbox 491 2179 541 2208; x_wconf 76' lang='lat' dir='ltr'><strong>lib.</strong></span> <span class='ocrx_word' id='word_1_479' title='bbox 564 2183 594 2210; x_wconf 85' lang='lat'><strong>7.</strong></span> <span class='ocrx_word' id='word_1_480' title='bbox 626 2189 690 2219; x_wconf 85' lang='lat' dir='ltr'><strong>cap.</strong></span> <span class='ocrx_word' id='word_1_481' title='bbox 710 2182 737 2210; x_wconf 87' lang='lat'><strong>4.</strong></span> <span class='ocrx_word' id='word_1_482' title='bbox 769 2179 837 2208; x_wconf 83' lang='lat' dir='ltr'><strong>vide</strong></span> <span class='ocrx_word' id='word_1_483' title='bbox 870 2179 900 2208; x_wconf 82' lang='lat' dir='ltr'><strong>in</strong></span> <span class='ocrx_word' id='word_1_484' title='bbox 932 2180 985 2208; x_wconf 89' lang='lat' dir='ltr'><strong>So-</strong></span> 
     </span>
     <span class='ocr_line' id='line_1_52' title="bbox 116 2220 983 2262; baseline 0.001 -13"><span class='ocrx_word' id='word_1_485' title='bbox 116 2223 165 2250; x_wconf 75' lang='lat' dir='ltr'><strong>lox</strong></span> <span class='ocrx_word' id='word_1_486' title='bbox 200 2222 283 2250; x_wconf 84' lang='lat' dir='ltr'><strong>lana.</strong></span> <span class='ocrx_word' id='word_1_487' title='bbox 335 2222 412 2251; x_wconf 57' lang='lat' dir='ltr'><strong>Urs.</strong></span> <span class='ocrx_word' id='word_1_488' title='bbox 448 2238 488 2243; x_wconf 94' lang='lat'><strong>—</strong></span> <span class='ocrx_word' id='word_1_489' title='bbox 533 2220 562 2262; x_wconf 82' lang='lat'><strong>3)</strong></span> <span class='ocrx_word' id='word_1_490' title='bbox 593 2221 783 2260; x_wconf 79' lang='lat' dir='ltr'><strong>l’ronabae.]</strong></span> <span class='ocrx_word' id='word_1_491' title='bbox 818 2222 983 2250; x_wconf 80' lang='lat' dir='ltr'><strong>Tertullia-</strong></span> 
     </span>
     <span class='ocr_line' id='line_1_53' title="bbox 115 2263 982 2302; baseline 0 -9"><span class='ocrx_word' id='word_1_492' title='bbox 115 2273 171 2293; x_wconf 86' lang='lat' dir='ltr'><strong>nus</strong></span> <span class='ocrx_word' id='word_1_493' title='bbox 199 2265 230 2292; x_wconf 91' lang='lat' dir='ltr'><strong>in</strong></span> <span class='ocrx_word' id='word_1_494' title='bbox 258 2263 467 2293; x_wconf 79' lang='lat' dir='ltr'><strong>exhortatione</strong></span> <span class='ocrx_word' id='word_1_495' title='bbox 495 2264 534 2293; x_wconf 81' lang='lat' dir='ltr'><strong>ad</strong></span> <span class='ocrx_word' id='word_1_496' title='bbox 565 2265 739 2294; x_wconf 78' lang='lat' dir='ltr'><strong>castitatem.</strong></span> <span class='ocrx_word' id='word_1_497' title='bbox 797 2264 982 2302; x_wconf 80' lang='lat' dir='ltr'><strong>Monogamia</strong></span> 
     </span>
    </p>
   </div>
   <div class='ocr_carea' id='block_1_10' title="bbox 115 2306 982 2474">
    <p class='ocr_par' dir='ltr' id='par_1_14' title="bbox 115 2306 982 2474">
     <span class='ocr_line' id='line_1_54' title="bbox 116 2306 982 2346; baseline 0 -10"><span class='ocrx_word' id='word_1_498' title='bbox 116 2307 195 2346; x_wconf 80' lang='lat' dir='ltr'><strong>apud</strong></span> <span class='ocrx_word' id='word_1_499' title='bbox 216 2306 358 2336; x_wconf 81' lang='lat' dir='ltr'><strong>Ethnicos</strong></span> <span class='ocrx_word' id='word_1_500' title='bbox 381 2307 412 2335; x_wconf 88' lang='lat' dir='ltr'><strong>in</strong></span> <span class='ocrx_word' id='word_1_501' title='bbox 436 2316 551 2335; x_wconf 78' lang='lat' dir='ltr'><strong>summo</strong></span> <span class='ocrx_word' id='word_1_502' title='bbox 579 2306 693 2335; x_wconf 86' lang='lat' dir='ltr'><strong>honore</strong></span> <span class='ocrx_word' id='word_1_503' title='bbox 728 2311 787 2342; x_wconf 82' lang='lat' dir='ltr'><strong>est,</strong></span> <span class='ocrx_word' id='word_1_504' title='bbox 816 2312 850 2335; x_wconf 88' lang='lat' dir='ltr'><strong>ut</strong></span> <span class='ocrx_word' id='word_1_505' title='bbox 871 2312 898 2335; x_wconf 81' lang='lat' dir='ltr'><strong>et</strong></span> <span class='ocrx_word' id='word_1_506' title='bbox 923 2307 982 2336; x_wconf 84' lang='lat' dir='ltr'><strong>vir-</strong></span> 
     </span>
     <span class='ocr_line' id='line_1_55' title="bbox 116 2349 981 2388; baseline 0 -10"><span class='ocrx_word' id='word_1_507' title='bbox 116 2349 233 2388; x_wconf 85' lang='lat' dir='ltr'><strong>ginibus</strong></span> <span class='ocrx_word' id='word_1_508' title='bbox 259 2350 387 2388; x_wconf 78' lang='lat' dir='ltr'><strong>legitime</strong></span> <span class='ocrx_word' id='word_1_509' title='bbox 413 2349 592 2378; x_wconf 84' lang='lat' dir='ltr'><strong>nubentibus</strong></span> <span class='ocrx_word' id='word_1_510' title='bbox 621 2349 738 2377; x_wconf 72' lang='lat' dir='ltr'><strong>univira</strong></span> <span class='ocrx_word' id='word_1_511' title='bbox 764 2349 899 2388; x_wconf 69' lang='lat' dir='ltr'><strong>pronuba</strong></span> <span class='ocrx_word' id='word_1_512' title='bbox 926 2350 981 2378; x_wconf 86' lang='lat' dir='ltr'><strong>ad-</strong></span> 
     </span>
     <span class='ocr_line' id='line_1_56' title="bbox 115 2392 982 2431; baseline -0.003 -10"><span class='ocrx_word' id='word_1_513' title='bbox 115 2392 274 2428; x_wconf 73' lang='lat' dir='ltr'><strong>hibentur,</strong></span> <span class='ocrx_word' id='word_1_514' title='bbox 309 2397 337 2420; x_wconf 83' lang='lat' dir='ltr'><strong>et</strong></span> <span class='ocrx_word' id='word_1_515' title='bbox 367 2392 409 2420; x_wconf 87' lang='lat' dir='ltr'><strong>sic</strong></span> <span class='ocrx_word' id='word_1_516' title='bbox 435 2392 559 2431; x_wconf 75' lang='lat' dir='ltr'><strong>auspicii</strong></span> <span class='ocrx_word' id='word_1_517' title='bbox 590 2392 704 2420; x_wconf 83' lang='lat' dir='ltr'><strong>initium</strong></span> <span class='ocrx_word' id='word_1_518' title='bbox 733 2392 779 2420; x_wconf 76' lang='lat' dir='ltr'><strong>sit.</strong></span> <span class='ocrx_word' id='word_1_519' title='bbox 833 2393 912 2420; x_wconf 60' lang='lat' dir='ltr'><strong>Urs.</strong></span> <span class='ocrx_word' id='word_1_520' title='bbox 941 2407 982 2414; x_wconf 87' lang='lat'><strong>-——</strong></span> 
     </span>
     <span class='ocr_line' id='line_1_57' title="bbox 117 2433 982 2474; baseline 0.002 -12"><span class='ocrx_word' id='word_1_521' title='bbox 117 2434 145 2474; x_wconf 84' lang='lat'><strong>4)</strong></span> <span class='ocrx_word' id='word_1_522' title='bbox 169 2433 301 2473; x_wconf 64' lang='lat' dir='ltr'><strong>Pullus]</strong></span> <span class='ocrx_word' id='word_1_523' title='bbox 333 2434 472 2463; x_wconf 85' lang='lat' dir='ltr'><strong>Placidus</strong></span> <span class='ocrx_word' id='word_1_524' title='bbox 502 2435 532 2463; x_wconf 89' lang='lat' dir='ltr'><strong>in</strong></span> <span class='ocrx_word' id='word_1_525' title='bbox 564 2435 688 2463; x_wconf 73' lang='lat' dir='ltr'><strong>Glossis.</strong></span> <span class='ocrx_word' id='word_1_526' title='bbox 735 2435 870 2469; x_wconf 80' lang='lat' dir='ltr'><strong>Pullum,</strong></span> <span class='ocrx_word' id='word_1_527' title='bbox 906 2444 982 2473; x_wconf 76' lang='lat' dir='ltr'><strong>pue-</strong></span> 
     </span>
    </p>
   </div>
   <div class='ocr_carea' id='block_1_11' title="bbox 1025 2301 1890 2473">
    <p class='ocr_par' dir='ltr' id='par_1_15' title="bbox 1025 2301 1890 2473">
     <span class='ocr_line' id='line_1_58' title="bbox 1026 2301 1889 2346; baseline -0.008 -9"><span class='ocrx_word' id='word_1_528' title='bbox 1026 2309 1187 2337; x_wconf 74' lang='lat' dir='ltr'><strong>Catamitus</strong></span> <span class='ocrx_word' id='word_1_529' title='bbox 1211 2307 1341 2346; x_wconf 79' lang='lat' dir='ltr'><strong>rapitur,</strong></span> <span class='ocrx_word' id='word_1_530' title='bbox 1374 2307 1547 2336; x_wconf 75' lang='lat' dir='ltr'><strong>deliciarum</strong></span> <span class='ocrx_word' id='word_1_531' title='bbox 1570 2306 1693 2333; x_wconf 81' lang='lat' dir='ltr'><strong>futurus</strong></span> <span class='ocrx_word' id='word_1_532' title='bbox 1713 2309 1742 2333; x_wconf 90' lang='lat' dir='ltr'><strong>et</strong></span> <span class='ocrx_word' id='word_1_533' title='bbox 1761 2301 1889 2343; x_wconf 86' lang='lat' dir='ltr'><strong>poculo-</strong></span> 
     </span>
     <span class='ocr_line' id='line_1_59' title="bbox 1025 2345 1890 2387; baseline -0.008 -8"><span class='ocrx_word' id='word_1_534' title='bbox 1025 2360 1091 2379; x_wconf 82' lang='lat' dir='ltr'><strong>rum</strong></span> <span class='ocrx_word' id='word_1_535' title='bbox 1107 2357 1221 2387; x_wconf 85' lang='lat' dir='ltr'><strong>custos,</strong></span> <span class='ocrx_word' id='word_1_536' title='bbox 1245 2354 1273 2379; x_wconf 88' lang='lat' dir='ltr'><strong>et</strong></span> <span class='ocrx_word' id='word_1_537' title='bbox 1294 2354 1326 2378; x_wconf 89' lang='lat' dir='ltr'><strong>ut</strong></span> <span class='ocrx_word' id='word_1_538' title='bbox 1346 2349 1425 2378; x_wconf 79' lang='lat' dir='ltr'><strong>Iovis</strong></span> <span class='ocrx_word' id='word_1_539' title='bbox 1443 2349 1559 2378; x_wconf 78' lang='lat' dir='ltr'><strong>dicatur</strong></span> <span class='ocrx_word' id='word_1_540' title='bbox 1578 2348 1679 2387; x_wconf 73' lang='lat' dir='ltr'><strong>pullus</strong></span> <span class='ocrx_word' id='word_1_541' title='bbox 1702 2347 1732 2375; x_wconf 86' lang='lat' dir='ltr'><strong>in</strong></span> <span class='ocrx_word' id='word_1_542' title='bbox 1748 2345 1890 2386; x_wconf 86' lang='lat' dir='ltr'><strong>partibus.</strong></span> 
     </span>
     <span class='ocr_line' id='line_1_60' title="bbox 1026 2387 1889 2429; baseline -0.009 -7"><span class='ocrx_word' id='word_1_543' title='bbox 1026 2393 1132 2422; x_wconf 81' lang='lat' dir='ltr'><strong>Fabius</strong></span> <span class='ocrx_word' id='word_1_544' title='bbox 1170 2392 1310 2422; x_wconf 82' lang='lat' dir='ltr'><strong>aduritur</strong></span> <span class='ocrx_word' id='word_1_545' title='bbox 1340 2389 1478 2421; x_wconf 75' lang='lat' dir='ltr'><strong>mollibus</strong></span> <span class='ocrx_word' id='word_1_546' title='bbox 1509 2391 1742 2429; x_wconf 77' lang='lat' dir='ltr'><strong>obsignaturque</strong></span> <span class='ocrx_word' id='word_1_547' title='bbox 1758 2387 1889 2427; x_wconf 85' lang='lat' dir='ltr'><strong>posticis.</strong></span> 
     </span>
     <span class='ocr_line' id='line_1_61' title="bbox 1034 2429 1888 2473; baseline -0.006 -9"><span class='ocrx_word' id='word_1_548' title='bbox 1034 2436 1110 2464; x_wconf 69' lang='lat' dir='ltr'><strong>Urs.</strong></span> <span class='ocrx_word' id='word_1_549' title='bbox 1125 2452 1167 2459; x_wconf 59' lang='grc' dir='ltr'><strong>-α</strong></span> <span class='ocrx_word' id='word_1_550' title='bbox 1189 2435 1218 2473; x_wconf 83' lang='grc'><strong>5)</strong></span> <span class='ocrx_word' id='word_1_551' title='bbox 1234 2434 1331 2473; x_wconf 62' lang='lat' dir='ltr'><strong>Pan-‚J</strong></span> <span class='ocrx_word' id='word_1_552' title='bbox 1354 2435 1427 2464; x_wconf 84' lang='lat' dir='ltr'><strong>Vide</strong></span> <span class='ocrx_word' id='word_1_553' title='bbox 1443 2435 1521 2464; x_wconf 81' lang='lat' dir='ltr'><strong>intra</strong></span> <span class='ocrx_word' id='word_1_554' title='bbox 1543 2435 1572 2463; x_wconf 83' lang='lat' dir='ltr'><strong>in</strong></span> <span class='ocrx_word' id='word_1_555' title='bbox 1594 2431 1781 2471; x_wconf 54' lang='lat' dir='ltr'><strong>stipadium.</strong></span> <span class='ocrx_word' id='word_1_556' title='bbox 1811 2429 1888 2457; x_wconf 59' lang='lat' dir='ltr'><strong>Urs·</strong></span> 
     </span>
    </p>
   </div>
   <div class='ocr_carea' id='block_1_12' title="bbox 1534 2483 1648 2518">
    <p class='ocr_par' dir='ltr' id='par_1_16' title="bbox 1534 2483 1648 2518">
     <span class='ocr_line' id='line_1_62' title="bbox 1534 2483 1648 2518; baseline -0.018 0"><span class='ocrx_word' id='word_1_557' title='bbox 1534 2483 1648 2518; x_wconf 84' lang='lat' dir='ltr'><strong>nd*</strong></span> 
     </span>
    </p>
   </div>
  </div>
 </body>
</html>
