2263 2668
219 105 294 140 218

995 109 1221 144 ARUSIANI
1255 110 1397 146 MESSl

225 199 404 235 Benivolus
431 199 490 234 illi.
540 199 610 236 Cic.
648 211 712 246 pro
744 199 917 238 F1acco¹z
961 202 1082 251 Quam
1115 204 1308 240 benivolum
1350 205 1442 240 hunc
1482 208 1616 253 populo
1649 208 1825 252 Romano,
1878 221 1984 256 quum
2022 212 2178 261 fidelem

317 251 455 298 putatis
463 249 484 285 ?

1179 349 1218 384 C.

230 421 332 456 Certo
367 423 481 454 contra
516 423 560 453 te.
605 419 675 453 Sal.
706 419 839 456 Catil.²:
879 422 1011 458 Contra
1040 424 1196 460 latrones
1228 427 1377 460 inermes
1402 437 1469 472 pro
1494 427 1622 472 patria
1655 432 1804 462 certare.

330 469 489 505 Bucol.³:
516 471 620 505 Solus
646 473 708 506 tibi
734 478 842 507 certet
863 475 1046 520 Amyntas.

1858 430 1960 464 Certo
1985 432 2055 466 tibi.
2082 433 2178 480 Virg.

1102 477 1203 511 Certo
1228 490 1303 512 cum
1324 478 1389 513 his.
1408 479 1475 511 Sal.
1497 475 1608 523 lug.⁴:
1639 479 1752 513 Cursu
1775 492 1853 514 cum
1879 483 2084 527 aequalibus
2101 496 2178 518 cer-

331 527 421 558 tare.
474 523 647 558 certamus
678 525 762 559 inter
789 537 859 559 nos.
891 527 988 561 Idem
1014 528 1048 561 in
1077 526 1270 575 Iugurtli.⁵:
1304 529 1403 563 Inter
1435 541 1473 563 se
1496 530 1566 563 duo
1589 530 1829 576 Imperatores
1857 535 1984 568 summi
2007 536 2074 569 viri
2100 546 2178 570 cer-

329 574 463 608 tabant.

234 626 412 663 Contendo
446 631 567 661 tecum.
612 626 682 660 Sal.
716 624 853 664 Catil.⁸:
898 628 987 662 Cum
1019 632 1165 676 magnis
1199 631 1396 677 legionibus
1429 631 1578 666 hostium
1610 634 1835 669 contendisse.

1894 636 2074 670 Contendo
2106 638 2178 672 tibi.

335 678 429 723 Virg.
457 678 585 724 Georg.
612 675 691 712 11.⁷:
717 679 794 714 Nec
820 680 917 714 cellis
944 682 1036 715 adeo
1064 684 1232 717 contende
1260 683 1430 719 Falernis.

232 731 413 766 Certamen
436 730 484 761 illi
507 741 582 763 cum
610 726 685 763 inae
715 736 771 764 est.
801 731 872 766 Cic.
900 744 964 776 pro
993 733 1150 766 Cornelio
1177 735 1222 770 1‚:
1253 734 1350 781 Quid
1377 735 1467 768 enim
1490 735 1576 769 mihi
1597 739 1776 769 certamen
1799 740 1848 770 est
1876 748 1954 770 cum
1981 750 2044 772 ac·
2072 736 2177 785 [500]

338 785 517 823 afflatore,
545 785 607 815 aut
634 781 830 816 contentio?
882 783 1059 818 Certamen
1086 791 1134 819 est
1160 798 1237 821 cum
1263 783 1353 821 i110⁹.
1382 787 1476 832 Virg.
1503 787 1624 822 Bucol.
1652 787 1701 821 Et
1728 792 1907 822 certamen
1934 794 2030 832 erat,
2067 790 2178 835 Cory-

337 833 421 871 don,
450 844 528 866 cum
559 833 731 878 Thyrside
752 846 935 880 magnum.

236 885 334 928 Cogo
358 883 497 917 domum
524 890 566 919 te.
593 885 660 918 Sal.
686 886 770 919 Hist.
796 887 821 919 l.
833 883 871 919 ¹⁰:
897 886 1171 920 Maturaverunt
1197 888 1390 921 exercitum
1412 887 1676 922 Durracclu'um
1697 900 1837 934 cogere.

1890 889 1989 936 Cogo
2015 895 2049 925 te
2075 891 2176 924 domi.

337 935 430 979 virg.
458 932 627 970 Bucol.¹¹:
658 936 798 982 Cogere
824 938 935 971 donec
962 950 1042 971 oves
1066 939 1213 973 stabulis
1238 951 1487 985 numerumque
1511 940 1650 986 referre
1670 941 1785 975 Iussit.

234 985 444 1021 Concurrunt
469 987 553 1021 inter
582 1000 625 1022 se.
659 988 754 1033 Virg.
781 989 922 1025 Aeneid.
951 990 991 1022 X.
1001 986 1040 1023 ¹²:
1080 990 1181 1036 Ipsos
1207 1002 1417 1024 concurrere
1444 1003 1574 1036 passus
1594 992 1708 1025 Haud
1734 996 1854 1025 tamen
1879 992 1968 1025 inter
1994 1003 2032 1026 se
2051 993 2178 1026 summi

335 1037 526 1083 Regnator
556 1038 707 1084 Olympi.

760 1039 936 1074 Concurrit
961 1041 1019 1074 ille
1044 1041 1101 1074 illi.
1129 1042 1223 1087 Virg.
1252 1043 1392 1078 Aeneid.
1420 1040 1566 1078 V111.¹³:
1605 1044 1674 1077 Aut
1695 1048 1827 1077 montes
1849 1054 2057 1078 concurrere
2081 1055 2178 1078 mon-

335 1089 425 1123 tibus
452 1091 552 1124 altos.
579 1091 676 1124 Idem
702 1092 842 1127 Aeneid.
873 1093 897 1125 1.
910 1089 951 1126 ¹⁴:
977 1093 1163 1138 Audctque
1189 1094 1273 1128 viris
1300 1105 1507 1128 concurrere
1539 1094 1659 1140 firgo.

233 1138 399 1174 Coruscus
426 1141 491 1176 hac
517 1153 563 1176 re.
590 1142 683 1187 Virg.
707 1143 789 1176 Aen.
817 1140 909 1176 fl.¹⁵:
939 1144 988 1177 Et
1015 1145 1092 1178 luce
1115 1156 1279 1179 coruscus
1304 1157 1407 1181 aena.

1465 1145 1625 1180 coruscat
1652 1146 1718 1180 hac
1732 1158 1777 1180 re.
1805 1145 1901 1178 ldem
1920 1145 2049 1191 Georg.
2058 1141 2178 1181 1111.¹⁶:

333 1191 484 1226 Elucent
510 1193 606 1226 aliae
632 1198 664 1226 et
680 1193 837 1239 fulgore
862 1199 1055 1230 coruscant.
1107 1196 1269 1231 coruscat
1295 1197 1384 1232 hanc
1410 1208 1490 1230 rem.
1516 1197 1613 1231 Idem
1630 1198 1713 1231 Aen.
1733 1198 1773 1230 X.
1784 1194 1824 1230 ¹⁷:
1852 1197 2090 1243 strictamque
2119 1207 2177 1231 co-

331 1248 454 1277 ruscat
476 1244 691 1278 M'ucronem.

229 1292 377 1328 Consulo
402 1295 496 1330 issam
522 1308 602 1330 rem.
628 1297 724 1342 virg.
751 1296 835 1331 Aen.
861 1294 969 1333 X1.¹⁸:
995 1297 1086 1332 Rem
1113 1299 1200 1332 nulli
1226 1297 1412 1333 obscuram
1438 1302 1579 1334 nostrae
1604 1310 1668 1334 nec
1693 1299 1787 1334 vocis
1817 1302 1978 1345 egentem
2008 1298 2176 1341 Consulis,

315 1441 342 1472 1)
371 1440 566 1468 Benivolus
599 1445 726 1480 uterque
750 1442 821 1471 cod.
850 1442 962 1471 Locum
983 1453 1044 1472 non
1068 1442 1183 1472 invenit

232 1480 268 1508 A.
291 1480 328 1508 Μ.
351 1482 400 1510 sed
423 1483 548 1511 similem
567 1483 696 1513 inveniri
717 1484 750 1512 in
768 1489 842 1513 orat.
861 1485 991 1524 Philipp.
1008 1486 1059 1515 XI.
1078 1489 1125 1517 13.
1143 1486 1182 1514 si-

231 1522 393 1559 gnificavit.
417 1526 488 1556 Cod.
513 1526 570 1554 Gu.
589 1538 620 1565 p.
638 1539 663 1556 r.
687 1538 742 1566 pro
764 1528 879 1566 populo
899 1529 1048 1557 Romano.
1072 1529 1181 1557 Exem-

233 1565 316 1602 plum
338 1566 416 1595 inter
439 1568 583 1606 Fragmm.
606 1570 742 1609 reposuit
767 1571 860 1600 Orell.
888 1581 916 1609 p.
940 1572 1010 1602 442.
1035 1582 1123 1609 quem
1142 1572 1181 1600 cs·

233 1623 274 1629 --
295 1607 323 1647 Ξ)
348 1610 411 1638 Sal.
445 1610 511 1639 Cat.
532 1613 582 1642 62.
605 1613 637 1642 Α.
658 1613 695 1641 M.
715 1613 783 1651 Cup.
806 1614 856 1644 59.
879 1613 925 1642 ed.
943 1615 1022 1642 Cort.
1044 1613 1182 1642 Gerlach.

234 1647 379 1679 Iam-mos
399 1652 573 1692 plerumque
591 1655 689 1684 editur
713 1655 792 1694 apud
819 1656 875 1684 Sal.
899 1671 938 1678 —-
961 1655 989 1694 3)
1010 1656 1096 1695 Virg.
1115 1657 1181 1687 Ecl-

240 1691 275 1720 V.
292 1695 319 1724 8.
344 1694 375 1722 A.
393 1695 431 1722 M.
458 1695 558 1724 Cei-tat
575 1698 645 1725 Cod.
668 1698 725 1726 Gn.
747 1714 790 1720 —-
811 1698 841 1736 4)
866 1698 929 1727 Sal.
953 1697 1022 1737 Iug.
1043 1703 1071 1731 6.
1095 1698 1128 1727 A.
1143 1699 1181 1727 M.

240 1732 338 1762 Curru
363 1737 432 1765 Cod.
457 1737 493 1767 A.
521 1738 559 1767 M.
584 1750 674 1767 cursu
695 1745 774 1769 recte
797 1740 869 1770 Cod.
899 1741 955 1769 Gu.
987 1757 1028 1762 —
1060 1740 1094 1779 5)
1117 1741 1182 1771 Sal.

238 1774 303 1811 lug.
328 1778 375 1809 56.
400 1780 432 1806 A.
454 1779 492 1808 Μ.
517 1781 588 1820 Cap.
612 1785 661 1814 52.
683 1782 748 1811 init.
773 1783 819 1811 ed.
842 1783 927 1811 cort.
951 1783 1086 1813 Ge1lach.
1111 1783 1182 1812 cm·-

236 1816 339 1845 tabunt
362 1821 432 1850 Cod.
462 1823 519 1851 Gu.
545 1840 588 1846 —
618 1827 647 1860 6)
669 1825 732 1854 Sal.
763 1824 828 1854 Cat.
848 1826 898 1857 57.
922 1825 956 1854 A.
981 1826 1009 1854 M
1042 1827 1112 1864 Cap.
1132 1828 1182 1858 53.

238 1858 282 1886 ed.
308 1860 384 1889 Cort.
406 1864 544 1895 Gerlach.
573 1882 615 1888 —-
643 1865 672 1905 7)
700 1868 786 1906 Virg.
813 1869 920 1907 Georg.
942 1866 984 1897 II.
1014 1870 1064 1900 96.
1087 1869 1122 1898 A.
1144 1869 1183 1897 M.

242 1900 328 1928 Adeo
345 1908 464 1943 uterque
481 1908 550 1936 Cod.
572 1908 640 1938 Ideo
657 1915 701 1938 est
716 1910 795 1948 apud
814 1910 895 1948 Virg.
913 1911 1030 1939 Faleris
1044 1911 1184 1940 mendose

240 1943 313 1974 Cod.
329 1944 386 1973 Gu.
410 1962 451 1968 —
477 1948 504 1986 S)
519 1950 568 1978 Sic
587 1957 712 1990 uterque
729 1952 799 1981 eod.
822 1953 877 1981 Sed
899 1953 980 1982 haud
997 1954 1086 1982 dubie
1103 1954 1184 1983 scri-

238 1984 441 2033 bendumillo.
462 1989 536 2019 Tum
559 1993 619 2024 Cic,
636 2005 695 2032 pro
716 1996 851 2024 Cornelio
869 1998 940 2027 991.
959 1996 993 2024 A.
1011 1996 1049 2025 M.
1069 1996 1182 2025 Nume-

237 2037 304 2055 rum
326 2028 426 2075 adiicit
441 2030 512 2060 Cod.
530 2033 585 2063 Gu.
609 2036 654 2064 Ad
670 2038 815 2073 Fragmm.
831 2038 899 2066 libri
915 2038 951 2067 II.
974 2039 1183 2068 annumeravit

238 2069 377 2098 Nobblus.
407 2087 449 2093 —
483 2075 510 2110 9)
534 2075 603 2102 Cod.
627 2078 683 2108 Gu.
709 2078 863 2110 Certamen
882 2086 923 2108 est
948 2081 998 2108 illi
1022 2092 1090 2109 cum
1116 2082 1180 2109 illo.

237 2111 312 2140 Tum
340 2114 427 2151 Vtrg.
450 2115 515 2142 Ecl.
543 2115 613 2145 VII.
639 2123 685 2150 16.
709 2122 741 2151 A.
761 2122 800 2152 Μ.
823 2139 865 2144 —-
888 2123 933 2161 10)
955 2124 1020 2153 Sal.
1047 2125 1127 2153 Hm.
1154 2122 1178 2152 Ῐ.

240 2156 288 2184 19.
310 2154 343 2185 Α.
360 2155 396 2183 Μ.
417 2155 468 2186 ΝΟ.
484 2158 534 2188 31.
555 2159 690 2189 Gerlach.
713 2163 784 2191 Tum
806 2166 1005 2193 Duraclzium
1030 2166 1102 2195 Cod.
1120 2166 1178 2195 Gu.

236 2196 466 2234 Dyrrhachium
487 2199 519 2227 A.
536 2200 574 2230 Μ.
598 2216 639 2221 -
670 2204 712 2239 11)
738 2206 822 2244 Virg.
844 2209 908 2236 Ecl.
934 2207 987 2237 VI.
1008 2209 1057 2240 85.
1080 2208 1114 2238 A.
1138 2209 1178 2239 M.

237 2254 278 2261 —
302 2241 348 2276 12)
369 2239 451 2269 Idem
468 2240 542 2270 Aen.
567 2243 607 2272 X.
626 2243 694 2275 436.
712 2245 747 2274 A.
763 2247 800 2276 M.
815 2249 893 2277 Aut
915 2255 1014 2278 tamen
1031 2251 1101 2280 Cod.
1119 2251 1176 2280 Gu-

236 2295 275 2302 —
300 2281 344 2320 13)
369 2282 453 2311 Idem
479 2282 568 2312 VIII.
591 2287 663 2316 692.
688 2285 721 2314 A.
742 2287 779 2316 M.
812 2305 845 2310 -—-
877 2291 919 2328 14)
942 2291 1023 2320 Idem
1049 2292 1074 2322 I.
1104 2295 1175 2325 493.

236 2321 270 2350 A.
288 2323 328 2353 Μ.
353 2340 395 2346 —
418 2328 459 2360 15)
484 2325 566 2353 Idem
589 2325 633 2356 ῙῙ.
654 2330 723 2358 470.
747 2329 780 2356 A.
804 2330 843 2359 M.
887 2333 961 2360 Tum
990 2345 1066 2362 uena
1091 2339 1175 2363 uter-

1225 1442 1407 1483 scripturam
1437 1443 1539 1473 salsam
1563 1454 1640 1480 esse,
1679 1443 1783 1472 asserit
1810 1442 1844 1472 A.
1866 1442 1903 1471 M.
1929 1442 1960 1471 in
1983 1442 2176 1471 nobilissimis

1225 1486 1340 1515 duobus
1369 1487 1461 1515 Codd.
1492 1487 1626 1524 Virgilii,
1656 1486 1799 1515 Vaticano
1829 1490 1857 1514 et
1887 1485 2031 1522 Mediceo‚
2062 1495 2176 1525 semper

1226 1540 1318 1556 aeuus
1342 1528 1469 1558 inveniri
1490 1534 1627 1558 testatus.
1671 1529 1751 1557 Idem
1778 1529 1915 1557 conferre
1941 1527 2024 1555 iubet
2045 1527 2075 1555 in
2098 1527 2175 1556 hanc

1224 1582 1287 1600 rem
1305 1573 1338 1601 A.
1359 1572 1489 1600 Gellium
1508 1572 1543 1606 Π,
1567 1573 1596 1603 3.
1622 1572 1710 1607 Quod
1731 1570 1932 1600 testimonium
1947 1580 2038 1608 quum
2054 1571 2091 1598 sit
2104 1580 2176 1608 grn-

1225 1614 1397 1651 vissimum,
1419 1624 1474 1643 cur
1498 1615 1666 1652 ignoratum
1690 1614 1729 1642 sit
1747 1623 1841 1652 usque
1863 1613 1901 1641 ad
1922 1612 1980 1641 hoc
2001 1617 2117 1652 tempus
2139 1612 2175 1641 ab

1225 1657 1414 1693 Editoribus,
1437 1662 1580 1695 exputare
1601 1666 1725 1695 nequeo.
1746 1672 1788 1678 —-
1813 1658 1860 1691 16)
1876 1654 1958 1684 Idem
1977 1656 2082 1694 Geoig.
2103 1655 2175 1684 IIII.

1224 1701 1276 1730 98.
1301 1699 1334 1727 A.
1359 1698 1399 1728 M.
1420 1698 1466 1727 Ec
1494 1700 1593 1727 lucent
1617 1700 1702 1727 ιιίία
1728 1704 1753 1726 et
1773 1698 1845 1726 cod.
1862 1698 1919 1726 Gu.
1938 1697 1988 1735 qui
2011 1697 2099 1725 etiam
2117 1702 2175 1726 ter-

1225 1742 1299 1769 tium
1323 1741 1431 1769 librum
1448 1741 1478 1770 h.
1494 1742 1515 1770 l.
1541 1742 1621 1772 citat.
1646 1758 1682 1763 —-
1709 1744 1752 1778 17)
1778 1740 1858 1768 Idem
1880 1740 1954 1770 Aen.
1980 1740 2020 1768 X.
2043 1742 2114 1771 652.
2138 1740 2173 1770 A.

1225 1783 1263 1812 M.
1279 1783 1372 1811 Antea
1387 1783 1418 1811 in
1436 1784 1603 1813 elocutione
1620 1788 1798 1812 coruscant
1818 1788 1958 1820 typorum
1973 1792 2072 1810 errore
2093 1782 2175 1821 apud

1225 1825 1259 1853 A.
1277 1826 1315 1854 Μ.
1337 1841 1380 1847 -·
1402 1826 1448 1863 18)
1463 1825 1545 1854 Idem
1560 1826 1617 1855 XI.
1647 1828 1716 1858 343.
1747 1825 1780 1853 Α.
1794 1825 1833 1853 Μ.
1852 1823 1924 1852 Cod.
1947 1824 2003 1852 Gu.
2022 1824 2093 1852 citat
2108 1834 2123 1853 e
2139 1825 2174 1854 li-

1224 1868 1280 1896 bro
1296 1868 1332 1896 11.
1354 1868 1431 1896 Rem
1447 1870 1586 1897 nullam
1608 1868 1685 1896 obse.
1704 1866 1776 1896 eod.
1795 1866 1830 1895 A.
1852 1866 1889 1896 M.
1912 1866 2001 1894 Recte
2024 1867 2095 1896 cod.
2117 1868 2173 1896 Gu.

1224 1911 1319 1948 nulli,
1349 1910 1430 1948 quod
1458 1911 1537 1950 apud
1564 1911 1645 1949 Virg.
1672 1910 1791 1948 legitur.
1816 1909 1889 1937 Tum
1918 1918 1934 1936 o
1958 1908 2030 1936 bone
2050 1919 2173 1938 rerum

1225 1953 1298 1982 Cod.
1319 1951 1355 1981 A.
1370 1953 1409 1982 Μ.
1429 1952 1535 1982 Veram
1559 1953 1718 1982 lectionem
1741 1955 1869 1990 praestat
1890 1950 1961 1979 Cod.
1985 1951 2042 1980 Gu.
2064 1967 2107 1974 -—
2128 1954 2170 1987 19)

1225 1995 1291 2024 Sal.
1310 1994 1377 2024 Cat.
1393 1995 1443 2027 50.
1461 1996 1495 2025 A.
1512 1995 1550 2024 M.
1566 1996 1637 2034 Cap.
1655 1995 1705 2027 51.
1721 1994 1765 2024 ed.
1783 1994 1862 2022 Cort.
1879 1993 1960 2021 Gerl.
1986 1994 2074 2031 Quae
2089 1998 2172 2023 uter-

1224 2047 1281 2076 que
1308 2037 1381 2066 Cod.
1406 2038 1495 2077 Apud
1521 2038 1580 2067 Sal.
1608 2037 1715 2076 legitur
1744 2037 1805 2075 qul.
1841 2036 1915 2064 Tum
1936 2037 2172 2065 consuluerunt

1223 2085 1319 2118 uterq.
1338 2079 1408 2110 Cod.
1430 2080 1633 2108 consuluerint
1654 2080 1752 2108 editur
1772 2077 1852 2117 apud
1875 2077 1934 2106 Sal.
1956 2094 1999 2099 —
2019 2079 2066 2116 20)
2093 2079 2171 2108 Con-

1222 2123 1291 2150 -ς-ιιῖο
1313 2122 1362 2149 illi
1385 2124 1428 2150 rei
1448 2127 1528 2152 recte
1544 2123 1616 2152 Cod.
1636 2123 1692 2153 Gu.
1714 2121 1885 2150 consulor
1907 2121 1956 2148 illd
1977 2122 2021 2148 rei
2042 2121 2114 2150 Cod.
2135 2121 2170 2151 A.

1220 2165 1257 2196 M.
1284 2165 1413 2193 consulo
1434 2166 1483 2193 vel
1504 2166 1638 2194 consulto
1669 2165 1719 2193 illi
1747 2165 1791 2191 rei
1817 2163 1853 2190 de
1880 2172 1933 2191 suo
1955 2162 2050 2191 edidit
2075 2164 2108 2192 A.
2131 2163 2169 2192 Μ.

1224 2208 1286 2236 Cic.
1306 2209 1339 2235 in
1354 2208 1492 2236 Pisonem
1517 2210 1568 2239 10.
1591 2208 1626 2238 A.
1644 2207 1682 2236 M.
1709 2207 1772 2236 Sal.
1798 2205 1862 2234 Cat.
1883 2207 1912 2236 6.
1937 2206 1970 2233 A.
1997 2205 2033 2234 Μ.
2055 2222 2098 2228 —
2119 2205 2168 2244 21)

1221 2251 1283 2278 Sal.
1299 2250 1364 2280 Cat.
1386 2252 1436 2282 50.
1460 2251 1494 2279 A.
1510 2249 1550 2279 M.
1572 2250 1641 2289 Cap.
1661 2251 1711 2281 51.
1734 2249 1779 2279 ed.
1799 2248 1878 2276 Coi-t.
1903 2246 1983 2275 Gerl.
2006 2247 2082 2276 Tum
2101 2248 2167 2275 Et-

1219 2309 1236 2314 -
1251 2293 1408 2320 consulam
1435 2292 1505 2321 Cod.
1529 2292 1564 2322 A.
1588 2292 1626 2321 M.
1654 2291 1776 2330 Quocl-
1791 2307 1808 2311 -
1822 2289 1983 2317 consulant
2010 2289 2081 2318 cod.
2105 2289 2165 2319 Gu.

1218 2334 1330 2372 Scripsi
1354 2334 1385 2363 id
1409 2335 1488 2372 quod
1513 2334 1700 2363 scribendum
1725 2333 1791 2362 suit.
1815 2332 1888 2360 Nam
1911 2329 1992 2369 quod
2013 2340 2049 2358 ex
2075 2332 2164 2368 igno-

236 2373 293 2401 que
309 2366 380 2396 Cod.
393 2367 481 2407 Apud
495 2368 574 2406 Virg.
591 2370 765 2409 plerumque
786 2373 925 2401 scribitur
941 2375 1052 2412 alienu,
1086 2386 1173 2413 quam
1215 2382 1281 2406 rato
1299 2377 1476 2416 compendio
1504 2382 1603 2407 ortum
1633 2382 1662 2407 et
1682 2376 1842 2407 consulant
1865 2382 1948 2403 error
1973 2371 2096 2401 librarii.
2121 2388 2163 2396 —-
