2263 2668
804 158 894 194 ARS
929 156 1262 195 GRAMMATICA.
1932 168 2007 203 273

886 252 949 285 De
993 251 1189 288 Casibus

234 327 268 361 8.
323 329 426 363 Casus
453 332 526 362 sunt
552 329 717 372 quaedam
753 329 1005 368 declinationes,
1039 328 1117 361 inde
1144 328 1190 362 sic
1218 325 1338 370 dictim,
1373 330 1466 373 quod
1500 343 1562 376 per
1591 343 1647 365 eos
1680 333 1841 377 pleraque
1876 336 2009 369 nomina

71 391 90 412 a
117 379 224 424 prima
251 381 299 413 sui
326 381 489 425 positione
516 381 633 413 inflexa
660 381 841 422 varientur,
869 386 901 414 et
921 376 1074 414 cadant¹⁷
1100 380 1279 424 pleraque,
1306 391 1371 412 non
1398 386 1508 415 tamen
1535 385 1653 417 onmia.
1682 386 1766 418 Sunt
1792 386 1877 419 enim
1904 399 2009 430 quae—

72 431 150 463 dam
178 433 358 471 vocabula,
386 443 471 475 quae
498 443 559 474 per
585 444 677 465 casus
699 433 788 466 flecti
815 443 879 465 non
905 436 1060 476 possunt,
1090 432 1192 464 veluti
1218 443 1354 476 nugas,
1372 431 1500 478 smge‘,
1526 435 1634 468 nihili.
1672 436 1924 471 ‘Declinationis
1952 449 2010 472 ca-

72 494 124 515 sus
152 489 224 515 sunt
250 495 323 516 sex:
351 483 579 523 nominativus,
607 484 780 528 genitivus,
809 484 946 523 dativus,
975 483 1194 526 accusativus,
1221 483 1408 524 vocativus,
1436 486 1607 521 ablativus,
1661 487 1730 520 Sed
1758 488 1782 520 si
1810 501 1829 521 a
1857 490 2010 523 cadendo

73 545 165 567 casus
192 534 271 567 dieti
297 540 379 574 sunt,
407 535 624 567 nominativus
651 547 743 568 casus
772 540 862 568 recte
889 535 955 568 dici
981 545 1047 566 non
1067 539 1189 579 potest,
1216 535 1273 577 qui
1295 534 1408 568 adhuc
1434 536 1464 569 in
1490 548 1548 569 suo
1576 542 1658 571 statu
1680 543 1742 579 est,
1770 551 1832 572 nec
1858 552 1877 572 a
1903 542 2012 585 prima

73 586 121 618 sui
146 586 310 629 positione
337 585 472 627 cecidit,
505 597 572 629 quo
600 586 637 618 fit
662 591 698 619 ut
726 599 744 619 a
774 587 918 631 genitivo
953 597 1045 619 casus
1081 597 1149 618 esse
1181 586 1348 630 incipiant.
1400 587 1452 620 Ac
1485 599 1546 632 per
1572 589 1640 622 hoc
1666 590 1731 622 iam
1758 591 1903 634 quinque
1929 598 2010 626 sunt.

74 637 232 678 Quamvis
263 648 328 669 non
361 637 457 669 aliter
493 638 731 670 nominativum
766 649 899 681 quoque
934 649 1047 671 casum
1082 637 1194 670 dicere
1227 648 1419 682 possumuS,
1446 650 1544 681 quam
1578 646 1613 673 ut
1639 641 1671 673 in
1697 642 1868 686 gradibus,
1897 641 2012 686 quosffi

73 687 314 729 descendimus,
340 688 433 720 illum
451 689 560 728 etiam,
588 689 643 732 qui
670 690 702 721 in
729 701 857 722 summo
885 694 944 733 est,
971 688 1115 733 gradum
1143 689 1293 730 dicimus,
1313 700 1389 722 curn
1417 689 1540 734 alioqui
1561 692 1723 736 superiori
1749 691 1936 737 planiciei¹⁹
1954 706 2013 727 ae-

73 739 177 782 qualis
205 739 261 780 sit,
289 751 351 773 nec
377 740 435 772 {iat
461 740 585 785 gradus
612 741 671 773 nisi
702 741 912 784 depressione
937 740 1114 784 sequentis,
1142 751 1209 783 quo
1238 741 1394 784 exemplo
1421 753 1482 786 per
1508 744 1699 786 genitivum,
1727 745 1760 776 in
1787 757 1886 788 quem
1914 746 2013 786 cadit,

72 790 290 823 nominativus
319 802 454 834 quoque
484 792 549 824 iam
584 803 676 825 casus
711 797 766 826 est.
818 792 958 825 Addunt
985 792 1081 825 etiam
1109 792 1273 832 nonnulli,
1306 793 1453 835 quamvis
1479 794 1545 826 sine
1571 796 1718 837 nomine,
1754 796 1929 840 septimum
1956 808 2015 830 ca·-

74 838 188 875 sum²⁰.
242 842 410 886 Septimus
438 853 532 876 casus
559 848 624 883 est,
659 844 715 886 qui
742 844 832 887 quasi
859 845 1005 888 speciem
1039 843 1175 876 ablativi
1207 843 1328 883 habet,
1360 855 1422 877 nec
1456 849 1566 877 tamen
1601 847 1758 880 ablativus
1786 852 1850 886 est3
1886 848 2015 892 quippe

72 894 146 937 ipse
182 905 244 937 per
278 895 501 928 accusativum
545 891 732 938 liquidius²¹
770 895 968 940 explicatur,
1015 895 1118 927 veluti
1155 905 1232 928 cum
1263 895 1419 929 dicimus:
1449 907 1511 929 nos
1538 900 1636 929 terra
1662 898 1716 930 vel
1742 899 1835 931 mari
1864 897 2013 944 [1940]

73 948 206 983 vectos3
232 956 298 979 non
325 946 438 989 utique
459 958 477 978 a
500 950 587 978 terra
614 947 667 979 vel
693 947 793 987 mari,
824 947 881 980 sed
908 959 969 991 per
995 951 1133 987 terram,
1160 947 1215 980 vel
1240 958 1303 991 per
1330 958 1431 983 mare.
1484 948 1536 980 Ex
1563 959 1629 992 quo
1657 960 1751 983 sensu
1778 954 1844 983 est:

306 1033 350 1039 —-
378 1014 523 1046 multum
550 1015 609 1047 ille
636 1018 667 1047 et
693 1015 796 1047 terris
821 1015 974 1048 iactatus
1000 1018 1032 1048 et
1059 1010 1173 1048 alt022.

239 1081 274 1119 9,
329 1082 471 1115 Genitivi
498 1094 590 1116 casus
616 1083 734 1128 regula
762 1087 824 1116 est:
852 1084 1013 1128 genitivus
1040 1083 1212 1128 singularis
1241 1094 1408 1127 nunquam
1436 1095 1455 1116 a
1481 1084 1683 1116 nominativo
1710 1081 1799 1117 suo²³
1825 1086 1931 1119 minor
1958 1091 2015 1119 est.

74 1133 191 1176 Itaque
219 1139 273 1166 aut
299 1134 436 1166 totidem
464 1134 594 1177 syllabis
620 1140 771 1168 constare
798 1135 915 1175 debet,
944 1139 1025 1177 quot
1053 1140 1085 1168 et
1110 1135 1328 1167 nominativus
1356 1136 1441 1176 eius,
1469 1141 1525 1168 aut
1552 1136 1649 1168 etiam
1670 1147 1735 1168 una
1761 1136 1888 1179 syllaba
1916 1149 2018 1171 exce-

76 1185 165 1217 dere.
219 1185 378 1217 Totidem
406 1186 557 1229 syllabis,
584 1191 620 1218 ut
647 1186 806 1230 Virgilius
836 1186 978 1230 Virgilii,
1005 1186 1179 1219 Terentius
1206 1187 1371 1225 Terentii3
1398 1191 1430 1219 et
1457 1188 1500 1219 ob
1527 1186 1562 1218 id
1588 1187 1754 1231 geminata
1782 1185 1900 1229 ests-²⁴,
1928 1200 2016 1232 quo-

75 1236 162 1268 niam
187 1248 250 1268 uua
278 1236 439 1269 excedere
467 1237 585 1275 debet,
613 1242 648 1270 ut
674 1238 802 1270 Hector
828 1238 992 1280 Hectoris,
1018 1239 1138 1270 Nestor
1164 1238 1320 1273 Nestoris.
1372 1238 1491 1270 Nullus
1518 1239 1736 1271 nominativus
1759 1239 1935 1280 invenitur,
1962 1240 2019 1283 qui

76 1287 174 1319 etiam
207 1287 335 1320 duabus
366 1288 501 1331 syllabis
532 1293 698 1321 accrescat
732 1289 763 1320 in
798 1290 955 1333 genitivo,
1016 1289 1171 1323 Incidunt
1204 1289 1369 1332 quaedam
1405 1294 1520 1322 contra
1553 1290 1778 1333 supradictam
1811 1291 1969 1324 rationem
1982 1288 2018 1332 ²⁵,

75 1334 200 1372 sicuti²⁶
226 1343 273 1371 est
300 1349 422 1383 anceps
449 1340 611 1383 ancipitis,
637 1351 801 1384 praeceps
827 1341 1037 1385 praecipitis,
1064 1341 1181 1386 biceps
1204 1341 1364 1385 bicipitis,
1396 1341 1546 1385 supellex
1569 1341 1792 1386 supellectilis.

241 1424 298 1459 10.
349 1426 496 1459 Ablativi
523 1427 641 1471 regula
669 1431 732 1459 est:
768 1427 927 1459 ablativus
961 1427 1135 1471 singularis
1169 1426 1314 1470 exceptis
1348 1426 1544 1469 quibusdam
1571 1427 1758 1459 nominibus
1788 1427 1924 1470 aptotis,
1956 1438 2018 1460 ne-

76 1487 176 1519 quam
203 1480 235 1509 et
261 1488 383 1521 nugas,
417 1489 481 1510 una
503 1489 542 1510 ex
574 1478 719 1521 quinque
744 1479 916 1511 vocalibus
943 1479 1145 1511 terminatur.
1199 1478 1425 1520 Quaecunque
1452 1478 1551 1522 igitur
1578 1479 1710 1510 nomina
1738 1478 1881 1511 ablativo
1909 1474 2019 1512 casu²⁷

76 1528 236 1572 singulari
262 1539 286 1561 a
312 1529 365 1561 vel
392 1540 411 1562 o
437 1529 558 1562 fuerint
583 1530 766 1570 terminata,
792 1530 973 1574 genitivum
999 1530 1164 1574 pluralem
1185 1530 1218 1562 in
1239 1540 1317 1562 rum
1345 1529 1508 1572 syllabam
1535 1529 1675 1568 mittunt,
1704 1529 1849 1562 dativum
1878 1534 1910 1562 et
1923 1530 2019 1562 abla-

75 1579 179 1611 tivum
205 1579 237 1611 in
258 1580 297 1620 is,
326 1585 361 1612 ut
382 1585 464 1624 puta
490 1581 532 1613 ab
559 1580 625 1614 hac
651 1581 774 1623 tabula,
796 1581 915 1614 harum
942 1581 1141 1622 tabularum,
1169 1581 1220 1613 his
1248 1585 1280 1613 et
1307 1581 1349 1612 ab
1375 1580 1426 1612 his
1453 1579 1571 1611 tabulis
1581 1576 1621 1617 2ὓς
1650 1580 1691 1612 ab
1719 1580 1786 1613 hoc
1814 1580 1925 1621 docto,
1952 1580 2019 1612 ho-

76 1642 150 1663 rum
177 1629 370 1674 doctorum,
404 1632 455 1664 llis
491 1636 523 1665 et
549 1632 591 1665 ab
618 1632 669 1665 his
694 1632 809 1666 doctis.
862 1633 965 1674 Quod
995 1633 1020 1665 si
1048 1643 1067 1665 e
1092 1634 1144 1665 vel
1171 1633 1183 1664 ἱ
1208 1632 1262 1664 vel
1288 1627 1345 1663 11²⁹
1370 1630 1488 1663 fuerint
1514 1630 1707 1671 terminata,
1743 1637 1897 1675 correpta
1924 1632 2019 1664 litera

76 1682 110 1714 in
137 1681 305 1724 ablativis,
332 1683 513 1728 genitivum
539 1684 706 1727 pluralem
732 1685 765 1716 in
791 1695 850 1717 um
876 1685 930 1717 vel
956 1685 989 1716 in
1018 1680 1124 1716 ium³⁰
1150 1683 1291 1727 syllabas
1314 1681 1461 1721 eiiciunt,
1489 1684 1524 1712 ut
1547 1686 1628 1724 puta
1655 1682 1697 1714 ab
1724 1681 1792 1715 hoc
1815 1682 1932 1715 codice
1958 1693 2018 1714 co-

77 1733 210 1773 dicum,
241 1735 369 1777 pariete
400 1735 580 1779 parietum,
606 1735 684 1768 item
711 1747 795 1780 rupe
821 1736 972 1780 rupium,
999 1736 1100 1779 stirpe
1127 1734 1286 1778 stirpium,
1312 1737 1409 1764 nocte
1436 1731 1591 1765 noctium.
1626 1732 1732 1765 Simili
1753 1743 1887 1775 quoque
1913 1733 2018 1765 modo

77 1785 90 1817 i
115 1785 294 1828 aliquando
327 1786 360 1818 in
386 1798 445 1819 um
471 1784 666 1831 syllabam³¹
693 1787 785 1831 iacit,
818 1792 855 1820 ut
878 1787 972 1832 vigili
998 1782 1178 1832 vigilum³2‚
1205 1783 1313 1828 pugili
1338 1783 1511 1828 pugilum;
1537 1783 1616 1816 item
1638 1783 1718 1828 agili
1744 1784 1903 1828 agilium,
1926 1784 2017 1818 facili

79 1902 216 1932 suetudo,
239 1905 340 1934 Cetera
357 1906 472 1934 ubertas
488 1907 519 1934 in
536 1906 606 1935 Cod.
627 1906 836 1946 interpolatori
851 1905 1024 1941 tribuenda3

78 1946 236 1973 verborum
259 1947 293 1974 ab
310 1948 470 1987 interprete
490 1950 527 1977 ad
545 1960 645 1977 eorum
661 1950 823 1987 ascriptum
841 1949 906 1984 suit,
931 1947 1026 1975 medio

1070 1903 1165 1932 omisi.
1184 1917 1221 1924 —
1241 1902 1288 1938 21)
1307 1900 1460 1930 Lucidius
1478 1901 1526 1929 asel
1547 1899 1698 1940 liquidius
1720 1900 1773 1929 Go.
1790 1900 1944 1930 Lucidius
1968 1902 2016 1931 Pe.

1069 1944 1188 1974 Putsch.
1220 1944 1394 1983 Praeoptavi
1422 1943 1589 1982 liquidius,
1621 1954 1676 1982 qua
1706 1944 1806 1972 eadem
1838 1955 1909 1972 voce
1938 1944 2017 1973 infra

79 1998 117 2017 ex
139 1987 225 2016 modo
247 1995 431 2028 corruptum.
451 2007 493 2012 —
528 1991 573 2031 13)
599 1990 823 2020 Tantummodo
845 1991 898 2019 Go.
917 1990 1025 2017 omisso
1069 1988 1166 2016 utitur
1185 1987 1216 2014 in
1235 1997 1267 2015 re
1290 1986 1377 2015 simili
1403 1986 1532 2014 Gramm.
1555 2002 1595 2009 —-
1617 1986 1665 2024 22)
1690 1985 1769 2023 Virg.
1793 1987 1864 2015 Aen.
1885 1987 1905 2023 l,
1929 1990 1957 2018 3.
1973 2003 2016 2008 —

79 2036 131 2059 est.
160 2032 252 2069 Saepe
282 2037 323 2059 est
349 2036 377 2060 et
407 2032 494 2060 modo
534 2034 678 2062 similibus
711 2033 892 2072 compendiis
917 2032 1027 2069 scripta
1068 2030 1116 2067 23)
1139 2029 1173 2057 A
1195 2040 1247 2057 Suo
1268 2040 1344 2058 num.
1366 2029 1411 2059 Pe.
1434 2028 1554 2058 Putsch.
1588 2046 1623 2051 —
1655 2027 1702 2066 24)
1731 2030 1892 2057 Geminam
1918 2035 1959 2056 est
1985 2031 2016 2057 ii

80 2073 316 2102 confunduntur.
340 2091 379 2095 —
403 2076 446 2109 14)
473 2076 508 2103 Ul
525 2083 607 2114 puta
627 2077 723 2104 veluti
741 2076 795 2103 G0.
811 2075 859 2102 Sic
872 2075 931 2102 sere
948 2083 1026 2101 sem-
1068 2072 1117 2100 Pe.
1133 2071 1252 2101 Putsch.
1274 2088 1315 2093 —
1336 2071 1493 2109 25)Suprn
1512 2070 1625 2100 dictam
1640 2070 1756 2100 divisim
1775 2072 1919 2110 scriptum
1934 2072 2015 2110 apud

80 2126 144 2154 Per·
173 2132 215 2137 -
250 2119 293 2150 15)
318 2117 456 2154 sllagitus
480 2117 565 2145 bovis
594 2124 621 2146 et
647 2118 811 2146 nonnullae
833 2117 913 2144 allae
943 2125 1026 2142 voc-cs
1068 2114 1189 2142 Putsch.
1215 2113 1400 2142 coniunctim
1420 2113 1560 2142 exhibent
1584 2114 1636 2143 Go.
1663 2113 1708 2141 Pe.
1736 2129 1777 2134 —
1807 2116 1850 2149 26)
1881 2114 1919 2141 Ut
1933 2119 2015 2152 puta

81 2163 151 2186 sunt
169 2158 223 2186 Go.
247 2159 323 2186 Sunt
340 2159 420 2186 abest
441 2169 455 2186 a
478 2160 523 2188 Pe.
546 2165 573 2188 et
592 2160 710 2189 Putsch.
738 2176 773 2180 —
801 2157 844 2197 16)
875 2157 956 2185 mule
975 2156 1025 2184 di·
1068 2158 1162 2184 sicuti
1182 2157 1234 2185 Go.
1262 2172 1303 2178 -
1332 2158 1376 2190 27)
1404 2156 1487 2184 Casu
1516 2156 1608 2185 adieci
1635 2166 1650 2184 e
1675 2156 1729 2183 Go.
1760 2171 1801 2177 ——
1829 2159 1874 2190 28)
1898 2157 1960 2184 llis
1988 2162 2013 2183 et

81 2202 123 2228 cti
141 2202 194 2228 Go.
220 2200 255 2228 ab
279 2210 332 2237 eo,
358 2201 405 2239 qui
428 2201 666 2239 interrogationis
687 2201 828 2230 formulas
846 2200 1025 2228 adhibendas
1068 2199 1106 2227 ab
1127 2199 1174 2226 Ιιίθ
1194 2198 1308 2226 tabulis
1325 2198 1407 2227 deest
1422 2199 1453 2227 in
1471 2199 1525 2227 Go.
1551 2214 1591 2220 ——
1613 2197 1660 2236 29)
1690 2196 1808 2235 Quod-si
1824 2210 1837 2225 ε
1857 2204 1912 2226 aut
1932 2200 2014 2225 iant

81 2243 214 2282 putabat.
246 2259 287 2265 —
316 2245 358 2277 17)
392 2243 571 2271 l'ari'encur
593 2250 618 2272 et
648 2243 781 2272 cadunt
812 2243 866 2270 Go.
903 2257 945 2263 —-·
981 2244 1022 2276 18)
1068 2252 1088 2269 ιι
1103 2242 1151 2271 Pe.
1171 2240 1277 2270 Pusch.
1312 2258 1354 2262 —-
1382 2243 1433 2278 30)
1463 2242 1522 2269 Um
1545 2247 1579 2269 et
1599 2242 1676 2268 ium
1698 2241 1746 2269 Pe.
1766 2240 1886 2271 Putsch.
1909 2241 1944 2268 In.
1961 2251 2012 2267 um

84 2286 182 2324 Quam
206 2286 237 2313 in
256 2283 409 2324 gradibus
427 2296 481 2323 pe‘r
507 2297 582 2323 quos
606 2287 654 2316 Pe.
681 2285 798 2314 Putsch.
827 2285 863 2312 L't
884 2284 986 2312 addidi
1009 2294 1024 2312 e
1068 2284 1118 2312 vel
1134 2286 1167 2312 in
1187 2286 1199 2311 i
1222 2289 1248 2311 et
1281 2294 1333 2312 um
1353 2283 1406 2314 Go.
1426 2284 1505 2322 quod
1528 2283 1615 2312 facile
1634 2282 1760 2311 correxi.
1783 2299 1822 2304 —-
1845 2286 1889 2315 31)
1914 2283 2011 2318 Silla-

82 2328 154 2358 cod.
185 2329 238 2356 (ἑο.
262 2330 320 2355 l’m·
343 2327 426 2356 omisi
452 2338 488 2355 ex
511 2328 621 2356 eodem.
644 2345 684 2350 —
708 2328 753 2364 19)
776 2327 848 2355 Alio
870 2328 943 2365 quia
972 2337 1024 2354 Su-
1067 2326 1135 2355 bam
1151 2326 1244 2355 adieci
1260 2336 1274 2354 e
1293 2326 1363 2355 Cod.
1380 2326 1435 2354 Go.
1459 2343 1501 2348 —
1520 2329 1565 2359 32)
1597 2326 1633 2354 Ut
1648 2326 1760 2363 mugili
1775 2325 1925 2363 mugilum,
1941 2334 2008 2352 cor-

79 2372 195 2408 periore
207 2371 369 2410 planitiae.
395 2370 465 2398 cod.
482 2370 537 2399 Go.
563 2386 605 2391 —
626 2372 672 2406 ΞΟ)
694 2370 751 2398 Hic
769 2369 902 2408 sequitur
918 2369 948 2396 in
969 2370 1022 2398 Go.

83 2418 111 2442 et.
122 2414 170 2443 Pe.
185 2413 355 2452 inscriptio:
378 2414 426 2441 De
446 2414 569 2451 Septimo
590 2422 678 2446 casu,
703 2422 790 2451 quam
804 2422 871 2440 cum
886 2411 1024 2440 l’utschio

124 2468 286 2496 GRAMMAT.
307 2477 375 2496 ΜΤ.
402 2466 420 2496 Ι.

1066 2374 1153 2409 rupte
1166 2369 1213 2399 Pe.
1228 2368 1349 2401 Putsch.
1371 2369 1409 2397 Ut
1428 2368 1484 2397 Ιιοε
1502 2368 1594 2407 vigili
1611 2368 1741 2407 vigilum
1757 2367 1811 2395 Go-

1508 2453 1598 2487 Mm
