2263 2668
406 171 469 204 DE
497 170 770 205 VERBORUM
796 168 1184 206 SlGNlFlCATlONE
1212 169 1525 204 FRAGMENTA.
1784 166 1857 200 199

78 277 140 311 pro
167 266 339 310 poenitere
365 266 446 310 poni
473 266 566 298 solet.
621 266 830 311 Pangere,
857 266 972 311 figere.
1002 264 1090 298 unde
1117 265 1251 308 plantae
1279 265 1382 310 pangi
1413 264 1583 305 dicuntur,
1616 273 1692 297 cum
1722 261 1755 294 in
1789 266 1857 294 ter-

77 330 146 350 ram
175 317 391 350 demittuntur
443 343 450 350 .
505 343 512 349 .
567 342 573 349 .
627 343 635 350 .
689 345 696 352 .
750 344 756 350 .
811 343 817 350 .
872 345 879 353 .
936 345 943 352 .
995 341 1002 349 .
1057 342 1064 349 .
1117 317 1384 349 Permutatur
1411 316 1445 349 id
1473 315 1611 361 proprie
1636 313 1701 346 dici
1717 311 1857 353 videtur,

78 369 169 414 quod
198 381 238 401 ex
265 369 330 401 alio
358 370 433 401 loco
452 365 519 417 [lin
551 369 651 401 alium
676 370 881 403 transfertur.
914 373 947 402 at
980 373 1280 411 commutatur⁷
1309 368 1402 412 quod
1436 368 1526 401 aliud
1562 377 1624 411 pro
1657 365 1722 398 alio
1750 361 1857 409 [187]

78 421 291 455 substituitur.
344 420 413 453 Sed
441 432 481 453 ea
508 421 573 453 iam
601 421 737 454 confuse
763 422 795 454 in
823 432 882 454 usu
909 425 991 454 sunt.
1044 419 1239 452 Pierides
1266 419 1413 453 Musae
1446 424 1585 464 propter
1613 417 1859 455 amoenitatem,

78 484 117 506 ac
143 472 352 505 solitudinem
380 472 480 505 Pierii
504 472 624 505 montis
652 473 762 506 dictae
790 473 960 513 videntur,
999 474 1092 514 quo*
1117 483 1188 504 esse
1200 475 1227 488 **
1251 472 1383 505 secretis
1410 472 1491 505 locis
1518 474 1659 515 propter
1685 468 1792 501 studia
1817 467 1860 499 li-
1887 465 2014 525 :gaqum

78 525 202 558 beralia
238 524 455 557 delectentur.
516 524 828 558 Perconctatio
869 535 931 569 pro
967 523 1228 567 interrogatione
1262 522 1352 557 dicta
1384 521 1515 557 videtur
1549 533 1589 555 ex
1624 520 1755 554 nautico
1789 530 1860 559 usu,
1945 509 2017 527 .eae

77 577 156 620 quia
182 580 282 609 conto
311 580 514 619 pertentant,
555 581 829 620 cognoscuntque
855 576 1046 620 navigantes
1073 586 1180 618 aquae
1207 575 1425 610 altitudinem.
1457 576 1501 607 ob
1527 585 1626 617 quam
1654 582 1787 606 causam
1814 570 1860 603 ait

79 628 214 661 Verrius
241 627 338 660 etiam
367 627 546 660 secundam
573 628 734 671 syllabam
763 640 825 673 per
851 639 870 660 o
899 628 1008 661 solere
1034 627 1143 660 scribi.
1172 626 1253 659 mihi
1280 626 1315 659 id
1348 627 1469 659 falsum
1503 626 1650 658 videtur:
1701 634 1776 656 nam
1812 626 1859 654 est

77 681 136 713 illa
162 679 409 723 percunctatio,
457 678 548 722 quod
584 679 625 718 is,
672 681 728 723 qui
755 680 882 713 curiose
908 679 990 723 quid
1016 679 1217 724 interrogat,
1264 678 1456 723 pecunctari
1482 678 1545 710 sit*
1570 681 1604 710 ut
1629 681 1719 709 recte
1746 685 1809 718 pet
1836 675 1961 709 v'f.per
1971 683 2033 721 ⁰91¹·

78 732 219 764 litteram
247 731 418 764 scribatur.
472 730 709 776 Perfugam
738 732 857 765 Gallus
886 731 999 765 Aelius
1026 731 1081 772 ait,
1108 730 1166 773 qui
1192 731 1288 772 liber,
1320 735 1376 763 aut
1402 741 1532 768 servuS,
1560 733 1614 761 aut
1640 727 1742 759 hostis
1769 725 1855 759 sui**
1866 715 1929 768 “3⁵1-
1946 714 2033 768 ‘33¹²'

76 784 246 815 voluntate
272 782 314 814 ad
341 782 452 815 hostes
477 784 657 824 transierit,
701 784 756 827 qui
784 783 877 817 idem
904 783 1023 817 dicitur
1047 782 1240 827 transfuga,
1279 793 1482 825 quamquam
1510 787 1600 821 sunt,
1637 779 1693 822 qui
1721 777 1859 812 credant

76 835 257 880 perfugam
284 845 370 873 esse,
398 845 464 866 non
491 839 558 867 tam
586 835 643 877 qui
669 835 751 868 alios
777 835 901 880 fugiat,
929 846 1029 879 quam
1057 834 1114 878 qui
1134 835 1178 867 ob
1201 845 1295 878 spem
1317 834 1574 868 commodorum
1600 831 1643 864 ad
1667 829 1859 874 quempiam

76 886 256 931 perfugiat.
310 886 437 918 Perfa
448 886 515 919 cul
542 887 687 930 antiqui,
715 892 747 920 et
773 887 1024 932 persefacul
1047 886 1222 927 dicebant,
1249 886 1342 929 quod
1366 896 1453 919 nunc
1476 885 1576 918 facile
1598 883 1754 920 dicimus,
1783 879 1860 912 inde

76 937 257 982 permansit
282 938 316 969 in
350 937 587 971 consuetudine
621 939 772 973 facultas.
834 938 1122 983 Peremptalia
1156 938 1293 983 fulgura
1324 937 1499 971 Graccus*
1523 937 1568 968 ait
1598 935 1727 971 vocari,
1774 931 2034 975 quae‘f.Granius

76 988 247 1034 811ΡΘῙΓῙΟΥἓι
275 989 427 1033 ffllgurfla
463 992 523 1022 ut*
545 995 700 1034 portenta
726 991 757 1022 vi
784 1002 841 1023 sua
869 996 1044 1035 peremant
1071 990 1202 1023 duobus
1229 989 1358 1029 modis,
1396 989 1560 1033 prioribus
1587 986 1758 1019 tollendis:
1803 987 1858 1016 aut
1899 983 1935 1008 'f-
1956 987 2001 1008 aut

76 1042 202 1073 maiore
229 1042 405 1081 manubia,
450 1047 486 1074 ut
511 1042 606 1074 tertia
632 1042 814 1081 secundae,
859 1042 1005 1076 secunda
1035 1042 1164 1086 primae
1196 1041 1304 1076 cedat.
1340 1053 1415 1074 nam
1445 1046 1480 1072 ut
1507 1039 1640 1072 omnia*
1666 1041 1859 1080 superentur
1885 1034 2017 1060 ‘nomini

75 1093 229 1137 fulgure,
272 1093 318 1125 sic
342 1092 444 1126 ictum
471 1093 588 1137 fulgur
613 1094 776 1126 manubiis
803 1095 899 1128 vinci.
959 1093 1186 1127 Perediam
1222 1098 1254 1125 et
1287 1093 1493 1126 bibesiam
1521 1091 1657 1123 Plautus
1684 1089 1775 1120 finxit
1802 1098 1859 1119 sua

76 1143 332 1182 consuetudine,
367 1155 443 1177 cum
469 1144 612 1189 intelligi
638 1146 741 1178 voluit
769 1145 987 1189 cupiditatem
1015 1145 1137 1178 edendi
1165 1150 1197 1177 et
1225 1142 1372 1178 bibendi.
1428 1145 1649 1177 Peremere
1672 1139 1804 1173 Cincius
1827 1139 1858 1170 in

77 1196 133 1228 lib.
166 1196 208 1228 de
237 1195 344 1228 verbis
371 1196 485 1239 priscis
513 1196 557 1228 ait
583 1197 770 1241 significare
797 1198 906 1236 idem,
952 1197 1046 1241 quod
1074 1196 1268 1241 prohibere.
1305 1202 1338 1229 at
1365 1195 1449 1229 Cato
1476 1195 1509 1228 in
1535 1195 1566 1229 li.
1596 1192 1653 1236 qui
1681 1196 1728 1224 est
1755 1190 1798 1222 de
1824 1201 1859 1221 re

76 1248 209 1280 militari
234 1258 298 1290 pro
325 1247 446 1280 viciare
471 1243 580 1296 ususll
599 1253 663 1291 est,
692 1260 768 1283 cum
796 1249 856 1290 ait,
887 1260 963 1283 cum
991 1249 1202 1294 magistratus
1228 1247 1312 1281 nihil
1339 1247 1463 1282 audent
1489 1247 1674 1291 imperare,
1710 1254 1751 1275 ¹¹8
1781 1240 1859 1287 [33]

75 1299 154 1342 quid
183 1298 297 1331 consul
323 1299 449 1343 auspici
474 1304 634 1343 peremat.

238 1350 478 1383 Perihodos
512 1351 633 1385 dicitur
665 1357 699 1386 et
730 1353 764 1385 in
798 1353 945 1386 carmine
979 1353 1086 1396 lyrico
1113 1363 1192 1396 pars
1227 1351 1415 1394 quaedam,
1462 1354 1494 1383 et
1521 1350 1553 1381 in
1578 1349 1685 1381 soluta
1712 1345 1860 1378 oratione

75 1401 183 1434 verbis
210 1401 459 1436 circumscribta
484 1405 662 1445 sententia,
698 1408 731 1437 et
756 1405 788 1436 in
815 1404 980 1449 gymnicis
1007 1403 1240 1438 certaminibus
1268 1402 1460 1447 perihodon
1488 1401 1603 1435 vicisse
1633 1399 1778 1437 dicitur,
1805 1396 1860 1439 qui

74 1452 213 1497 Pythia,
240 1453 396 1495 Isthmia,
423 1455 568 1497 Nemea,
596 1455 758 1500 Olympia
784 1456 880 1497 vicit,
908 1468 927 1489 a
954 1456 1129 1490 circumitu
1156 1466 1271 1488 eorum
1299 1455 1579 1499 spectaculorum.
1634 1452 1779 1484 Perem
1789 1454 1859 1492 pta

75 1511 108 1538 et
134 1505 396 1550 interempta
423 1518 486 1551 pro
513 1507 741 1552 imperfectis*
763 1507 845 1552 poni
871 1508 956 1541 solet
981 1519 1001 1540 a
1024 1507 1142 1552 poetis.
1196 1506 1387 1540 Lucretius:

178 1567 266 1589 cum
295 1568 447 1602 corpus
475 1559 618 1600 simul,
651 1565 779 1603 atque
806 1560 932 1592 animi
960 1564 1106 1592 natura
1133 1563 1363 1603 perempta.

76 1608 300 1651 Perpetem
326 1620 390 1653 pro
417 1616 583 1654 perpetuo
611 1611 763 1644 dixerunt
789 1616 918 1655 poetae.
973 1611 1137 1644 Pacuvius
1159 1610 1283 1643 Iliona:

175 1659 259 1698 fac,
297 1665 340 1692 ut
367 1662 572 1705 coepisti,
609 1662 718 1696 hanc
745 1674 917 1707 operam
943 1662 1046 1695 mihi
1073 1662 1146 1695 des
1174 1669 1406 1705 perpetem.

77 1709 182 1742 oculis
205 1711 370 1744 traxerim.
422 1713 649 1746 Persillum
676 1719 797 1748 vocant
823 1713 1012 1748 sacerdotes
1038 1713 1229 1746 rudiculum
1257 1714 1424 1757 picatum,
1452 1719 1520 1752 quo
1548 1707 1694 1751 unguine
1719 1705 1858 1737 Flamen

77 1761 285 1793 Portunalis*
307 1774 397 1796 arma
422 1764 550 1804 Quirini
576 1770 711 1810 unguet.
764 1766 978 1799 Persicum
1007 1769 1161 1810 portum,
1189 1765 1326 1798 Plautus
1352 1773 1428 1795 cum
1457 1762 1519 1800 ait,
1551 1769 1642 1790 mare
1667 1755 1857 1790 Euboicum

76 1811 207 1844 videtur
233 1812 437 1857 significare,
484 1817 577 1858 quod
603 1817 637 1850 in
664 1828 705 1850 eo
732 1816 844 1851 classis
870 1818 1046 1851 Persarum
1081 1816 1201 1850 dicitur
1236 1815 1379 1854 stetisse,
1427 1823 1493 1845 non
1521 1809 1641 1855 procul
1670 1821 1688 1841 a
1715 1806 1855 1851 Thebis.

75 1864 307 1898 Personata
333 1866 447 1899 fabula
473 1868 639 1910 quaedam
662 1869 778 1902 Naevii
798 1868 1003 1912 inscribitur,
1030 1878 1132 1912 quam
1159 1871 1277 1911 putant
1302 1865 1439 1909 quidam
1462 1863 1633 1907 primum*
1656 1873 1675 1892 a
1698 1870 1858 1904 persona-

75 1915 114 1947 tis
136 1914 356 1950 histrionibus.
411 1918 483 1951 Sed
510 1931 585 1953 cum
614 1925 691 1964 post
717 1920 839 1953 multos
867 1932 968 1953 annos
995 1918 1153 1954 comoedi
1180 1923 1213 1951 et
1238 1917 1393 1962 tragoedi
1421 1914 1569 1960 personis
1595 1913 1641 1946 uti
1663 1915 1859 1955 coeperunt,

77 1966 284 2023 vetisimilius
317 1974 366 2001 est
398 1981 471 2002 eam
504 1972 650 2004 fabulam
685 1977 825 2016 propter
856 1973 1004 2016 inopiam
1036 1970 1279 2004 comoedorum
1307 1974 1417 2001 actam
1444 1977 1563 1999 novam
1592 1976 1652 2008 per
1677 1962 1858 1999 Atellanos,

75 2028 133 2061 qul
158 2019 296 2062 proprie
330 2025 490 2055 vocantur
522 2024 708 2067 personati,
757 2023 835 2067 quia
868 2024 917 2058 ius
952 2027 1001 2056 est
1032 2023 1083 2054 is*
1110 2032 1177 2054 non
1204 2020 1283 2065 cogi
1310 2021 1344 2053 in
1371 2030 1490 2054 scaena
1516 2027 1643 2062 ponere
1669 2023 1858 2059 personam,

75 2068 169 2113 quod
196 2070 311 2103 ceteris
336 2071 548 2107 histrionibus
574 2075 644 2119 pati
671 2085 804 2109 necesse
831 2079 888 2108 est.
941 2070 1172 2107 Persicus⁵
1198 2076 1395 2117 peracutum
1421 2069 1609 2115 siguificare
1637 2066 1787 2107 videtur,
1825 2067 1860 2097 ut

75 2121 227 2154 Plautus:

176 2172 297 2205 Nihil
325 2173 375 2207 de
402 2176 634 2211 conciliare
660 2177 809 2217 sibus‘,
849 2177 928 2209 nisi
955 2175 1025 2219 qui
1052 2175 1286 2219 persibus“
1309 2174 1431 2218 sapis.

75 2223 236 2257 Naevius:

178 2280 218 2308 et
243 2276 313 2319 qui
342 2276 475 2311 fuerit
500 2279 692 2323 persicus
719 2276 945 2324 carpenti⁰
969 2277 1021 2311 ad
1047 2277 1194 2312 stratio
1210 2280 1232 2311 ‘.
1884 2264 2012 2324 'sr‘affissf's‘

1890 1500 1924 1524 *ss
1937 1498 2017 1523 inter-

1913 1532 1987 1559 sectis

1868 1756 1877 1766 '
1886 1755 1902 1780 f.
1912 1754 2034 1785 Quirina—

1936 1788 1966 1813 lis

1870 1858 1899 1883 ·f.
1912 1858 1940 1883 A.
1951 1858 2033 1882 actam

1903 2011 1911 2021 ’
1922 2010 1940 2035 s.
1958 2009 1989 2034 iis

1896 2172 1929 2196 Ὗ.
1948 2170 1997 2195 sibi

1867 2206 1907 2231 ''f.
1918 2205 2031 2240 persicus

77 2366 171 2415 Varro
191 2367 242 2397 lib.
260 2369 288 2399 6.
311 2368 347 2398 de
365 2369 445 2408 Ling.
463 2371 525 2401 Lat.
540 2371 689 2403 Per-sibus.
712 2372 827 2411 inquit,
852 2383 868 2401 a
887 2382 945 2411 pe-
989 2371 1051 2401 (aas.
1084 2371 1164 2399 Urs.
1189 2386 1230 2393 —
1259 2367 1289 2410 6)
1312 2368 1410 2399 Adest
1432 2369 1512 2398 ratio
1535 2367 1608 2397 Vell-
1628 2366 1658 2394 in
1677 2373 1766 2402 marg·
1803 2361 1857 2388 13⁶²

77 2414 133 2440 rite
158 2410 333 2448 glossemata
362 2412 571 2449 subscribunt,
606 2414 721 2445 callide.
754 2414 823 2445 vide
848 2415 877 2443 in
898 2416 945 2444 Si·
989 2414 1070 2442 ratio
1089 2413 1162 2442 Ven.
1188 2414 1234 2442 Sc.
1257 2428 1299 2434 --
