2263 2668
228 157 302 191 712
659 144 1005 179 COMMENTARH
1030 144 1077 176 IN
1104 141 1247 175 PAULI
1272 141 1468 175 DtACONl
1493 142 1747 177 EXCERPTA

228 250 332 280 civia„
354 255 379 276 et
398 250 464 285 post
487 239 638 269 triennium
665 237 855 266 Terracinam
880 236 1005 266 deducta
1029 235 1158 265 colonia.
1203 233 1433 274 Interpositoque
1455 233 1663 275 quadriennio,
1693 235 1799 266 Suessa
1821 236 1967 265 Aurunca
1989 245 2015 265 et
2039 236 2173 269 Saticula

228 291 452 325 Interamnaque
474 282 589 318 (melius
613 278 748 308 Suessam
771 279 947 308 Auruncam
971 287 997 307 et
1021 276 1203 314 Saticulam,
1227 276 1492 317 Interamnamque)
1513 286 1580 317 post
1602 278 1755 310 biennium.
1801 279 1887 308 Dae.

392 329 558 363 Segesta.
583 322 643 360 (Ad
668 333 694 360 p.
711 322 797 359 261.)
824 322 895 350 Vide
918 321 1120 350 Beneventum.
1144 321 1229 350 Ant.
1252 320 1348 358 Aug.
1394 318 1513 358 Segesta
1536 328 1576 349 est
1599 320 1737 360 oppidum
1757 329 1887 360 pervetus
1908 322 1938 349 in
1962 320 2086 358 Sicilia,
2118 321 2175 351 Iu—

230 376 323 409 dices,
347 367 425 411 quod
448 366 485 394 ab
501 365 603 394 Aenea
617 363 755 405 fugiente
771 376 790 392 a
809 365 901 393 Troia
924 372 1011 404 atque
1033 365 1061 392 in
1085 362 1156 391 haec
1178 361 1244 392 loca
1266 363 1391 390 veniente
1413 361 1564 391 conditum
1585 375 1643 392 esse
1666 363 1873 394 demonstrant.
1905 364 1964 392 Cic.
1980 364 2030 392 IV.
2045 365 2074 393 in
2091 364 2174 394 Verr.

229 418 338 453 (0¹33)
364 409 463 448 Virgil.
489 407 574 447 (Aen.
593 407 631 443 V0,
655 406 740 445 718.)
764 408 899 435 Acestam
925 407 1057 434 nominat
1081 406 1115 433 ab
1140 405 1261 439 Aceste,
1287 414 1371 443 quem
1395 403 1436 432 ibi
1461 406 1571 433 Aeneas
1592 406 1730 444 reliquit:

800 449 904 477 Urbem
927 448 1117 488 appellabant
1138 449 1278 486 permisso
1302 447 1416 475 nomine
1437 448 1590 476 Acestam.

229 501 337 528 Verum
361 494 467 524 Strabo
491 492 541 520 lib.
556 492 603 520 VI.
628 490 707 530 (pag.
721 494 793 523 272.
817 492 892 531 Cas.)
917 503 977 520 eam
1001 491 1150 519 conditam
1175 491 1263 518 docet
1286 489 1321 517 ab
1344 489 1395 524 iiS‚
1432 491 1483 527 qui
1513 500 1579 518 cum
1604 490 1768 519 Philocteta
1790 491 1820 518 in
1843 500 1944 528 agrum
1968 490 2176 519 Crotoniatum

228 545 392 574 venerunt,
426 536 522 565 niissis
544 535 579 562 ab
604 544 638 562 eo
661 535 689 562 in
714 534 844 562 Siciliam
868 545 933 562 cuin
961 536 1078 571 Aegesta
1101 533 1239 562 Troiano.
1287 533 1325 560 De
1350 532 1471 560 Aecesie
1494 538 1591 561 autem
1615 534 1678 561 sive
1703 536 1838 571 Aegesta,
1871 543 1955 571 quem
1981 534 2082 571 Sylvia
2106 533 2177 571 Ege-

228 589 273 613 sta
296 583 446 622 Hippotae
470 578 590 606 Troiani
612 577 687 613 filia,
725 587 740 604 a
764 577 888 605 Crimiso
921 587 1002 604 uinne
1033 577 1061 603 in
1093 586 1194 604 canem
1219 579 1329 603 mutato
1354 584 1537 613 compressa,
1575 576 1701 604 edidisse
1724 576 1849 611 dicitur,
1885 575 1934 603 hic
1954 577 2033 614 piget
2057 576 2177 604 referre.

228 627 321 663 Vide,
350 625 374 653 si
398 623 495 658 lubet,
525 622 606 649 Serv.
631 619 667 647 ad
692 618 713 646 1.
738 619 807 647 Aen.
824 620 868 656 X,
892 620 963 651 554.
989 624 1016 647 et
1039 618 1142 655 lib.V‚
1168 621 1217 649 30.
1242 622 1269 645 et
1292 617 1410 644 Salmas.
1435 618 1464 645 in
1489 617 1580 646 Solin.
1603 628 1667 656 pag.
1681 621 1710 649 3.
1758 618 1832 646 lllud
1862 623 1993 654 constat,
2031 620 2178 656 Segestam

228 670 331 698 urbem
355 668 385 695 in
410 665 484 693 colle
508 664 592 690 sitam
616 662 720 696 fuisse,
748 666 779 690 ut
802 673 902 690 omnes
925 663 986 690 sere
1009 667 1140 690 veterum
1164 662 1338 688 Sicanorum
1363 659 1458 690 urbes.
1495 660 1590 689 Fazel.
1610 661 1714 689 Decad.
1731 661 1752 690 Ι.
1776 660 1827 689 lib.
1842 660 1901 690 VH.
1920 663 2027 699 cap.3.
2061 662 2178 698 Segesta

229 712 301 741 urbs
325 713 455 743 vetusta,
491 706 519 733 iu
544 705 620 732 colle
648 704 780 742 undique
803 710 963 743 praerupto
986 706 1094 733 iacens.
1138 703 1220 731 Unde
1244 713 1304 730 ean]
1330 702 1519 731 doctissimus
1541 702 1707 732 Bochartus
1731 714 1789 731 non
1815 703 1850 731 ab
1874 703 1978 732 Aceste
2001 704 2063 732 sive
2087 704 2179 741 Aege-

230 760 289 790 sta,
319 752 369 781 sed
393 762 407 778 a
434 748 541 777 Punico
566 745 706 775 Sakkesta
730 747 837 775 dictam
862 752 956 785 putat.
982 746 1071 776 Dae.
1111 745 1155 774 Ne
1176 745 1297 774 obsceno
1320 745 1436 772 nomine
1457 756 1523 784 app.
1563 746 1689 784 Propter
1712 746 1934 775 similitudinem
1958 746 2072 775 scilicet
2094 746 2178 774 vocis

229 797 343 836 Egesta.
367 794 403 821 Et
420 791 539 830 Egestas
558 794 730 828 paupertas,
754 789 905 819 obscenum
931 794 1029 817 autem
1053 789 1164 825 dirum,
1189 789 1359 816 infaustum.
1389 786 1612 828 Obscaenaeque
1627 787 1758 817 volucres
1782 789 1884 826 virgil.
1901 789 1987 826 (Aen.
2006 788 2059 825 111,
2083 788 2177 825 362).

232 838 345 867 Idem.
385 836 421 862 Ut
446 835 558 861 sactum
582 837 625 860 est
648 832 676 859 iu
701 831 878 862 Maleuento.
922 832 994 860 Vide
1019 830 1218 859 Βεηευεηίιινη,
1249 828 1358 858 Idem.
1404 829 1440 857 Et
1463 831 1493 858 in
1517 829 1694 869 Epidamno.
1733 831 1806 859 Mela
1830 831 1866 859 de
1889 833 1954 859 Situ
1977 830 2056 859 orbis
2079 830 2179 860 111).11.

231 883 335 919 cap.3.
377 877 498 906 Urbium
524 874 618 913 prima
643 879 686 902 est
710 876 849 910 (hivum,
891 874 1019 903 secunda
1045 873 1282 912 Dyrrhachium,
1322 872 1503 910 Epidamnos
1527 878 1593 901 ante
1617 878 1687 901 erat.
1734 873 1858 901 Romani
1886 883 1992 901 nomen
2016 878 2179 909 mutavere,

232 924 298 962 quia
329 921 410 949 velut
440 920 468 946 in
500 918 640 945 damnum
670 917 768 951 itaris,
807 927 892 945 onien
923 917 955 945 id
984 918 1079 945 visum
1109 921 1161 945 est.
1208 916 1314 943 Verum
1345 915 1380 942 de
1404 915 1653 954 appellationibus
1680 916 1835 954 Epidamni
1858 921 1887 944 et
1910 915 2089 954 Dyrrhachii
2112 915 2180 944 vide

230 970 349 1005 praeter
371 964 444 992 alios
471 960 571 988 Dionis
595 960 692 987 locum
719 960 898 996 singularem
922 960 1069 995 lib.XLl,
1094 960 1176 996 (49.)⁸
1201 958 1286 986 Dac.
1332 957 1428 992 Adde,
1456 968 1529 996 quae
1552 958 1657 996 scripsi
1680 958 1709 986 iu
1737 957 1835 987 Omen.
1885 956 1990 987 Goth.

397 1002 655 1043 Seliquastra.
704 1003 758 1030 Pro
781 1001 973 1042 sediquastra.
1020 1001 1097 1029 ldeni
1123 1002 1214 1029 Varro
1238 1000 1284 1028 libv
1300 999 1349 1027 IV.
1373 1001 1410 1028 de
1433 1001 1464 1029 L.
1483 1002 1514 1029 L.
1539 1000 1583 1040 (V.
1609 1011 1674 1039 pag.
1692 1003 1760 1032 131.
1784 1000 1864 1040 Sp.):
1897 1000 1949 1029 Ab
1972 998 2096 1029 sedendo
2119 1010 2180 1039 ap-

231 1049 380 1090 pellantur
402 1045 496 1082 sedes,
525 1043 630 1080 sedile,
659 1043 756 1072 seclum
782 1045 867 1078 (bene
890 1046 938 1072 alii
960 1043 1078 1080 solium)
1100 1042 1203 1080 sellae,
1237 1041 1451 1082 seliquastrum.
1481 1043 1561 1072 Dac
1614 1043 1657 1071 Ita
1680 1043 1789 1082 legitur
1811 1044 1842 1071 in
1865 1043 1995 1072 editione
2019 1042 2180 1071 Haloandri

232 1104 261 1121 in
285 1093 304 1123 1.
319 1093 347 1122 4.
362 1091 391 1119 ff.
417 1090 452 1117 de
475 1087 677 1126 supellectile,
701 1097 756 1125 pro
780 1086 935 1116 sedularia.
983 1086 1087 1116 Goth.

399 1130 509 1161 Silus.
556 1130 634 1157 Silus
657 1135 685 1158 ct
706 1130 777 1165 silo,
803 1127 896 1168 σιμός.
921 1129 1019 1158 Scal.
1050 1130 1082 1157 ln
1106 1130 1182 1157 libro
1207 1128 1318 1167 scripto
1343 1128 1529 1165 Coloniensi,
1553 1133 1585 1158 ut
1608 1129 1723 1158 monuit
1741 1129 1905 1158 Gulielrnus
1923 1127 2081 1157 Verisimil.
2097 1127 2148 1156 lib.
2160 1127 2181 1155 I.

234 1179 341 1216 capg).
378 1175 454 1203 Silus
477 1173 646 1212 appellatur
669 1183 755 1201 nasus
778 1183 878 1200 susum
903 1182 1005 1201 versus
1028 1178 1055 1200 et
1077 1173 1235 1211 repandus.
1275 1169 1354 1199 Silus
1378 1182 1432 1210 pro
1455 1172 1545 1200 simus
1568 1183 1584 1201 a
1609 1173 1724 1201 Graeco
1751 1170 1844 1210 σιμός.
1868 1171 1956 1201 Dae.
1997 1171 2079 1198 Alius
2102 1174 2146 1198 est
2166 1180 2182 1197 a

234 1220 352 1254 Silone,
379 1218 414 1245 de
438 1226 498 1254 quo
522 1215 590 1243 vide
616 1216 742 1243 Nonium
767 1214 842 1254 (pag.
856 1217 906 1247 25.
929 1215 1031 1253 Merc.)
1055 1216 1084 1243 in
1110 1213 1225 1243 Silones
1284 1212 1388 1242 Goth.

400 1258 523 1288 Siluii.
548 1256 607 1297 (Ad
631 1268 661 1296 p.
676 1257 761 1296 262.)
788 1258 877 1286 Vetus
900 1263 985 1286 autor
1008 1258 1127 1295 originis
1152 1258 1246 1294 gentis
1265 1256 1412 1284 Romanae
1434 1257 1559 1293 (c.16.):
1586 1255 1704 1285 Interim
1725 1255 1856 1284 Lavinia
1879 1255 1916 1283 ab
1934 1254 2036 1284 Aenea
2056 1252 2184 1294 gravida

235 1303 353 1339 relicta,
385 1309 477 1336 metu,
506 1299 593 1328 veluti
616 1301 773 1329 insecuturi
794 1312 823 1328 se
843 1301 986 1336 Ascanii,
1017 1301 1046 1328 ia
1068 1299 1178 1340 sylvam
1199 1297 1352 1339 profugit,
1382 1297 1423 1326 ad
1444 1300 1614 1338 magistrum
1636 1299 1727 1337 patrii
1747 1300 1877 1337 pecoris,
1908 1297 2065 1336 Tyrrhum,
2088 1296 2185 1336 ibique

235 1347 326 1374 enixa
348 1353 387 1373 est
409 1355 545 1384 puerum,
570 1343 621 1382 qui
642 1353 659 1370 a
683 1342 744 1371 loci
767 1341 909 1382 qualitate
933 1341 1043 1371 Silvius
1066 1350 1105 1370 est
1129 1341 1232 1371 dictus.
1268 1341 1303 1368 Et
1326 1341 1428 1378 paullo
1452 1346 1519 1379 post
1544 1343 1620 1380 (cap.
1636 1345 1688 1376 17,
1712 1343 1770 1378 4.):
1793 1340 1838 1370 At
1856 1340 2007 1369 Ascanius
2027 1346 2184 1378 postquam

235 1387 403 1417 excessisset
428 1398 441 1414 e
463 1386 537 1420 vita,
561 1386 634 1413 inter
657 1384 753 1413 Iulum
770 1384 870 1423 filium
894 1386 954 1413 eius
974 1393 999 1413 et
1024 1384 1147 1413 Siluium
1169 1391 1351 1422 postumum,
1376 1384 1426 1422 qui
1448 1394 1487 1411 ex
1506 1382 1633 1412 Lavinia
1654 1384 1768 1422 genitus
1791 1390 1868 1419 erat,
1893 1381 1928 1410 cie
1950 1380 2106 1410 obtinendo
2129 1381 2185 1408 im-

233 1431 314 1470 perio
338 1436 402 1458 orta
427 1428 570 1457 contentio
593 1435 650 1464 est,
683 1439 747 1456 cum
773 1426 966 1463 dubitaretur,
997 1439 1035 1455 an
1056 1427 1174 1455 Aeneae
1188 1425 1291 1464 filius,
1328 1436 1366 1452 an
1391 1436 1477 1464 nepos
1497 1426 1596 1464 potior
1617 1432 1702 1460 esset,
1732 1426 1872 1463 permissa
1896 1423 2105 1462 disceptatione
2126 1422 2185 1450 eius

235 1474 277 1500 rei
298 1471 335 1499 ab
359 1471 498 1500 univer-sis
522 1481 576 1498 rea·
598 1468 708 1498 Silvius
731 1468 899 1498 declar-atus
921 1478 970 1498 est.
1015 1468 1149 1498 Eiusdem
1177 1468 1286 1507 posteri
1315 1478 1413 1495 omnes
1444 1475 1633 1507 cognomento
1656 1466 1745 1496 Siluii
1767 1478 1855 1506 usque
1877 1465 1918 1494 αεῖ
1940 1464 2090 1495 conditam
2115 1463 2186 1493 Ro·-

236 1526 312 1543 mam
335 1513 437 1543 Albae
459 1519 654 1551 regnaverunt.
699 1511 753 1540 Da
764 1523 788 1541 c.

402 1555 547 1583 Ser-tor.
579 1554 642 1592 (Ad
668 1565 693 1592 p.
710 1553 799 1592 2652.)
831 1554 885 1581 Vel
910 1564 925 1582 a
949 1552 1179 1592 prehendendo,
1212 1552 1276 1588 vel,
1310 1551 1389 1589 quod
1414 1551 1621 1587 verisimilius,
1654 1561 1670 1578 a
1692 1551 1831 1585 serendo,
1865 1550 1946 1587 quod
1968 1550 1998 1578 in
2021 1549 2186 1578 libertatem

238 1604 333 1635 serat,
355 1598 412 1626 11οο
435 1602 479 1625 est
500 1597 618 1633 iungat,
644 1596 741 1635 inquit
759 1597 895 1632 Verrius,
921 1597 1001 1633 quod
1025 1601 1121 1624 totum
1146 1595 1181 1622 ab
1205 1605 1239 1623 eo
1263 1589 1513 1629 ηοι1ἆπιθανῶς,
1538 1593 1593 1621 1100
1618 1598 1661 1621 est
1684 1604 1742 1621 non
1766 1593 1962 1632 probabiliter
1984 1592 2186 1620 introductum

237 1641 309 1669 dicit
332 1641 450 1676 Festus,
485 1639 534 1667 sed
559 1639 636 1666 idem
662 1650 714 1667 nos
738 1639 809 1666 alibi
831 1638 948 1673 docuit,
980 1638 1111 1666 adserere
1134 1648 1196 1665 esse
1219 1636 1394 1672 admovere,
1426 1636 1505 1674 quod
1531 1646 1580 1672 ea,
1611 1645 1684 1674 quae
1705 1636 1736 1664 in
1759 1641 1866 1664 terram
1890 1634 2105 1670 demittuntur,
2132 1634 2189 1662 seri

238 1684 387 1712 dicuntur.
423 1683 481 1710 Cur
503 1681 596 1718 igitur
618 1682 641 1708 is
664 1682 787 1720 proprie
809 1688 901 1709 sertor
923 1685 952 1709 et
974 1679 1107 1709 adsertor
1131 1680 1189 1708 dici
1214 1684 1356 1718 nequeat,
1379 1679 1431 1718 qui
1454 1689 1573 1707 manum
1597 1679 1644 1707 vel
1667 1688 1757 1706 manu
1780 1677 1905 1714 adserit,
1929 1676 1987 1705 1100
2008 1681 2051 1705 est
2069 1685 2188 1705 manum

239 1726 395 1762 admovet,
431 1725 543 1760 iniicit,
578 1733 666 1751 manu
695 1723 869 1763 prehendit,
908 1728 942 1751 ut
964 1723 1095 1751 vindicet
1116 1723 1148 1750 in
1171 1722 1350 1751 libertatem.
1396 1722 1481 1750 Certe
1505 1721 1591 1750 nimis
1614 1721 1845 1760 praecipitanter
1867 1720 1916 1748 hic
1938 1720 2042 1748 Festus
2066 1729 2116 1748 eos
2138 1728 2190 1747 re-

239 1768 411 1807 prehendit,
449 1766 500 1804 qui
524 1770 666 1794 sertorem
691 1777 706 1794 a
729 1766 870 1802 serendo,
907 1765 964 1794 1100
990 1771 1035 1794 est
1057 1765 1269 1804 prehendenda
1292 1764 1405 1793 dictum
1430 1769 1544 1802 putant.
1588 1764 1621 1792 In
1645 1763 1691 1792 his
1718 1764 1811 1792 Varro
1834 1763 1885 1791 lib.
1899 1762 1932 1791 V.
1956 1762 1993 1791 de
2017 1762 2048 1790 L.
2070 1762 2101 1790 L.
2124 1760 2189 1800 (VI.

240 1814 390 1848 pag.241.
415 1810 495 1848 Sp.):
530 1808 582 1837 Sic
611 1819 758 1837 conserere
788 1819 904 1836 manum
934 1807 1060 1837 dicimur
1088 1819 1152 1836 cum
1177 1807 1271 1844 hoste,
1309 1808 1353 1836 sic
1375 1818 1415 1835 ex
1437 1807 1498 1835 iure
1520 1818 1608 1835 manu
1631 1814 1792 1836 consertum
1814 1816 1933 1841 vocare,
1969 1804 2039 1834 hino
2060 1802 2190 1833 adserere

243 1863 329 1880 manu
352 1854 382 1881 in
405 1851 582 1886 libertatem,
607 1861 670 1880 cum
692 1850 905 1890 prehendimus.
929 1848 1018 1880 Dae.
1067 1850 1141 1878 Vide
1163 1860 1253 1888 supra
1276 1848 1428 1878 Adserere.
1475 1847 1582 1878 Goth.

406 1893 522 1932 Seges.
545 1893 605 1930 (Ad
630 1904 657 1932 p.
671 1894 755 1932 262.)
782 1893 903 1931 Proprie
927 1893 963 1921 de
985 1893 1153 1929 frumento,
1185 1892 1238 1920 sed
1260 1902 1312 1930 per
1336 1892 1548 1929 metonymiam
1572 1891 1608 1920 de
1633 1895 1711 1920 terra
1733 1891 1796 1930 ipsa
1820 1894 1900 1919 arata
1925 1894 1954 1918 et
1975 1889 2100 1917 consita.
2140 1888 2190 1916 Sic

247 1934 338 1962 Varro
362 1936 396 1963 de
419 1947 441 1964 r.
464 1947 487 1964 r.
512 1936 550 1973 (l,
574 1935 636 1974 29.)
661 1937 747 1974 Seges
769 1936 896 1972 dicitur,
934 1936 1014 1974 quod
1044 1941 1158 1964 aratum
1184 1940 1278 1963 satum
1304 1940 1362 1971 est,
1399 1944 1503 1962 arsum
1534 1934 1613 1972 quod
1637 1940 1751 1962 aratum
1776 1933 1907 1962 nondum
1931 1937 2037 1961 satum.
2081 1931 2190 1960 Verum

246 1977 333 2004 etiam
357 1978 392 2004 de
412 1982 490 2006 terra
514 1978 705 2017 simpliciter,
729 1989 804 2018 quae
826 1988 921 2017 neque
946 1983 1042 2014 arata,
1067 1988 1163 2016 neque
1186 1982 1247 2006 sata
1271 1977 1317 2006 sit.
1363 1977 1464 2014 virgil.
1489 1976 1537 2004 lib.
1552 1976 1600 2005 IV.
1624 1977 1731 2015 Georg.
1757 1977 1870 2013 (l29.)2

765 2021 827 2050 Nec
847 2021 947 2060 pecori
969 2027 1134 2060 opportuna
1156 2031 1232 2059 seges
1255 2031 1307 2049 nec
1330 2017 1484 2049 commoda
1508 2017 1641 2048 Baccho.

247 2059 337 2088 Dae.
372 2059 444 2088 Vide
468 2062 593 2090 Nonium
618 2063 698 2100 (pag.
713 2065 783 2095 395.
809 2063 913 2101 Merc.)
936 2063 965 2090 in
988 2074 1074 2101 seges.

412 2100 567 2132 Serilla.
611 2105 729 2144 Optime
754 2106 855 2134 Festus
885 2110 991 2134 contra
1016 2105 1151 2134 Verrium
1182 2103 1334 2133 contendit
1361 2101 1461 2132 serilla
1490 2103 1549 2131 dici
1578 2103 1727 2132 funiculos
1757 2108 1859 2141 sparto
1889 2105 2050 2130 consertos.
2095 2099 2193 2129 Verba

250 2143 372 2172 Pacuvii
394 2143 435 2171 sic
460 2145 638 2175 ordinanda:

843 2188 904 2219 Nec
927 2188 990 2218 ulla
1013 2188 1134 2218 subscus
1157 2187 1269 2218 cohibet
1292 2199 1460 2227 compagem
1485 2186 1561 2216 alvei

381 2269 386 2274 .
844 2231 905 2260 Nec
925 2239 991 2260 suta
1015 2230 1076 2260 lino
1099 2239 1124 2259 et
1147 2232 1269 2271 sparteis
1291 2229 1446 2259 serillibus.

251 2268 356 2305 Alvei‚
380 2268 410 2297 id
434 2274 476 2296 est
500 2269 617 2307 nauigii.
656 2271 696 2298 De
718 2272 859 2301 subscude
882 2274 950 2301 vide
974 2275 1004 2301 in
1027 2272 1208 2307 Subscudes,
1236 2273 1288 2301 ubi
1312 2274 1412 2302 endem
1437 2271 1558 2301 Pacuvii
1581 2270 1671 2299 verba
1696 2271 1826 2300 adducta
1848 2275 1924 2300 sunt.
1949 2269 2037 2298 Dac.
2083 2267 2190 2296 Paulus

251 2313 280 2340 in
305 2312 439 2349 Epitome
462 2311 491 2338 id
515 2311 631 2348 posuit,
656 2313 735 2349 qnod
758 2325 772 2340 a
796 2315 881 2343 Festo
905 2315 1142 2354 reprehenditur.
1187 2315 1275 2344 Ant.
1300 2315 1394 2354 Aug.

418 2351 621 2381 Servorum.
651 2352 709 2392 (Ad
734 2356 856 2394 p-262.)
890 2357 927 2385 At
950 2358 1117 2386 Macrobius
1141 2359 1214 2395 (Sat.
1230 2358 1258 2394 I,
1286 2359 1348 2395 13.)
1372 2361 1491 2385 contra:
1531 2355 1626 2384 Nonis
1652 2363 1807 2385 conventus
1830 2354 1977 2382 universae
1997 2348 2193 2381 multitudinis

252 2393 390 2423 vitandus
410 2394 653 2431 existimabatur,
690 2397 826 2435 quoniam
848 2398 974 2436 populus
997 2398 1084 2427 Rom.
1107 2401 1224 2428 est-actis
1246 2401 1332 2428 etiam
1356 2398 1469 2439 regibus
1492 2397 1567 2427 diem
1590 2397 1667 2427 bunc
1689 2397 1842 2427 Nonarum
1865 2396 1996 2425 maxime
2017 2390 2191 2426 celebrabat,
