2263 2668
386 157 458 190 272
1010 154 1150 190 SEXTI
1181 156 1379 191 POMPEII
1405 157 1544 191 FESTI

212 258 248 283 ¹f.
272 256 374 290 Opilius
385 251 540 296 Opillus*
565 248 724 281 Aurelius
751 248 801 280 ait
829 247 967 280 mollem
994 249 1189 292 pulvillum,
1228 263 1328 294 quem
1355 251 1387 283 in
1415 251 1504 285 collo
1531 250 1677 293 habent,
1721 255 1819 287 restis
1845 267 1887 289 ne
1914 258 2043 299 laedat,
2081 259 2160 292 tho-

382 304 500 336 micem
528 299 659 333 vocari.
716 298 919 343 Tangere
942 299 1065 333 Aelius
1088 301 1178 335 Stilo
1206 304 1250 335 ait
1276 313 1413 335 noscere
1440 314 1528 343 esse,
1571 304 1665 347 quod
1688 304 1908 340 Praenestini
1934 310 2158 355 tangitionem

382 355 509 391 dicant,
554 361 616 394 pro
644 350 824 383 notionem.
855 350 1039 396 significat
1066 357 1098 385 et
1125 354 1224 387 latius
1253 354 1425 387 dominari.
1480 354 1624 387 Ennius:

483 402 579 435 Alii
604 401 835 434 rhetorica
862 406 1053 447 tongent.

382 461 414 487 et
442 454 571 487 vincere
599 453 704 485 etiam
731 453 941 498 quandoque
966 454 1097 488 videtur
1123 456 1321 500 significare.

548 502 710 537 Tesca¹
741 505 883 538 Verrius
909 506 959 538 ait
984 506 1060 540 loca
1087 507 1229 552 augurio
1256 507 1458 551 designata,
1495 518 1561 552 quo
1587 509 1733 541 termino
1761 510 1832 542 finis
1859 512 1890 544 in
1917 516 2004 544 terra
2031 516 2158 558 auguri.

381 557 520 601 Opilius
539 556 701 589 Aurelius
729 557 805 590 loca
832 563 1023 590 consecrata
1051 558 1093 590 ad
1121 559 1377 603 augurandum
1402 558 1546 593 scribsit.
1581 559 1639 592 sed
1668 566 1777 594 sancta
1805 562 1880 596 loca
1908 563 2053 607 undique
2079 577 2160 599 sae-

375 613 444 654 pta
472 608 595 641 docent
617 608 786 641 Pontificis
820 608 913 650 libri,
958 609 990 641 in
1023 610 1144 653 quibus
1175 611 1344 655 seriptum
1380 613 1438 642 est.
1503 610 1810 656 Templumque
1845 615 2068 659 sedemque
2102 622 2161 650 te—

381 671 579 703 scumque
605 660 696 693 sive
722 660 820 701 dev,
847 660 937 693 sive
964 660 1075 694 deae
1097 661 1385 702 dedicaverit,
1413 661 1484 694 ubi
1511 673 1580 695 eos
1602 664 1798 709 accipiat
1820 667 2036 708 volentes,
2065 679 2160 712 pro-

382 712 607 756 pitiosque.
661 711 796 744 Hostius
822 712 904 744 belli
926 711 1073 746 Histrici
1100 714 1121 746 l.
1145 713 1188 746 l.:

484 774 557 807 per
583 767 732 807 gentes
760 763 848 795 alte
875 763 1108 804 aetherias,
1152 769 1280 807 atque
1308 763 1415 796 avia
1441 768 1581 805 tesca,

226 814 372 840 ·s.volabis
480 824 650 859 perque
678 814 888 847 violabis*
916 817 1073 860 templa
1101 816 1269 859 antiqua
1298 815 1434 850 deum.

390 866 513 900 Cicero
539 877 619 898 vero
647 877 764 910 aspera
792 865 942 899 difficilia
970 868 1059 900 aditu
1088 868 1193 905 dixit,
1231 878 1308 900 eum
1334 866 1403 899 ait.-

485 918 597 950 Loca
624 929 793 962 aspera,
839 926 935 950 saxa
962 923 1075 952 tesca
1103 924 1206 952 tuor.

382 969 512 1002 Accius
539 969 573 1001 in
596 968 808 1002 Philocteta:

485 1020 586 1061 Quis
612 1024 654 1053 tu
681 1032 720 1053 es
746 1021 957 1061 mortalis,
995 1022 1066 1066 qui
1093 1021 1133 1054 in
1160 1021 1359 1061 deserta,
1398 1025 1437 1054 et
1463 1026 1612 1064 tesqua
1639 1026 1680 1054 te
1707 1021 1908 1066 adportas
1937 1024 2058 1057 loca?

388 1069 660 1104 Tonsillam2
685 1073 734 1105 uit
761 1083 831 1104 esse
854 1072 987 1105 Verrius
1014 1074 1127 1117 palum
1156 1073 1306 1106 dolatum
1335 1073 1369 1105 in
1397 1083 1561 1113 acumen,
1605 1077 1637 1105 et
1664 1073 1803 1117 cuspide
1829 1075 2089 1118 praeferratum,
2125 1081 2160 1110 ut

225 1128 262 1173 :f'
278 1125 372 1158 configi
382 1123 565 1164 existimat,
602 1134 701 1168 quem
730 1135 806 1157 cum
833 1124 918 1169 figi*
938 1124 972 1156 in
999 1125 1095 1157 litore
1120 1125 1209 1157 navis
1234 1124 1449 1170 religandae
1475 1135 1582 1158 causa.
1638 1125 1799 1158 Pacuvius
1826 1126 1857 1158 in
1880 1126 1998 1160 Medio
2012 1131 2058 1160 **:

207 1160 372 1228 ffssnlgfflss
485 1175 664 1208 Accessi
691 1175 748 1208 ad
776 1187 880 1216 eam,
921 1181 959 1208 et
985 1176 1203 1215 tosillam†
1231 1177 1333 1221 pegi
1362 1176 1477 1209 laeto
1504 1177 1542 1208 in
1571 1176 1712 1209 litore.

384 1226 510 1260 Accius
537 1224 731 1260 Phinidis3:

224 1276 371 1308 ††f.laeto
484 1278 662 1319 Tacete,
698 1283 736 1311 et
761 1278 961 1311 tonsillas
988 1278 1122 1311 litore
1149 1278 1337 1317 laedo-ii*
1363 1279 1485 1313 edite.

381 1330 561 1362 Tonsam
590 1330 715 1362 Ennius
742 1325 861 1378 signiss
878 1330 956 1362 ficat
983 1341 1128 1372 remum,
1156 1330 1247 1373 quod
1275 1330 1368 1373 quasi
1396 1330 1572 1362 tondeatur
1599 1330 1689 1362 ferro
1717 1342 1792 1364 cum
1821 1332 1865 1363 ait
1888 1332 1907 1363 l.
1928 1332 2020 1364 Vll.:
2056 1331 2158 1377 [164]

363 1376 367 1381 ’
484 1381 610 1413 Poste
637 1382 891 1421 recumbite,
934 1387 1157 1424 vestraque
1185 1387 1361 1426 pectora
1390 1382 1545 1426 pellite
1572 1381 1713 1414 tonsis.

380 1433 476 1464 item:

482 1483 598 1515 Pone
625 1487 793 1527 petunt,
831 1483 922 1516 exin
951 1484 1141 1517 referunt
1168 1483 1215 1515 ad
1244 1489 1424 1528 pectora
1450 1488 1601 1517 tonsas.

379 1540 412 1568 et
437 1535 471 1567 in
491 1535 612 1567 Asota:

482 1585 599 1618 Alius
625 1586 666 1617 in
693 1585 795 1618 marl
822 1586 913 1618 vult
940 1597 1091 1631 magno
1119 1591 1259 1618 tenere
1285 1590 1457 1618 tonsam.

380 1636 699 1681 Thymbraeum
729 1637 924 1682 Apollinem
953 1637 1120 1683 Vergilius
1149 1649 1167 1669 a
1197 1642 1310 1670 monte
1339 1637 1559 1681 Thymbraeo
1592 1637 1794 1682 appellavit,
1839 1637 1896 1681 qui
1931 1642 1979 1670 est
2010 1637 2041 1670 in
2075 1648 2159 1682 agro

210 1690 243 1713 ’ἱ
263 1689 538 1723 Tollefl0'1'roian0.
591 1688 815 1722 Tolenno*
840 1694 888 1722 est
911 1700 1015 1734 genus
1042 1688 1236 1729 machinae,
1272 1699 1340 1732 quo
1367 1688 1508 1721 trahitur
1535 1701 1640 1732 aqua,
1676 1691 1813 1723 alteram
1841 1694 1969 1734 partem
1996 1700 2160 1734 praegra—

381 1745 477 1773 vante
504 1740 674 1785 pondere,
719 1740 826 1773 dictus
853 1752 871 1772 a
898 1741 1061 1774 tollendo.
1115 1740 1339 1783 Tolerare,
1374 1741 1537 1785 patienter
1562 1741 1658 1775 ferre.
1711 1741 1832 1775 Accius
1857 1741 1890 1773 in
1912 1741 2159 1785 Neoptolemo:

227 1798 353 1824 ‘fissaud
483 1792 591 1825 Aut*
614 1792 832 1835 quisquam
859 1793 971 1836 potis
998 1797 1058 1825 est
1084 1792 1274 1825 tolerare
1302 1792 1598 1825 acritudinem.

382 1843 505 1877 Ennius
531 1843 635 1878 l.11.:

229 1892 257 1916 Ὗ·
277 1891 355 1922 ⁰³0d³=
483 1894 615 1928 Ferro
642 1906 682 1928 se
709 1894 879 1935 caede*‚
919 1905 1039 1938 quam
1068 1894 1201 1927 dictis
1228 1894 1292 1927 his
1317 1895 1535 1928 toleraret.

382 1945 414 1977 T
423 1946 511 1978 oles
538 1951 648 1979 tumor
673 1946 706 1979 in
732 1946 886 1980 faucibus
909 1957 994 1990 quae
1017 1957 1080 1991 per
1102 1946 1361 1979 deminutionem
1385 1946 1537 1979 tonsillae
1557 1946 1719 1978 dicuntur.
1773 1945 2038 1986 Tullianum,
2065 1945 2159 1989 quod

386 1995 519 2037 (licitur,
546 2009 622 2041 pars
649 1997 815 2041 quaedam
843 1997 1001 2041 carceris,
1037 1997 1108 2031 Ser.
1132 1998 1284 2031 Tullium
1311 2009 1426 2043 regem
1455 1998 1648 2030 aedificasse
1674 1997 1774 2030 aiunt.
1828 1997 1860 2029 T
1867 1995 1994 2030 axat4
2019 1997 2158 2030 verbum

234 2043 286 2101 ,ζε-
303 2041 370 2101 ffili-
389 2047 519 2088 ponitur
544 2049 577 2080 in
603 2048 655 2080 his
666 2051 690 2089 *,
717 2061 805 2092 quae
827 2049 1001 2090 finiuntur,
1028 2049 1141 2093 quoad
1165 2050 1256 2094 tangi
1280 2049 1386 2082 liceat.
1414 2049 1446 2081 111
1466 2049 1576 2082 litibus
1598 2060 1734 2092 quoque
1753 2048 1955 2081 arbitrove**
1976 2059 2053 2082 cum
2075 2059 2159 2094 pro-

251 2111 344 2170 ftriave
388 2096 556 2139 scribitur,
590 2100 701 2142 quoad
731 2100 760 2133 ei
786 2100 908 2143 11135111-
931 2101 1105 2134 statuendi.
1158 2101 1342 2134 Taxatio
1370 2101 1507 2142 dicitur,
1542 2112 1627 2144 quae
1654 2101 1692 2133 fit
1717 2105 1827 2134 certae
1854 2112 2012 2134 summae.
2039 2112 2059 2133 a
2084 2106 2157 2134 tan-

232 2147 247 2178 †
262 2165 268 2171 .
286 2146 325 2170 ius
345 2144 378 2168 sit

388 2212 488 2239 licum.
533 2212 640 2242 Locum
661 2215 741 2244 hunc
765 2217 801 2245 ad
832 2217 955 2247 verbum
985 2229 1054 2247 suae
1084 2218 1245 2256 integritati
1289 2218 1373 2249 dicit,
1423 2219 1587 2257 Heplzaesti
1616 2219 1696 2246 lares
1725 2222 1781 2247 etc.
1814 2228 1882 2246 nam
1911 2218 2034 2247 verbum
2064 2227 2157 2256 prae-

390 2254 559 2282 restitutum
582 2256 767 2286 arbitramur.
801 2260 849 2287 Ur
858 2271 883 2289 s.
909 2277 948 2282 —
972 2265 998 2295 1)
1026 2261 1143 2300 Tesea]
1166 2261 1248 2290 Accii
1292 2262 1405 2289 stolare
1426 2262 1468 2290 ita
1493 2261 1680 2291 mutavimus.
1738 2262 1869 2289 Lemnia
1890 2270 1978 2298 vero,
2002 2260 2088 2299 ¹quod
2109 2259 2155 2287 bis

387 2305 490 2325 versus
513 2296 593 2344 apud
616 2297 774 2328 Varronem
797 2301 848 2329 lib.
871 2304 900 2332 6.
924 2304 1118 2342 corrigendus
1142 2313 1179 2333 ex
1202 2314 1248 2341 eo,
1292 2304 1422 2344 positum
1461 2309 1523 2340 est,
1576 2303 1697 2333 videtur
1731 2303 1890 2333 adiectum.
1934 2303 2012 2332 Urs.
2047 2318 2085 2324 —-
2125 2301 2154 2337 ἲ)

388 2348 474 2376 quem
494 2337 544 2366 hic
566 2343 635 2368 citat
656 2340 774 2378 Festu83
797 2347 884 2381 atque
906 2345 947 2373 ita
969 2346 1124 2383 legendus:
1171 2347 1249 2385 Quis
1295 2346 1495 2386 Tumidum]
1538 2345 1684 2375 Phinidis
1723 2356 1783 2374 non
1827 2350 1872 2375 est
1908 2343 2082 2383 mutandum
2123 2342 2154 2370 ἰΠ

389 2386 421 2408 lu
445 2391 474 2410 es
497 2381 651 2419 mortalis,
682 2383 736 2421 qui
766 2384 797 2409 in
825 2384 956 2423 deserta,
993 2393 1019 2414 et
1044 2393 1124 2415 tesca
1147 2395 1174 2417 te
1195 2389 1249 2417 ad·
1292 2390 1489 2417 Phoenissis:
1527 2399 1594 2418 nam
1624 2388 1697 2418 haec
1735 2388 1815 2417 Accii
1857 2386 2007 2425 tragoedia
2044 2385 2154 2413 citatur

385 2428 487 2460 portes
509 2423 596 2452 loca?
619 2425 685 2453 loca
708 2425 785 2452 enim
811 2435 887 2462 quae
906 2431 982 2464 sint,
1007 2428 1157 2468 designat,
1180 2442 1250 2459 cum
1293 2443 1307 2459 a
1337 2432 1433 2461 Nonio
1464 2432 1602 2470 pluribus
1631 2431 1722 2467 locis,
1759 2431 1790 2458 in
1821 2429 1929 2467 quibua
1959 2426 2154 2465 manuscripti
