2263 2668
243 136 292 168 28

662 132 804 166 PAULI
828 133 950 166 DIAC.
977 131 1231 166 EXGERPTA
1255 133 1318 166 Ex
1344 133 1434 168 LlB.
1462 135 1604 170 POMP.
1632 137 1769 170 FESTI

245 228 412 261 Bidentes
437 231 546 259 autem
573 231 645 257 sunt
672 222 771 259 oves¹
792 226 876 259 duos
903 226 1018 260 dentes
1044 227 1212 271 longiores
1239 227 1354 260 ceteris
1377 227 1538 262 habentes
1548 226 1570 264 ².

244 279 364 313 Biseta
391 288 495 323 porca
522 276 659 313 dicitur.

346 342 400 363 Sex
426 338 592 361 mensium.

710 277 801 310 cuius
827 290 845 310 a
871 274 1022 312 cervice³
1050 283 1140 312 setae
1166 278 1317 311 bifariam
1345 279 1552 321 dividuntur,

1600 292 1703 324 quum
1730 282 1796 314 iam
1825 294 1894 315 esse
1920 282 2054 328 incipit⁴
2081 285 2186 318 maior

243 390 385 434 Bignae
410 388 565 432 geminae
592 387 762 428 dicuntur,
808 389 885 431 quia
910 390 960 422 bis
987 401 1052 422 una
1078 390 1133 422 die
1160 394 1255 421 natae
1278 394 1359 422 sunt.

246 435 447 486 Bigenera⁵
469 439 623 473 dicuntur
650 437 824 471 animalia*¹¹
845 452 885 473 ex
909 441 1039 474 diverso
1067 452 1191 486 genere
1218 446 1309 479 nata.
1346 445 1380 473 ut
1407 440 1630 486 leopardalis⁷
1657 454 1695 476 ex
1722 444 1820 476 leone
1849 449 1880 477 et
1903 442 2103 489 panthera⁸;
2137 447 2182 480 ci—

343 486 422 525 cur⁹
445 502 483 523 ex
511 502 594 534 apro
622 495 655 522 et
682 488 863 535 scropham
884 492 1083 531 domestica;
1115 489 1214 524 muli¹

1218 488 1227 508 ¹
1256 503 1295 524 ex
1322 503 1409 535 equo
1421 490 1444 509 ¹²
1464 499 1496 526 et
1523 495 1609 526 asina
1620 491 1653 528 ¹³.

243 551 346 584 Billis
357 547 379 566 ¹⁴
408 550 498 594 apud
526 550 627 583 Afros
654 548 877 595 appellatur¹⁵
901 564 1012 585 semen
1039 552 1221 585 humanum
1249 551 1343 584 humi
1370 550 1589 596 profusum¹⁶.

247 599 469 635 ΒῑιιίιθνιινεΠ
492 607 539 635 est
562 602 659 634 stulte
686 607 719 635 et
741 601 983 648 praecupide¹⁸
1005 604 1115 648 loqui.
1160 603 1251 646 quod
1281 615 1298 635 a
1326 603 1460 638 Graeco
1486 602 1609 650 βλάξ19
1635 605 1797 650 originem
1825 606 1927 640 ducit.

1979 606 2049 640 Sed
2071 613 2103 639 et
2128 598 2185 641 ca—

345 653 466 695 melos,
495 665 597 697 quum
626 665 724 687 voces
751 654 868 696 edunt‚
900 655 1063 689 blaterare
1090 655 1237 689 dicimus.

244 714 457 747 Balatroncs
480 718 512 746 et
534 713 670 746 blateas
680 709 704 729 ²⁰
724 713 830 746 hallas
841 710 863 729 ²¹
888 714 947 746 luti
974 726 1013 747 ex
1040 714 1225 755 itineribus,
1253 721 1309 748 aut
1333 715 1425 758 quod
1452 715 1744 749 calciamentorum
1755 713 1780 733 ²²
1802 712 1912 749 solis²³
1934 716 2095 757 eraditur,
2123 729 2185 762 ap-

344 765 515 809 pellabant
522 761 557 798 ²⁴.

245 816 352 849 Bilbit
378 817 503 850 factum
527 812 608 849 est²⁵
635 828 654 848 a
680 813 925 849 similitudine²⁶
953 816 1090 856 sonitus,
1132 818 1202 860 quit
1230 817 1267 849 fit
1293 818 1325 849 in
1352 829 1438 851 vase.

1492 817 1635 850 Naevius
1662 817 1770 851 Bilbii
1797 818 1973 863 ampliora
1995 819 2110 862 inquit,

244 867 484 901 Bibliothecae
510 872 543 900 et
569 866 662 911 apud
689 867 839 901 Graecos
867 872 899 900 et
926 868 1017 911 apud
1045 865 1136 900 nos²⁷
1156 874 1223 901 tani
1251 869 1413 902 librorum
1442 880 1580 914 magnus
1607 881 1669 913 per
1696 882 1730 903 se
1757 881 1927 914 numeru8‚
1966 882 2067 914 quam
2092 870 2186 904 locus

344 920 433 964 ipse,
460 920 492 952 in
522 930 590 962 quo
618 919 693 951 libri
719 919 874 952 collocati
903 916 1019 961 sunt²⁸‚
1047 916 1281 963 appellatura

243 979 375 1012 Blitam
402 991 507 1024 genus
534 979 632 1012 oleris
660 991 679 1011 a
706 979 831 1023 saporis
857 984 992 1023 stupore
1019 980 1227 1024 appellatum
1260 991 1330 1013 esse
1365 991 1404 1012 ex
1432 980 1565 1015 Graeco
1600 986 1749 1025 putatur,

346 1027 504 1065 dicatur³¹
534 1026 692 1065 stultusffl.

242 1090 388 1124 Bardus
415 1091 546 1131 stultus,
587 1103 605 1123 a
631 1090 785 1122 tarditate
812 1090 936 1134 ingenii
963 1090 1164 1133 appellatur.

1799 981 1892 1024 quod
1920 981 1962 1013 ab
1989 981 2040 1013 his
2066 978 2186 1026 eidem

1219 1090 1398 1124 Caecilius:

612 1140 727 1174 Nimis
753 1141 928 1173 audacem
955 1139 1156 1186 nimisquc³³
1182 1142 1335 1175 bardum
1364 1140 1566 1175 barbarum.

343 1192 505 1225 Trahitur
531 1198 640 1225 autem
666 1189 719 1225 ³³⁴
742 1192 894 1233 Graeco,
935 1193 1027 1236 quod
1055 1193 1104 1225 illi
1130 1190 1298 1240 βαρδύς35
1321 1193 1445 1227 dicunt.

242 1252 389 1285 Bardus
415 1252 547 1286 Gallice
574 1258 689 1286 cantor
712 1253 921 1298 appellatur,
953 1254 1010 1297 qui
1037 1254 1183 1286 virorum
1210 1254 1346 1287 fortium
1373 1253 1488 1286 laudes
1516 1253 1619 1293 canit,
1646 1265 1665 1285 a
1685 1259 1786 1298 gente
1813 1254 2019 1295 Bardorum‚
2046 1254 2089 1287 de
2112 1255 2186 1296 qui-

343 1304 405 1336 bus
432 1304 600 1338 Lucanus:

611 1355 775 1388 Plurima
801 1356 915 1389 securi
930 1355 1083 1400 fudistis
1110 1356 1271 1389 carmina
1299 1356 1425 1389 Bardi.

241 1401 422 1441 Βεῑιιίιιε36
449 1407 572 1440 bestiae
599 1407 719 1442 similis,

239 1456 474 1491 Beneventum
501 1455 663 1492 colonia3⁷
691 1470 794 1502 quum
822 1458 1060 1500 deduceretur,
1101 1459 1266 1503 appellari
1293 1463 1450 1503 coeptum
1479 1463 1527 1490 est
1550 1457 1694 1490 melioris
1721 1458 1837 1490 ominis
1865 1468 1971 1490 causa.

340 1521 414 1542 eam
441 1510 558 1543 urbem
587 1514 681 1543 antea
709 1510 832 1544 Graeci
859 1510 1039 1544 incolentes
1066 1507 1319 1546 Mam'wwvffl
1345 1509 1544 1554 appellarun

241 1559 382 1605 Bulgas
392 1557 417 1577 ⁴⁰
445 1562 538 1595 Galli
565 1562 714 1596 sacculos
724 1558 746 1578 ⁴¹
771 1568 917 1596 scorteos
944 1563 1124 1606 appellant.

241 1683 283 1708 cn·
295 1686 442 1719 icaretur]
466 1683 655 1721 sacrificetur
677 1683 710 1712 L.
730 1683 763 1712 B.
784 1683 840 1711 Gu.
858 1685 884 1714 1.
908 1693 952 1721 pr.
980 1698 1020 1703 —
1052 1680 1082 1722 1)
1105 1685 1189 1717 ores]

242 1734 305 1752 oves
320 1731 390 1753 sunt
406 1725 437 1754 B.
481 1726 576 1753 liostie
591 1727 621 1754 L.
644 1743 686 1747 —
707 1723 738 1766 2)
762 1726 917 1761 [labentes]
943 1725 990 1752 vel
1011 1724 1093 1763 qaod
1108 1725 1191 1752 bien—-

241 1775 290 1793 nes
310 1769 353 1795 ita
377 1768 573 1806 appellarunt
594 1768 659 1797 add.
680 1769 711 1797 L.
741 1785 782 1790 —
812 1769 842 1804 5)
865 1779 884 1796 α
902 1769 1026 1803 cervice]
1053 1769 1192 1795 acumini·

242 1807 274 1835 B.
290 1825 330 1830 —
352 1811 381 1846 4)
398 1822 456 1838 esse
472 1813 589 1850 incipit]
606 1813 714 1849 incipit
728 1822 786 1838 esse
803 1811 858 1839 Gu.
869 1813 896 1842 1.
920 1827 961 1832 -—
984 1808 1013 1849 5)
1027 1810 1191 1849 Bigenera]

244 1850 376 1887 Blgnela
392 1854 422 1882 B.
449 1870 484 1874 —
510 1856 539 1889 6)
563 1854 708 1882 dicantar
730 1852 899 1892 animalia]
925 1853 973 1881 Sic
995 1853 1032 1881 M.
1050 1854 1104 1882 Gu.
1120 1856 1145 1884 1.
1163 1857 1191 1885 2.

244 1891 272 1918 S.
319 1903 364 1920 (ιιι.
380 1894 437 1924 ilic.
455 1897 536 1934 vulg.
583 1907 640 1926 om.
657 1896 802 1924 dicuntur
815 1907 860 1935 pr,
884 1913 919 1916 —
940 1892 970 1935 7)
994 1895 1191 1934 leopardalis]

245 1933 404 1970 leopardus
419 1937 449 1964 L.
466 1939 497 1966 B.
518 1939 573 1967 Gu.
593 1943 617 1971 l.
634 1950 679 1978 pr.
693 1940 722 1969 S.
754 1957 790 1960 --
821 1937 853 1979 ὃ)
871 1937 1039 1977 panthera]
1060 1944 1192 1976 pauleia

242 1975 275 2003 Β.
298 1991 338 1996 -
361 1979 388 2011 9)
413 1979 506 2016 cii-ur]
529 1981 648 2010 additur
664 1982 752 2020 vulgo
770 1993 838 2017 sas,
864 1981 945 2019 quod
964 1992 1020 2010 om.
1037 1981 1075 2010 M.
1092 1981 1148 2011 Gu.
1163 1985 1190 2013 2.

244 2027 289 2055 pr.
321 2018 376 2045 Pro
393 2023 516 2057 utroque
532 2033 597 2052 voc.
616 2025 645 2052 in
659 2025 737 2063 Lips.
755 2029 798 2053 est
814 2024 897 2052 ibris.
924 2040 960 2045 —
984 2022 1028 2061 10)
1051 2023 1190 2062 scropha]

243 2060 347 2097 scrofa
361 2060 391 2087 L.
406 2060 445 2089 M.
458 2072 502 2099 pr.
524 2079 565 2086 —
589 2064 633 2104 11)
656 2067 746 2105 muli]
771 2067 817 2095 Sic
833 2067 864 2096 L.
878 2066 917 2095 M.
935 2066 1029 2097 Gn.2.
1046 2076 1090 2104 pr.
1122 2077 1190 2094 mu-

243 2102 293 2129 lus
308 2102 387 2139 vulg.
413 2119 449 2123 —
476 2102 522 2141 12)
544 2108 629 2144 equo]
653 2110 699 2136 Sic
717 2110 748 2138 L.
768 2111 823 2137 Gu.
843 2112 868 2140 1.
886 2112 916 2141 2.
963 2119 1038 2146 equa
1056 2109 1135 2146 vulg.
1149 2125 1190 2130 —

245 2143 289 2183 13)
313 2144 420 2183 asina]
440 2145 489 2172 Sic
506 2146 536 2172 L.
555 2149 608 2175 Gu.
626 2152 651 2177 1.
664 2154 692 2180 2.
739 2154 824 2179 asino
842 2152 921 2189 vulg.
945 2167 985 2172 -—-
1010 2152 1053 2188 14)
1076 2150 1189 2189 Billis]

243 2186 344 2214 Biblis
362 2187 418 2216 Gu.
435 2190 461 2219 1.
505 2186 586 2215 Bilis
601 2199 644 2226 pr.
666 2206 706 2211 —
729 2194 774 2231 15)
797 2193 884 2231 apud
897 2194 993 2231 Afros
1009 2193 1096 2232 app.]
1120 2205 1189 2233 app.

245 2228 332 2267 apud
348 2229 417 2267 Afi.
443 2229 497 2258 Gu.
516 2233 541 2260 1.
572 2247 613 2250 -
642 2232 687 2266 16)
711 2235 890 2273 profusum]
907 2237 1068 2273 petsusum
1088 2237 1144 2266 Gn.
1164 2239 1190 2267 1.

246 2282 388 2309 sparsum
405 2272 436 2301 L.
458 2288 499 2294 —
529 2269 572 2312 17)
596 2271 770 2312 Elam-ure]
792 2275 962 2305 Blattirmc
984 2279 1013 2307 L.
1032 2278 1069 2308 M.
1091 2279 1147 2307 Gu.
1164 2283 1189 2310 l·

247 2324 290 2351 pr.
306 2319 339 2342 ut
354 2314 440 2343 iidem
457 2313 544 2342 codd.
562 2324 631 2342 mox
647 2315 794 2344 exhibent.
814 2333 848 2338 -—
872 2316 917 2357 18)
928 2321 1124 2360 praecuplde]
1142 2321 1190 2349 Sic

247 2357 277 2384 L.
293 2357 330 2385 M.
353 2357 408 2385 Gu.
427 2359 452 2387 1.
468 2360 496 2388 2.
519 2366 564 2394 pr.
603 2368 681 2395 prae
703 2357 844 2395 cupidine
858 2359 890 2385 B.
932 2363 1091 2398 percupide
1111 2364 1190 2401 vulg.

247 2414 287 2420 —
319 2398 361 2437 19)
392 2397 483 2438 βλάξ]
513 2399 582 2427 blax
606 2400 660 2427 Gu.
677 2402 704 2430 2.
727 2410 772 2438 pr.
817 2401 888 2437 βλαξ
909 2400 979 2429 ὀίω·
1000 2403 1031 2429 Β.
1077 2415 1131 2434 0111.
1158 2407 1188 2433 L.

2031 1457 2185 1500 Namque

1546 1505 1599 1541 t³⁹.

1236 1681 1291 1710 Gu.
1309 1684 1334 1711 1.
1356 1697 1398 1702 —-
1419 1679 1466 1720 20)
1490 1680 1614 1718 blateas]
1639 1680 1696 1709 Sic.
1713 1680 1750 1709 M.
1769 1680 1827 1709 Gu.
1846 1683 1910 1712 1.2.
1942 1680 2023 1718 vulg.
2036 1680 2184 1708 blatlzeas.

1235 1723 1374 1751 balatras
1388 1724 1420 1752 B.
1452 1740 1488 1745 ———
1518 1727 1563 1757 21)
1587 1723 1704 1762 hallas]
1728 1723 1775 1752 Sic
1789 1724 1821 1751 B.
1837 1722 1875 1751 M.
1894 1723 1949 1751 Gu.
1968 1725 1994 1753 1.
2010 1725 2038 1754 2.
2082 1723 2186 1750 hallas

1233 1767 1314 1804 vulg.
1337 1782 1370 1787 —-
1391 1764 1440 1806 22)
1464 1765 1744 1805 calciamentorum]
1769 1766 1817 1794 Sic
1831 1765 1861 1793 L.
1875 1766 1906 1794 B.
1922 1765 1959 1793 M.
1977 1766 2034 1794 Gu.
2050 1766 2078 1796 1.
2092 1767 2121 1796 2.
2137 1774 2184 1803 pr.

1236 1809 1377 1838 calceam.
1395 1809 1473 1846 vulg.
1517 1808 1608 1837 Iidem
1628 1809 1716 1838 codd.
1740 1819 1796 1838 om.
1820 1806 1871 1843 (le,
1901 1807 1981 1845 quod
2003 1807 2095 1845 vulgo
2116 1812 2185 1836 ante

1236 1852 1373 1879 calciam.
1396 1852 1599 1890 praeponitur.
1630 1868 1672 1874 —
1701 1849 1750 1890 23)
1773 1849 1865 1889 solis]
1894 1851 1942 1877 Sic
1967 1850 2000 1880 B.
2024 1850 2079 1878 Gu.
2094 1852 2122 1882 2.
2139 1860 2184 1889 pr.

1235 1894 1322 1922 soleis
1343 1894 1423 1932 vulg.
1449 1910 1491 1915 ·-
1517 1892 1563 1933 24)
1587 1892 1799 1933 appellabant]
1823 1892 1998 1930 appellatur
2016 1893 2049 1921 B.
2072 1908 2116 1914 —-
2136 1890 2183 1933 25)

1236 1937 1288 1976 est]
1313 1947 1370 1965 om.
1387 1937 1419 1964 L.
1441 1953 1483 1957 —
1506 1937 1553 1969 26)
1576 1947 1595 1963 α
1611 1934 1825 1974 similitudine]
1850 1934 1894 1962 acl
1908 1933 2140 1963 similitudinem
2150 1934 2183 1963 B.

1234 1995 1276 2001 --
1298 1980 1345 2015 27)
1370 1979 1439 2016 nos]
1463 1979 1593 2006 Latinos
1612 1980 1644 2008 B.
1661 1980 1688 2007 S.
1712 1995 1752 2000 -
1776 1978 1824 2015 28)
1849 1977 2081 2006 libricollocati
2095 1976 2181 2015 sunt]

1235 2022 1375 2050 collocati
1394 2027 1465 2049 sant
1478 2021 1551 2049 libri
1564 2022 1594 2050 L.
1638 2023 1699 2059 ipsi
1712 2020 1785 2049 libri
1800 2021 1831 2049 B.
1877 2020 2067 2048 collocantur
2082 2020 2138 2049 Gu.
2155 2022 2182 2051 1.

1233 2081 1275 2086 --
1298 2063 1345 2103 29)
1369 2063 1556 2103 appellatur]
1581 2065 1628 2092 Sic
1649 2065 1686 2093 M.
1707 2064 1763 2092 Gu.
1779 2066 1805 2095 1.
1821 2065 1848 2094 2.
1894 2063 2089 2101 appellantur
2105 2061 2181 2099 vulg.

1236 2124 1270 2128 —
1297 2107 1343 2146 30)
1366 2104 1450 2146 βλάξ]
1473 2106 1543 2134 ὀίω·
1558 2107 1613 2137 Gu.
1632 2110 1659 2139 2.
1673 2116 1719 2146 pr.
1757 2116 1813 2135 om.
1828 2106 1859 2134 L.
1878 2106 1934 2135 Gu.
1952 2108 1979 2137 1.
1999 2122 2042 2127 --
2063 2102 2110 2145 31)
2133 2103 2180 2131 ‹1²12-

1234 2149 1341 2188 catur]
1364 2150 1412 2177 Sic
1429 2151 1461 2178 L.
1481 2149 1514 2177 B.
1530 2149 1585 2177 Gu.
1601 2151 1631 2180 2.
1676 2149 1790 2177 dicitur
1807 2148 1886 2186 vulg.
1911 2162 1953 2169 —-
1979 2144 2028 2188 32)
2050 2145 2179 2184 stultu-s]

1234 2193 1282 2221 Sic
1297 2192 1341 2220 M.
1359 2192 1453 2223 Gu.2.
1481 2191 1625 2231 stupidus
1639 2193 1720 2229 vulg.
1741 2207 1782 2212 —
1803 2192 1852 2228 33)
1873 2189 2032 2228 nimisque]
2051 2200 2108 2229 que
2122 2198 2178 2218 om·

1232 2235 1264 2263 B.
1281 2251 1323 2256 —-›
1339 2236 1386 2272 34)
1402 2234 1434 2273 a]
1454 2245 1486 2262 cx
1503 2235 1533 2263 L.
1557 2251 1599 2256 -—
1620 2234 1665 2273 35)
1680 2230 1804 2273 βαρδύς]
1819 2233 1866 2261 Sic
1881 2233 1986 2271 scripsi
2003 2243 2017 2261 e
2032 2232 2071 2261 M.
2087 2232 2140 2260 Gu.
2148 2233 2177 2262 2.

1232 2287 1277 2316 pr.
1288 2300 1295 2314 ‚
1318 2278 1349 2306 in
1366 2278 1473 2316 quibus
1489 2277 1575 2306 codd.
1592 2282 1635 2306 est
1648 2277 1754 2305 bardis
1768 2292 1809 2296 —
1824 2273 1938 2315 βραδύς
1950 2275 1984 2303 Β.
2017 2271 2134 2314 βάρδεις
2146 2271 2173 2299 S.

1234 2331 1290 2350 om.
1308 2321 1338 2348 L.
1356 2321 1410 2349 Gu.
1426 2324 1453 2352 1.
1499 2317 1657 2359 βάρδιστος
1672 2320 1755 2357 vulg.
1778 2333 1818 2340 —-·
1841 2318 1889 2354 36)
1910 2316 2048 2354 Bellicus]
2072 2313 2176 2343 Bellu-

1233 2368 1283 2390 tus
1297 2363 1328 2392 Β.
1345 2374 1388 2401 pr.
1408 2379 1450 2384 —
1471 2364 1517 2399 57)
1543 2362 1674 2401 colonia]
1699 2362 1797 2390 coloni
1809 2361 1841 2388 B.
1863 2376 1904 2382 --
1925 2358 1972 2395 38)
1989 2354 2174 2393 Μαλόεντον]

1232 2406 1281 2433 Sic
1303 2405 1409 2444 scripsi
1425 2415 1440 2433 e
1456 2405 1511 2433 Gn.
1527 2408 1555 2437 2.
1571 2405 1623 2439 Μ.,
1652 2405 1681 2432 in
1699 2403 1805 2440 quibus
1821 2405 1864 2430 est
1879 2400 2033 2428 maloeton.
2076 2399 2174 2426 malo-
