2263 2668
235 151 310 185 322
939 144 1134 179 PHOGAE
1168 145 1482 181 GRAMMATICI

239 241 322 284 est¹;
361 243 419 277 sed
451 252 563 275 eorum
595 240 677 273 alios
710 240 776 273 late
808 238 1010 284 copioseque
1043 238 1227 284 scripsisse,
1269 240 1315 272 ita
1348 243 1384 272 ut
1413 238 1581 283 superflua
1611 238 1777 273 interdum
1810 239 1960 274 ubertate
1992 241 2187 277 narrationis

240 292 424 330 memoria²
444 291 680 329 confundatum
722 292 824 334 alios,
865 291 945 324 dum
972 292 1123 324 brevitati
1150 291 1297 331 student,
1338 291 1522 323 admodum
1550 291 1705 324 diffusam
1734 297 1898 325 coartasse
1925 294 2111 335 materiam,
2154 298 2189 326 ut

240 349 340 381 sterili
368 343 569 388 compendio
597 343 677 375 nihil
706 344 749 376 ad
772 343 936 388 integram
964 343 1132 376 scientiam
1159 343 1338 376 lectoribus
1365 343 1555 382 conserant3
1591 344 1818 376 adolescentes
1844 355 1924 375 vero
1951 345 2052 376 nostri
2078 345 2181 378 seculi

240 411 307 433 non
333 397 499 430 desiderio
528 395 726 436 litterarum,
754 406 815 428 nec
837 406 950 427 amore
976 394 1101 427 virtutis
1123 394 1167 426 ad
1194 394 1300 426 studia
1322 405 1356 426 se
1380 390 1584 438 applica1-e³‚
1613 395 1671 427 sed
1695 400 1751 427 aut
1772 395 1964 427 necessitate
1986 397 2187 440 compulsos,

242 455 296 484 aut
325 449 429 480 odore
455 447 666 490 voluptatum
693 457 755 491 per
787 451 929 479 aetatem
961 442 1127 478 imbutos⁴¹
1149 445 1309 478 exsecrari
1337 446 1528 489 magistros,
1571 457 1712 489 quorum
1739 451 1775 478 ut
1801 447 1939 490 quisque
1966 451 2015 479 est
2041 447 2188 492 diligen-

241 502 321 543 tior,
349 511 389 532 eo
417 495 552 532 maiori5
575 498 654 530 odio
681 499 859 542 premitur;
892 502 925 531 et
950 498 1158 542 gymnasium
1186 497 1382 541 sapientiae,
1410 508 1477 540 quo
1497 497 1540 529 ad
1560 498 1693 530 beatam
1716 498 1816 530 vitam
1844 498 1958 530 semita
1980 498 2188 531 demonstra-

241 558 310 592 tur,
346 552 435 584 velut
461 550 663 583 teterrimum
692 561 859 583 carcerem
886 549 1058 587 detestari;
1103 549 1183 581 alios
1210 553 1337 587 autem,
1379 548 1528 590 quamvis
1555 549 1637 582 scire
1665 550 1814 593 cupiant,
1854 560 1952 582 omne
1979 554 2088 582 tamen
2115 549 2188 582 fru-

243 603 347 637 ctuosi
373 603 496 635 laboris
524 612 605 633 onus
627 602 827 642 detrectare,
869 612 931 634 nec
957 600 1092 633 assiduis
1116 600 1289 633 inhaerere
1316 600 1530 642 lectionibus,
1572 612 1633 634 nec
1656 601 1783 634 curiosa
1810 602 2071 645 perscrutatione
2096 605 2190 634 vete-

242 666 316 688 rum
343 666 459 687 eruere
487 653 758 686 commentarios:
800 652 857 696 qui
883 653 963 685 dum
990 663 1171 695 numquam
1199 662 1266 684 esse
1294 651 1433 691 assidui,
1478 662 1612 695 semper
1637 651 1710 684 fieri
1735 653 1868 693 volunt,
1912 652 2002 686 docti
2026 664 2096 685 esse
2121 663 2190 685 non

242 703 410 751 possuntfl.
469 705 600 738 Idcirco
628 705 736 737 fateor
762 716 815 738 me
841 704 910 738 hoc
937 700 1130 748 negotium⁷
1149 703 1330 746 suscepisse
1357 703 1507 746 pluribus
1534 703 1765 747 profuturum,
1806 704 1864 736 nisi
1887 701 1961 736 hisss
1988 704 2044 747 qui
2070 704 2188 737 novel-

244 759 311 791 lam
341 757 416 790 artis
443 757 682 800 expositionem
708 761 849 789 tractare
876 750 1084 794 fastidiunt⁵¹3
1117 751 1403 799 praecipueque¹⁰
1426 754 1595 798 discipulis
1621 756 1756 796 nostris,
1783 756 1902 798 quibus
1924 755 2079 788 adversus
2101 755 2190 788 obli-

244 809 349 842 vionis
383 809 543 841 iacturam
577 813 608 840 et
640 808 926 853 pereunctantium
960 811 1161 840 tentamenta
1196 806 1381 839 consultum
1411 817 1479 839 esse
1507 806 1672 839 desidero.
1732 807 1770 839 In
1793 806 1862 841 hoc
1888 818 2032 850 namque
2058 812 2189 840 nostrae

244 860 458 906 professionis
485 871 612 892 summa
637 865 801 901 versatur,
840 863 877 891 ut
903 860 936 891 in
963 859 1102 890 aliorum
1132 858 1267 891 scientia
1281 854 1302 873 ¹¹
1328 857 1375 890 tui
1401 858 1588 901 periculum
1615 858 1732 897 facias3
1773 870 1853 899 nec,
1896 870 1971 892 cum
1998 859 2069 902 ipse
2096 858 2189 898 scias,

246 912 304 945 sed
317 909 340 929 ¹²
361 912 442 944 alios
469 911 639 953 docueris,
674 911 819 944 eruditus
843 907 945 944 esse¹³
965 910 1114 943 videaris.
1166 909 1346 941 Nominum
1373 909 1475 954 igitur
1501 909 1635 953 regulas
1662 914 1695 942 et
1718 911 1897 942 verborum
1922 911 1955 942 in
1982 921 2083 942 unum
2106 920 2190 943 con-

246 959 377 1008 gessi¹⁴,
420 963 577 1006 quoniam
603 963 669 995 hae
697 963 767 995 fere
794 962 1018 1006 principatum
1045 962 1077 993 in
1104 961 1252 1004 partibus
1279 961 1435 994 orationis
1463 962 1627 1002 obtinent,
1664 961 1873 1004 multumque
1896 961 2099 994 difficultatis
2125 960 2190 993 hu-

245 1017 341 1055 bent,
370 1020 402 1047 et
428 1026 527 1058 super
553 1014 689 1047 caeteris
716 1014 848 1046 abunde
875 1014 999 1047 (lictum
1024 1025 1043 1045 a
1067 1012 1199 1044 summis
1226 1009 1453 1045 doctoribus¹⁵
1473 1008 1666 1045 existimoffi.
1725 1013 1803 1054 Quo
1824 1014 1857 1045 in
1880 1023 1983 1056 opere
2004 1012 2087 1045 nihil
2107 1012 2191 1045 milli

248 1078 393 1106 sumam,
435 1077 497 1099 nec
519 1078 537 1098 a
557 1078 611 1098 me
638 1066 714 1098 novi
742 1066 920 1108 quicquam
947 1068 1117 1108 repertum
1145 1060 1364 1096 affi1-1nabo¹⁷.
1425 1063 1534 1096 Multa
1565 1075 1709 1107 namque
1739 1075 1779 1096 ex
1805 1065 1983 1096 multorum
2010 1063 2102 1096 libris
2128 1063 2191 1096 ‹le-

248 1115 397 1162 cerptam
422 1117 582 1151 concinna
608 1118 768 1150 brevitate
796 1116 957 1157 conclusi,
993 1121 1028 1148 ut
1053 1127 1115 1149 nec
1141 1116 1249 1147 ieiuna
1275 1126 1395 1159 parum
1417 1116 1553 1148 instruat
1580 1116 1827 1159 compensatio,
1855 1127 1916 1150 nec
1942 1116 2083 1148 verbosa
2108 1125 2192 1159 pro-

247 1170 351 1202 lixitas
378 1169 547 1201 fastidium
574 1169 762 1213 legentibus
788 1173 929 1201 moveat.
989 1167 1025 1200 Si
1053 1166 1132 1210 quid
1161 1172 1269 1199 autem
1298 1178 1316 1199 a
1337 1167 1433 1199 nobis
1460 1167 1492 1199 in
1519 1173 1673 1211 suscepto
1698 1168 1835 1212 negotio
1863 1167 2043 1200 commode
2068 1171 2191 1200 tracta-

247 1227 316 1253 tum
347 1225 411 1260 est,
442 1221 532 1253 malo
560 1220 593 1252 id
618 1221 749 1253 lectoris
776 1220 899 1253 iudicio
927 1217 1072 1259 laudari,
1106 1230 1204 1262 quam
1229 1222 1339 1251 nostra
1366 1219 1614 1263 praedicatione
1636 1219 1759 1251 iactari.

249 1273 303 1305 vel
314 1268 337 1288 ¹⁹

250 1398 326 1426 tavit
341 1397 377 1425 ad
391 1397 473 1426 hunc
490 1398 588 1426 locum
600 1398 715 1435 Collega
731 1408 823 1434 meus,
842 1397 986 1436 Langius:
1010 1396 1086 1435 „Ad
1098 1407 1198 1436 praep.

250 1440 405 1470 retinenda
429 1445 480 1468 est.
514 1441 561 1468 Sic
582 1441 642 1470 Cic.
662 1440 721 1470 Oss'.
738 1441 764 1477 I,
789 1444 837 1473 39.
878 1442 1000 1469 Domus
1021 1441 1199 1480 ,stiffi-agata

252 1482 372 1511 domam
395 1482 438 1510 ad
456 1484 649 1511 consulatum
663 1483 842 1521 putabatur.
887 1483 1102 1511 Grammaticus
1119 1483 1198 1510 anti-

252 1526 393 1564 quitatem
420 1531 571 1564 comparat
595 1536 661 1553 cum
686 1527 819 1554 centuria
839 1526 1040 1563 praerogativa
1058 1526 1088 1553 in
1106 1525 1199 1553 comi-

254 1569 309 1598 riis.
352 1567 408 1596 Sed
433 1568 490 1598 adi.
509 1574 683 1606 praerogat.
705 1568 928 1596 constructione
945 1569 981 1596 ad
998 1568 1089 1596 subst.
1106 1568 1201 1596 soler—

253 1613 329 1638 tiam
349 1611 473 1639 relalum
497 1611 583 1638 simul
606 1611 682 1638 idem
698 1611 793 1647 valet,
823 1611 903 1648 quod
920 1613 1138 1649 praecipuum,
1167 1615 1201 1638 ut

253 1663 354 1681 sensus
368 1654 421 1681 sit:
438 1653 543 1691 quibus
554 1653 589 1680 ad
604 1653 722 1681 laudem
734 1653 908 1691 praecipuae
924 1653 1057 1681 solertiae
1072 1654 1201 1691 antiqui-

254 1700 298 1722 tas
311 1697 388 1733 ipsa,
411 1701 551 1733 tanquam
568 1696 770 1733 praerogativa
787 1695 929 1731 centuria,
951 1696 1110 1734 suffragata
1126 1697 1200 1725 est.“

254 1753 295 1758 —
318 1742 343 1770 1)
368 1738 496 1765 Sulerlia
520 1738 567 1765 vel
587 1739 759 1776 antiquitas
773 1738 953 1777 suffragata
968 1744 1009 1766 est
1024 1739 1055 1767 P.
1101 1737 1200 1767 Saler-

256 1780 301 1806 tia
318 1779 363 1806 rel
377 1781 548 1817 antiquitas
565 1780 636 1819 suff
655 1781 726 1809 Ven.
742 1781 809 1810 Asc.
853 1781 1013 1809 Solertiam
1029 1783 1202 1820 antiquita-s*

256 1823 323 1859 ipsa
339 1821 406 1859 suff}
419 1821 490 1857 Gu.,
515 1823 593 1860 quod
611 1823 755 1852 dedimus.
780 1841 815 1845 —-
840 1827 867 1857 2)
884 1824 1064 1862 Legentium
1078 1823 1136 1853 h.l.
1153 1823 1202 1851 in-

256 1862 380 1891 trudunt
396 1863 466 1891 Ven.
482 1864 547 1893 Asc.
558 1865 588 1892 P.
605 1875 661 1895 om.
673 1866 729 1893 Gu.
750 1883 792 1887 —
814 1869 841 1900 3)
855 1866 1024 1904 Applicant
1039 1866 1115 1895 male
1131 1866 1201 1896 Ven-

256 1921 297 1927 —
320 1907 347 1938 4)
366 1906 501 1943 Afflatos
515 1907 587 1936 Ven.
602 1907 668 1938 Asc.
688 1908 717 1938 P.
757 1909 892 1937 Imbuios
908 1909 1042 1937 dedimus
1058 1918 1072 1937 e
1088 1909 1143 1939 Gu.
1161 1924 1203 1930 --

258 1950 285 1981 5)
308 1948 442 1975 Maiore
464 1949 518 1977 Gu.
541 1967 583 1970 —
608 1953 635 1985 6)
657 1952 744 1978 Dum
759 1962 871 1989 semper
886 1962 946 1980 esse
963 1951 1101 1990 assidui,
1124 1962 1203 1980 nun-

259 2000 351 2028 quam
363 1991 436 2027 ficri
456 1991 574 2027 volunt,
598 1991 627 2023 d.
645 2004 668 2022 e.
683 2005 712 2021 n.
726 2005 760 2031 p.
775 1995 884 2023 omisso
904 1996 958 2034 qai
974 1995 1003 2025 P.
1022 1995 1095 2023 Ven.
1141 1995 1205 2032 Qui

259 2031 331 2059 dum
351 2043 462 2070 semper
485 2033 605 2061 assidui
628 2036 733 2063 ‹rolwzt
749 2037 824 2074 fieri
844 2036 871 2066 (l.
889 2049 910 2066 e.
928 2048 957 2066 n.
972 2048 1003 2075 p.
1027 2038 1095 2066 ASC.
1143 2038 1206 2075 Qui

260 2074 331 2102 dum
354 2085 522 2112 numquam
547 2086 658 2114 semper
684 2078 805 2106 assidui
823 2080 898 2117 fieri
920 2080 1027 2107 volunt
1053 2080 1122 2109 Cod.
1150 2080 1206 2109 Gu.

259 2119 370 2155 Sponte
386 2121 483 2155 patet,
507 2118 691 2147 scribendum
708 2130 784 2150 esse:
808 2124 860 2160 qai
873 2121 948 2149 (lum
961 2131 1134 2160 numquam
1147 2133 1208 2150 esse

261 2158 395 2195 assidui,
419 2169 530 2197 semper
545 2160 618 2197 fieri
635 2162 739 2189 volunt
755 2169 824 2199 cet,
849 2165 927 2202 quod
947 2165 1091 2194 dedimus,
1134 2166 1208 2193 Sen-

260 2202 350 2230 tentia
364 2207 421 2230 est:
446 2211 561 2239 semper
574 2202 630 2229 sibi
645 2211 825 2242 proponunt,
847 2212 881 2235 ut
896 2207 1005 2236 assidui
1022 2207 1104 2243 fiant,
1128 2218 1207 2236 nun-

261 2254 348 2281 quam
362 2254 462 2272 revera
481 2249 558 2274 sunrt.
579 2260 622 2265 —
648 2244 676 2283 7)
702 2246 862 2284 Negotium
878 2249 933 2277 [ωε
949 2250 1020 2280 Ven,
1035 2250 1105 2279 Asc.
1120 2251 1152 2279 P.
1165 2265 1207 2272 —-

261 2287 289 2326 8)
311 2288 373 2315 His
389 2287 511 2314 accessit
524 2296 539 2314 e
556 2286 626 2314 cod.
642 2287 698 2316 Gu.
722 2304 764 2309 —
785 2292 812 2326 9)
836 2291 1010 2320 Js'asmli‘anr
1029 2293 1102 2320 Ven.
1120 2294 1152 2321 P.
1165 2308 1208 2314 —

263 2327 309 2368 10)
324 2328 490 2367 Praecipue
505 2339 582 2366 qaae
596 2328 758 2367 discipulis
770 2335 883 2359 nostris
895 2333 1029 2370 proderit
1042 2336 1105 2362 Asc.
1132 2337 1207 2363 Pro-

263 2370 395 2410 deritque
412 2375 577 2410 praecipue
597 2371 653 2402 dis,
672 2382 702 2402 n.
719 2373 774 2401 Gu.
802 2390 843 2394 —
876 2378 920 2409 11)
952 2377 1115 2404 Sciendum
1134 2378 1206 2407 Ven.

362 1272 564 1316 petulantiae
588 1277 720 1305 nostrae
747 1273 872 1305 crimen
901 1271 1088 1312 excusabis,
1123 1271 1175 1303 vel
1202 1270 1310 1303 laudis
1336 1270 1362 1302 si
1389 1271 1468 1315 quid
1496 1266 1740 1311 merebimur²⁰,
1771 1270 1965 1315 applicabis.

1813 1219 1868 1251 Tu
1895 1224 2005 1251 tamen
2031 1217 2192 1251 industria

2058 1268 2190 1315 [1690]

1241 1397 1309 1426 Asc.
1325 1397 1355 1425 P.
1377 1412 1421 1419 ·—-
1443 1398 1489 1436 12)
1514 1398 1574 1434 Μ,
1604 1399 1632 1425 si
1650 1399 1713 1437 ipse
1734 1399 1830 1434 scias,
1858 1396 1912 1425 sed
1926 1397 1954 1424 si
1969 1397 2048 1425 alios
2062 1396 2112 1433 R,
2140 1394 2190 1424 cui

1242 1440 1391 1468 consentit
1407 1440 1494 1478 Ven.‚
1517 1441 1573 1468 nisi
1589 1442 1671 1479 quod
1687 1441 1812 1469 alterum
1829 1441 1856 1467 si
1873 1450 1930 1469 om.
1961 1440 2023 1467 Nec
2037 1440 2100 1477 ipse
2111 1440 2194 1466 scias

1241 1481 1295 1509 sed
1310 1483 1389 1510 alios
1403 1482 1470 1511 Asc.
1516 1484 1578 1511 ,Nec
1592 1489 1626 1511 ίιι
1643 1485 1705 1522 ipse
1717 1485 1798 1511 scia-5
1814 1481 1868 1510 secl
1881 1483 1961 1509 alios
1974 1482 2045 1510 cod.
2060 1482 2117 1510 Gu.
2158 1481 2193 1508 Si

1242 1525 1367 1554 alterum
1384 1526 1524 1554 omittunt
1538 1536 1648 1555 omnes.
1679 1527 1821 1554 Putabam
1836 1524 2026 1553 scribendum
2042 1532 2118 1552 esse:
2141 1533 2194 1550 nec

1243 1577 1312 1595 cum
1326 1570 1389 1606 ipse
1404 1570 1499 1605 scias,
1524 1568 1578 1596 secl
1595 1570 1674 1597 alio-⁵·
1689 1567 1769 1605 doc„
1798 1567 1858 1596 hoo
1875 1576 1977 1595 sensu:
2006 1577 2099 1605 neque
2115 1566 2194 1593 enim

1242 1621 1312 1638 eum
1327 1613 1390 1649 ipse
1404 1612 1487 1638 scias
1502 1612 1602 1648 solus,
1630 1611 1685 1639 sed
1698 1622 1766 1639 cum
1782 1611 1859 1638 alio-9
1874 1609 1978 1637 doctos
1992 1610 2117 1648 feceris,
2148 1608 2195 1635 vt-

1244 1652 1344 1681 debere
1358 1653 1508 1683 eruditus.
1532 1671 1575 1675 —
1599 1653 1642 1693 13)
1666 1656 1741 1682 Esse
1758 1664 1814 1684 orn.
1832 1652 1902 1682 Cod.
1919 1653 1975 1681 Gu.
1997 1668 2040 1674 -—-
2060 1649 2105 1692 14)
2129 1651 2194 1679 Di-

1243 1698 1325 1734 gessi
1345 1696 1416 1724 Cod.
1440 1697 1496 1725 Gu.
1518 1712 1561 1718 —-·
1584 1695 1629 1736 15)
1652 1696 1841 1724 Auctoribus
1857 1695 1928 1726 Ven.
1943 1695 2010 1724 Asc.
2026 1694 2060 1723 P.
2083 1709 2126 1716 -
2149 1691 2193 1732 16)

1244 1738 1381 1766 Aestimo
1398 1739 1462 1767 Asc.
1480 1740 1535 1766 Gu.
1560 1756 1591 1759 —
1624 1740 1669 1775 17)
1691 1738 1852 1777 Depulahv
1870 1738 1925 1768 Gu.
1948 1753 1991 1759 —-
2013 1734 2060 1776 18)
2083 1736 2195 1764 Disce—

1239 1786 1298 1819 pta
1312 1781 1368 1811 Gu.
1413 1781 1560 1809 Librarius
1577 1781 1696 1810 volebat
1716 1781 1797 1810 haud
1816 1780 1904 1809 dubie
1918 1778 2085 1817 discerpta,
2109 1777 2194 1805 male.

1244 1824 1320 1852 Tum
1339 1823 1416 1851 idem
1433 1824 1503 1854 Cod,
1521 1825 1667 1851 continua
1682 1835 1737 1863 pro
1755 1824 1910 1851 concinna.
1931 1837 1975 1843 -
1997 1823 2041 1856 19)
2063 1820 2135 1848 Tua
2149 1819 2198 1848 vel

1239 1866 1431 1905 petulantiae
1448 1877 1479 1896 n.
1526 1866 1598 1895 Τιια
1614 1877 1672 1894 om.
1689 1867 1746 1896 Gu.
1763 1866 1811 1893 vel
1825 1875 1884 1895 orn.
1902 1863 1971 1893 Asc.
2010 1862 2106 1900 „Tua
2122 1861 2195 1891 ferri

1244 1918 1304 1936 non
1319 1914 1425 1947 potest.
1469 1909 1500 1936 Si
1517 1918 1591 1947 opus
1607 1913 1681 1937 esset
1699 1908 1891 1947 pronomine,
1912 1916 2015 1936 sensus
2030 1904 2198 1944 requireret

1245 1962 1322 1980 mea.
1349 1951 1413 1980 Hoc
1429 1951 1506 1979 enim
1524 1952 1612 1980 dicit:
1630 1957 1753 1990 propter
1769 1950 1967 1987 industriam,
1983 1958 2078 1989 quam
2093 1947 2199 1983 attuli,

1246 1995 1336 2021 etiam
1353 1996 1548 2032 arrogantiae
1562 1993 1766 2033 indulgebisf‘
1788 1994 1878 2032 Lang.
1902 2010 1939 2015 —
1962 1994 2008 2030 20)
2022 1990 2196 2028 Merebatur,

1250 2037 1415 2074 ampliabis
1434 2037 1505 2066 Vcn.
1521 2038 1588 2067 Asc.
1604 2038 1634 2067 P.
1654 2038 1718 2065 sine
1738 2047 1834 2068 sensu,
1877 2034 2060 2075 Applicabis
2080 2038 2124 2062 est
2142 2043 2195 2062 no-

1249 2079 1296 2107 bis
1311 2080 1486 2108 conti-ibices.
1506 2096 1547 2102 —
1570 2081 1617 2116 21)
1640 2080 1815 2118 Asggrressus
1836 2090 1905 2117 crgo
1919 2088 1989 2106 sum
2004 2077 2061 2106 Gu.
2077 2076 2147 2105 Ven.
2162 2075 2194 2104 Ρ.

1249 2123 1334 2160 Ergo
1356 2127 1436 2151 recte
1457 2132 1517 2152 om.
1535 2123 1603 2150 Asc.
1647 2122 1764 2160 „Verba
1786 2121 1964 2160 Aggressus·
1978 2129 2049 2148 aum
2068 2118 2101 2148 in
2122 2117 2194 2147 cod.

1251 2165 1306 2194 Gu.
1329 2175 1344 2192 a
1360 2165 1458 2194 littera
1479 2165 1641 2194 maiuscula
1662 2170 1692 2193 et
1712 2164 1791 2204 picta
1810 2164 1972 2204 incipiunt.
2014 2161 2104 2198 Quod
2123 2159 2195 2190 rell-

1250 2217 1341 2245 quum
1366 2212 1409 2236 est
1431 2208 1524 2236 lineae
1548 2209 1681 2247 spacium
1704 2207 1796 2236 minio
1816 2207 1929 2246 scripta
1951 2205 2086 2235 continet
2103 2203 2192 2232 hamt

1249 2251 1368 2288 explicit
1385 2252 1540 2289 praefatio
1555 2267 1575 2274 --
1592 2252 1687 2287 inci-,·
1718 2260 1792 2289 quae
1809 2255 1879 2289 post
1890 2249 1978 2278 ver-ba
1992 2245 2139 2277 secundae
2150 2244 2192 2274 li·-

1249 2302 1321 2321 nwea‘e
1336 2304 1405 2331 ergo
1421 2295 1577 2322 nominum
1592 2294 1725 2332 regula-r,
1747 2293 1789 2321 ita
1801 2292 2015 2321 absolvuntur:
2035 2290 2097 2328 ’μὲι
2109 2286 2191 2316 libel.

1249 2335 1330 2363 l1c8.“
1361 2336 1451 2373 Lang.
1495 2337 1641 2366 Videlicet
1657 2347 1672 2364 a
1686 2335 1783 2364 verbis
1799 2335 1975 2374 Aggresaus
1991 2342 2059 2360 sum
2072 2329 2190 2358 libellus

1249 2377 1363 2407 Phocae
1378 2378 1494 2418 incipit.
1526 2380 1559 2408 In
1573 2380 1648 2410 Edd.
1667 2378 1764 2407 omnia
1778 2388 1872 2417 usque
1888 2377 1925 2406 ad
1939 2385 1986 2405 vv.
2002 2379 2029 2402 et
2039 2377 2111 2400 sunt
2121 2372 2191 2409 fere
