<?xml version="1.0" encoding="UTF-8"?>
<!DOCTYPE html PUBLIC "-//W3C//DTD XHTML 1.0 Transitional//EN"
    "http://www.w3.org/TR/xhtml1/DTD/xhtml1-transitional.dtd">
<html xmlns="http://www.w3.org/1999/xhtml" xml:lang="en" lang="en">
 <head>
  <title>
</title>
<meta http-equiv="Content-Type" content="text/html;charset=utf-8" />
  <meta name='ocr-system' content='tesseract 3.04.00' />
  <meta name='ocr-capabilities' content='ocr_page ocr_carea ocr_par ocr_line ocrx_word'/>
</head>
<body>
  <div class='ocr_page' id='page_1' title='image "./corpusgrammatico01linduoft_0276.png"; bbox 0 0 2263 2668; ppageno 0'>
   <div class='ocr_carea' id='block_1_1' title="bbox 227 139 303 176">
    <p class='ocr_par' dir='ltr' id='par_1_1' title="bbox 227 139 303 176">
     <span class='ocr_line' id='line_1_1' title="bbox 227 139 303 176; baseline -0.026 0"><span class='ocrx_word' id='word_1_1' title='bbox 227 139 303 176; x_wconf 82' lang='lat'><strong><em>26⁰</em></strong></span> 
     </span>
    </p>
   </div>
   <div class='ocr_carea' id='block_1_2' title="bbox 987 137 1213 173">
    <p class='ocr_par' dir='ltr' id='par_1_2' title="bbox 987 137 1213 173">
     <span class='ocr_line' id='line_1_2' title="bbox 987 137 1213 173; baseline 0.009 -2"><span class='ocrx_word' id='word_1_2' title='bbox 987 137 1213 173; x_wconf 89' lang='lat' dir='ltr'><strong><em>ARUSIANI</em></strong></span> 
     </span>
    </p>
   </div>
   <div class='ocr_carea' id='block_1_3' title="bbox 1254 139 1398 175">
    <p class='ocr_par' dir='ltr' id='par_1_3' title="bbox 1254 139 1398 175">
     <span class='ocr_line' id='line_1_3' title="bbox 1254 139 1398 175; baseline 0.007 -3"><span class='ocrx_word' id='word_1_3' title='bbox 1254 139 1398 175; x_wconf 88' lang='lat' dir='ltr'><strong>MESSI</strong></span> 
     </span>
    </p>
   </div>
   <div class='ocr_carea' id='block_1_4' title="bbox 232 227 2187 794">
    <p class='ocr_par' dir='ltr' id='par_1_4' title="bbox 232 227 2187 435">
     <span class='ocr_line' id='line_1_4' title="bbox 232 227 2187 281; baseline 0.002 -12"><span class='ocrx_word' id='word_1_4' title='bbox 232 233 399 269; x_wconf 79' lang='lat' dir='ltr'>Successit</span> <span class='ocrx_word' id='word_1_5' title='bbox 432 232 481 265; x_wconf 81' lang='lat' dir='ltr'><strong><em>illi</em></strong></span> <span class='ocrx_word' id='word_1_6' title='bbox 511 231 559 265; x_wconf 84' lang='lat' dir='ltr'><strong><em>rei</em></strong></span> <span class='ocrx_word' id='word_1_7' title='bbox 573 227 595 263; x_wconf 93' lang='lat'><strong><em>¹.</em></strong></span> <span class='ocrx_word' id='word_1_8' title='bbox 626 230 719 275; x_wconf 85' lang='lat' dir='ltr'><strong><em>virg.</em></strong></span> <span class='ocrx_word' id='word_1_9' title='bbox 744 230 825 264; x_wconf 87' lang='lat' dir='ltr'><strong><em>Aen.</em></strong></span> <span class='ocrx_word' id='word_1_10' title='bbox 848 231 925 265; x_wconf 89' lang='lat' dir='ltr'><strong>IV.:</strong></span> <span class='ocrx_word' id='word_1_11' title='bbox 959 231 1099 266; x_wconf 79' lang='lat' dir='ltr'><strong><em>Nostris</em></strong></span> <span class='ocrx_word' id='word_1_12' title='bbox 1119 234 1283 267; x_wconf 81' lang='lat' dir='ltr'><strong><em>successit</em></strong></span> <span class='ocrx_word' id='word_1_13' title='bbox 1307 233 1447 268; x_wconf 78' lang='lat' dir='ltr'><strong><em>sedibus</em></strong></span> <span class='ocrx_word' id='word_1_14' title='bbox 1474 234 1606 281; x_wconf 85' lang='lat' dir='ltr'><strong><em>hospes.</em></strong></span> <span class='ocrx_word' id='word_1_15' title='bbox 1635 235 1735 270; x_wconf 84' lang='lat' dir='ltr'><strong>Idem</strong></span> <span class='ocrx_word' id='word_1_16' title='bbox 1762 236 1909 270; x_wconf 85' lang='lat' dir='ltr'><strong>Aen.1.:</strong></span> <span class='ocrx_word' id='word_1_17' title='bbox 1960 236 1994 271; x_wconf 87' lang='grc'>0</span> <span class='ocrx_word' id='word_1_18' title='bbox 2028 237 2187 280; x_wconf 84' lang='lat' dir='ltr'><strong><em>Iuvenes,</em></strong></span> 
     </span>
     <span class='ocr_line' id='line_1_5' title="bbox 334 282 2187 330; baseline 0.003 -12"><span class='ocrx_word' id='word_1_19' title='bbox 334 285 433 318; x_wconf 85' lang='lat' dir='ltr'><strong><em>tectis</em></strong></span> <span class='ocrx_word' id='word_1_20' title='bbox 455 282 630 317; x_wconf 86' lang='lat' dir='ltr'><strong><em>succedite</em></strong></span> <span class='ocrx_word' id='word_1_21' title='bbox 657 282 791 315; x_wconf 84' lang='lat' dir='ltr'><strong><em>nostris.</em></strong></span> <span class='ocrx_word' id='word_1_22' title='bbox 826 282 922 316; x_wconf 82' lang='lat' dir='ltr'><strong>Idem</strong></span> <span class='ocrx_word' id='word_1_23' title='bbox 945 284 1029 317; x_wconf 90' lang='lat' dir='ltr'><strong><em>Aen.</em></strong></span> <span class='ocrx_word' id='word_1_24' title='bbox 1051 285 1143 319; x_wconf 88' lang='lat' dir='ltr'><strong>V11.:</strong></span> <span class='ocrx_word' id='word_1_25' title='bbox 1179 285 1420 330; x_wconf 81' lang='lat' dir='ltr'><strong><em>Successitque</em></strong></span> <span class='ocrx_word' id='word_1_26' title='bbox 1443 297 1590 330; x_wconf 75' lang='lat' dir='ltr'><strong><em>gemens</em></strong></span> <span class='ocrx_word' id='word_1_27' title='bbox 1611 288 1769 321; x_wconf 82' lang='lat' dir='ltr'><strong><em>stabulis.</em></strong></span> <span class='ocrx_word' id='word_1_28' title='bbox 1798 288 1964 322; x_wconf 77' lang='lat' dir='ltr'><strong>Successit</strong></span> <span class='ocrx_word' id='word_1_29' title='bbox 1986 289 2077 323; x_wconf 84' lang='lat' dir='ltr'><strong><em>illam</em></strong></span> <span class='ocrx_word' id='word_1_30' title='bbox 2103 302 2187 323; x_wconf 87' lang='lat' dir='ltr'><strong><em>rem.</em></strong></span> 
     </span>
     <span class='ocr_line' id='line_1_6' title="bbox 339 333 2186 375; baseline 0.004 -7"><span class='ocrx_word' id='word_1_31' title='bbox 339 337 408 371; x_wconf 80' lang='lat' dir='ltr'><strong><em>Sal,</em></strong></span> <span class='ocrx_word' id='word_1_32' title='bbox 438 336 520 368; x_wconf 77' lang='lat' dir='ltr'><strong><em>Hist.</em></strong></span> <span class='ocrx_word' id='word_1_33' title='bbox 545 334 586 367; x_wconf 86' lang='lat' dir='ltr'><strong>l.:</strong></span> <span class='ocrx_word' id='word_1_34' title='bbox 617 333 704 367; x_wconf 87' lang='lat' dir='ltr'><strong><em>Cum</em></strong></span> <span class='ocrx_word' id='word_1_35' title='bbox 728 345 865 367; x_wconf 88' lang='lat' dir='ltr'><strong><em>murum</em></strong></span> <span class='ocrx_word' id='word_1_36' title='bbox 891 335 1039 368; x_wconf 79' lang='lat' dir='ltr'><strong><em>hostium</em></strong></span> <span class='ocrx_word' id='word_1_37' title='bbox 1061 337 1287 371; x_wconf 76' lang='lat' dir='ltr'><em>successisset.</em></span> <span class='ocrx_word' id='word_1_38' title='bbox 1315 338 1410 370; x_wconf 81' lang='lat' dir='ltr'><strong><em>Idem</em></strong></span> <span class='ocrx_word' id='word_1_39' title='bbox 1434 338 1519 370; x_wconf 81' lang='lat' dir='ltr'><strong><em>Hist.</em></strong></span> <span class='ocrx_word' id='word_1_40' title='bbox 1544 339 1618 372; x_wconf 87' lang='lat'><strong>111.:</strong></span> <span class='ocrx_word' id='word_1_41' title='bbox 1654 339 1779 372; x_wconf 67' lang='lat' dir='ltr'><strong><em>AIuros</em></strong></span> <span class='ocrx_word' id='word_1_42' title='bbox 1808 345 2055 374; x_wconf 80' lang='lat' dir='ltr'><strong><em>successerunt.</em></strong></span> <span class='ocrx_word' id='word_1_43' title='bbox 2089 342 2186 375; x_wconf 81' lang='lat' dir='ltr'><strong><em>ldein</em></strong></span> 
     </span>
     <span class='ocr_line' id='line_1_7' title="bbox 339 384 2054 435; baseline 0.003 -17"><span class='ocrx_word' id='word_1_44' title='bbox 339 388 423 421; x_wconf 72' lang='lat' dir='ltr'><strong><em>Hist.</em></strong></span> <span class='ocrx_word' id='word_1_45' title='bbox 450 386 512 420; x_wconf 84' lang='lat'><strong>11.:</strong></span> <span class='ocrx_word' id='word_1_46' title='bbox 543 384 709 417; x_wconf 81' lang='lat' dir='ltr'><strong><em>Turmam</em></strong></span> <span class='ocrx_word' id='word_1_47' title='bbox 734 387 884 431; x_wconf 81' lang='lat' dir='ltr'><strong><em>equilum</em></strong></span> <span class='ocrx_word' id='word_1_48' title='bbox 909 391 1030 420; x_wconf 78' lang='lat' dir='ltr'><strong><em>castra</em></strong></span> <span class='ocrx_word' id='word_1_49' title='bbox 1051 388 1151 432; x_wconf 83' lang='lat' dir='ltr'><strong><em>regis</em></strong></span> <span class='ocrx_word' id='word_1_50' title='bbox 1173 389 1358 422; x_wconf 72' lang='lat' dir='ltr'><strong><em>succedere</em></strong></span> <span class='ocrx_word' id='word_1_51' title='bbox 1376 393 1407 421; x_wconf 86' lang='lat' dir='ltr'><strong><em>ct</em></strong></span> <span class='ocrx_word' id='word_1_52' title='bbox 1424 391 1711 434; x_wconf 76' lang='lat' dir='ltr'><strong><em>properationem</em></strong></span> <span class='ocrx_word' id='word_1_53' title='bbox 1737 391 1926 435; x_wconf 73' lang='lat' dir='ltr'><strong><em>explorare</em></strong></span> <span class='ocrx_word' id='word_1_54' title='bbox 1949 391 2054 424; x_wconf 81' lang='lat' dir='ltr'><strong><em>iubet.</em></strong></span> 
     </span>
    </p>

    <p class='ocr_par' dir='ltr' id='par_1_5' title="bbox 238 431 2186 586">
     <span class='ocr_line' id='line_1_8' title="bbox 238 431 2186 487; baseline 0.002 -13"><span class='ocrx_word' id='word_1_55' title='bbox 238 440 392 474; x_wconf 84' lang='lat' dir='ltr'><strong><em>Servatus</em></strong></span> <span class='ocrx_word' id='word_1_56' title='bbox 418 431 602 481; x_wconf 85' lang='lat' dir='ltr'><strong><em>periculis².</em></strong></span> <span class='ocrx_word' id='word_1_57' title='bbox 639 437 734 482; x_wconf 84' lang='lat' dir='ltr'><strong><em>Virg.</em></strong></span> <span class='ocrx_word' id='word_1_58' title='bbox 761 438 844 473; x_wconf 82' lang='lat' dir='ltr'><strong><em>Aen.</em></strong></span> <span class='ocrx_word' id='word_1_59' title='bbox 874 438 982 471; x_wconf 74' lang='lat' dir='ltr'><strong><em>Vnt:</em></strong></span> <span class='ocrx_word' id='word_1_60' title='bbox 1017 438 1142 472; x_wconf 75' lang='lat' dir='ltr'><strong><em>Saeuis</em></strong></span> <span class='ocrx_word' id='word_1_61' title='bbox 1168 440 1309 485; x_wconf 83' lang='lat' dir='ltr'><strong><em>hospes,</em></strong></span> <span class='ocrx_word' id='word_1_62' title='bbox 1350 440 1382 473; x_wconf 87' lang='lat' dir='ltr'><em>T</em></span> <span class='ocrx_word' id='word_1_63' title='bbox 1380 442 1518 482; x_wconf 77' lang='lat' dir='ltr'><strong><em>roiane,</em></strong></span> <span class='ocrx_word' id='word_1_64' title='bbox 1548 443 1710 486; x_wconf 72' lang='lat' dir='ltr'><strong><em>periclis,</em></strong></span> <span class='ocrx_word' id='word_1_65' title='bbox 1744 442 1886 476; x_wconf 80' lang='lat' dir='ltr'><strong><em>Servati</em></strong></span> <span class='ocrx_word' id='word_1_66' title='bbox 1902 442 2074 487; x_wconf 84' lang='lat' dir='ltr'><strong><em>facimus.</em></strong></span> <span class='ocrx_word' id='word_1_67' title='bbox 2104 443 2186 477; x_wconf 84' lang='lat' dir='ltr'><strong><em>Ser-</em></strong></span> 
     </span>
     <span class='ocr_line' id='line_1_9' title="bbox 338 488 2186 539; baseline 0.005 -20"><span class='ocrx_word' id='word_1_68' title='bbox 338 493 429 521; x_wconf 78' lang='lat' dir='ltr'><strong><em>vatus</em></strong></span> <span class='ocrx_word' id='word_1_69' title='bbox 457 499 496 521; x_wconf 84' lang='lat' dir='ltr'><strong><em>ex</em></strong></span> <span class='ocrx_word' id='word_1_70' title='bbox 522 488 689 532; x_wconf 82' lang='lat' dir='ltr'><strong><em>periculis.</em></strong></span> <span class='ocrx_word' id='word_1_71' title='bbox 716 488 811 522; x_wconf 83' lang='lat' dir='ltr'>Idem</span> <span class='ocrx_word' id='word_1_72' title='bbox 834 490 918 523; x_wconf 85' lang='lat' dir='ltr'><strong><em>Aen.</em></strong></span> <span class='ocrx_word' id='word_1_73' title='bbox 946 490 1038 523; x_wconf 69' lang='lat' dir='ltr'><strong><em>xit:</em></strong></span> <span class='ocrx_word' id='word_1_74' title='bbox 1074 489 1216 524; x_wconf 80' lang='lat' dir='ltr'><strong><em>Servati</em></strong></span> <span class='ocrx_word' id='word_1_75' title='bbox 1242 503 1285 524; x_wconf 83' lang='lat' dir='ltr'><strong><em>e.r</em></strong></span> <span class='ocrx_word' id='word_1_76' title='bbox 1312 492 1432 534; x_wconf 84' lang='lat' dir='ltr'><strong><em>undis,</em></strong></span> <span class='ocrx_word' id='word_1_77' title='bbox 1460 492 1518 525; x_wconf 81' lang='lat' dir='ltr'><strong><em>ubi</em></strong></span> <span class='ocrx_word' id='word_1_78' title='bbox 1532 492 1661 539; x_wconf 87' lang='lat' dir='ltr'><strong><em>figere</em></strong></span> <span class='ocrx_word' id='word_1_79' title='bbox 1687 494 1784 527; x_wconf 86' lang='lat' dir='ltr'><strong><em>dona</em></strong></span> <span class='ocrx_word' id='word_1_80' title='bbox 1809 493 1957 531; x_wconf 65' lang='lat' dir='ltr'><strong><em>solebat.</em></strong></span> <span class='ocrx_word' id='word_1_81' title='bbox 1983 494 2138 528; x_wconf 78' lang='lat' dir='ltr'><strong><em>Servatus</em></strong></span> <span class='ocrx_word' id='word_1_82' title='bbox 2166 507 2186 528; x_wconf 86' lang='lat' dir='ltr'><strong><em>a</em></strong></span> 
     </span>
     <span class='ocr_line' id='line_1_10' title="bbox 339 539 1361 586; baseline 0.004 -14"><span class='ocrx_word' id='word_1_83' title='bbox 339 540 504 584; x_wconf 78' lang='lat' dir='ltr'><strong><em>periculis.</em></strong></span> <span class='ocrx_word' id='word_1_84' title='bbox 532 539 627 572; x_wconf 87' lang='lat' dir='ltr'><strong><em>Idem</em></strong></span> <span class='ocrx_word' id='word_1_85' title='bbox 655 540 738 573; x_wconf 89' lang='lat' dir='ltr'><strong><em>Aen.</em></strong></span> <span class='ocrx_word' id='word_1_86' title='bbox 765 541 821 575; x_wconf 86' lang='lat' dir='ltr'><strong>V.:</strong></span> <span class='ocrx_word' id='word_1_87' title='bbox 845 541 994 575; x_wconf 78' lang='lat' dir='ltr'><strong><em>Servate</em></strong></span> <span class='ocrx_word' id='word_1_88' title='bbox 1017 553 1041 574; x_wconf 87' lang='grc' dir='ltr'><strong><em>ιι</em></strong></span> <span class='ocrx_word' id='word_1_89' title='bbox 1063 546 1164 586; x_wconf 84' lang='lat' dir='ltr'><strong><em>poste</em></strong></span> <span class='ocrx_word' id='word_1_90' title='bbox 1191 543 1361 576; x_wconf 87' lang='lat' dir='ltr'><strong><em>carinam.</em></strong></span> 
     </span>
    </p>

    <p class='ocr_par' dir='ltr' id='par_1_6' title="bbox 239 587 1877 641">
     <span class='ocr_line' id='line_1_11' title="bbox 239 587 1877 641; baseline 0.003 -17"><span class='ocrx_word' id='word_1_91' title='bbox 239 592 382 625; x_wconf 79' lang='lat' dir='ltr'><strong><em>Servans</em></strong></span> <span class='ocrx_word' id='word_1_92' title='bbox 408 591 504 623; x_wconf 75' lang='lat' dir='ltr'><strong><em>huius</em></strong></span> <span class='ocrx_word' id='word_1_93' title='bbox 532 587 605 625; x_wconf 74' lang='lat' dir='ltr'><strong><em>rei³³.</em></strong></span> <span class='ocrx_word' id='word_1_94' title='bbox 633 591 726 636; x_wconf 80' lang='lat' dir='ltr'><strong><em>virg.</em></strong></span> <span class='ocrx_word' id='word_1_95' title='bbox 755 593 837 626; x_wconf 89' lang='lat' dir='ltr'><strong><em>Aen.</em></strong></span> <span class='ocrx_word' id='word_1_96' title='bbox 865 593 925 627; x_wconf 76' lang='lat' dir='ltr'><strong><em>lt:</em></strong></span> <span class='ocrx_word' id='word_1_97' title='bbox 955 593 1025 639; x_wconf 71' lang='lat' dir='ltr'><strong><em>Qui</em></strong></span> <span class='ocrx_word' id='word_1_98' title='bbox 1040 592 1117 638; x_wconf 82' lang='lat' dir='ltr'><strong><em>suit</em></strong></span> <span class='ocrx_word' id='word_1_99' title='bbox 1144 594 1179 626; x_wconf 85' lang='grc' dir='ltr'><strong><em>ἱιι</em></strong></span> <span class='ocrx_word' id='word_1_100' title='bbox 1211 594 1370 637; x_wconf 82' lang='lat' dir='ltr'><strong><em>Teucris,</em></strong></span> <span class='ocrx_word' id='word_1_101' title='bbox 1399 598 1431 627; x_wconf 91' lang='lat' dir='ltr'><strong><em>et</em></strong></span> <span class='ocrx_word' id='word_1_102' title='bbox 1458 595 1739 629; x_wconf 77' lang='lat' dir='ltr'><strong><em>servantissimus</em></strong></span> <span class='ocrx_word' id='word_1_103' title='bbox 1765 597 1877 641; x_wconf 82' lang='lat' dir='ltr'><strong><em>aequi.</em></strong></span> 
     </span>
    </p>

    <p class='ocr_par' dir='ltr' id='par_1_7' title="bbox 239 639 2186 741">
     <span class='ocr_line' id='line_1_12' title="bbox 239 639 2186 693; baseline 0.002 -17"><span class='ocrx_word' id='word_1_104' title='bbox 239 643 367 676; x_wconf 78' lang='lat' dir='ltr'><strong>Suadet</strong></span> <span class='ocrx_word' id='word_1_105' title='bbox 392 643 486 675; x_wconf 88' lang='lat' dir='ltr'><strong><em>illum</em></strong></span> <span class='ocrx_word' id='word_1_106' title='bbox 513 639 652 677; x_wconf 83' lang='lat' dir='ltr'><strong><em>facere⁴.</em></strong></span> <span class='ocrx_word' id='word_1_107' title='bbox 680 644 774 688; x_wconf 84' lang='lat' dir='ltr'><strong><em>Virg.</em></strong></span> <span class='ocrx_word' id='word_1_108' title='bbox 801 645 885 679; x_wconf 90' lang='lat' dir='ltr'><strong><em>Aen.</em></strong></span> <span class='ocrx_word' id='word_1_109' title='bbox 909 645 1000 677; x_wconf 67' lang='lat' dir='ltr'><strong><em>xit:</em></strong></span> <span class='ocrx_word' id='word_1_110' title='bbox 1028 644 1214 677; x_wconf 75' lang='lat' dir='ltr'><strong><em>Iuturnam</em></strong></span> <span class='ocrx_word' id='word_1_111' title='bbox 1241 647 1384 686; x_wconf 77' lang='lat' dir='ltr'><strong><em>misero,</em></strong></span> <span class='ocrx_word' id='word_1_112' title='bbox 1407 645 1550 691; x_wconf 74' lang='lat' dir='ltr'><strong><em>fatcor,</em></strong></span> <span class='ocrx_word' id='word_1_113' title='bbox 1576 658 1783 681; x_wconf 80' lang='lat' dir='ltr'><strong><em>succurrere</em></strong></span> <span class='ocrx_word' id='word_1_114' title='bbox 1797 647 1917 693; x_wconf 78' lang='lat' dir='ltr'><strong><em>fratri</em></strong></span> <span class='ocrx_word' id='word_1_115' title='bbox 1944 646 2062 682; x_wconf 78' lang='lat' dir='ltr'><strong><em>Suasi.</em></strong></span> <span class='ocrx_word' id='word_1_116' title='bbox 2098 646 2186 680; x_wconf 89' lang='lat' dir='ltr'><strong><em>Sua-</em></strong></span> 
     </span>
     <span class='ocr_line' id='line_1_13' title="bbox 343 694 1360 741; baseline 0.003 -15"><span class='ocrx_word' id='word_1_117' title='bbox 343 694 400 727; x_wconf 81' lang='lat' dir='ltr'><strong><em>det</em></strong></span> <span class='ocrx_word' id='word_1_118' title='bbox 422 695 479 726; x_wconf 89' lang='grc'><strong>1111.</strong></span> <span class='ocrx_word' id='word_1_119' title='bbox 507 694 575 726; x_wconf 85' lang='lat' dir='ltr'><strong>Sal.</strong></span> <span class='ocrx_word' id='word_1_120' title='bbox 607 694 777 739; x_wconf 51' lang='lat' dir='ltr'><strong><em>Iugurtha</em></strong></span> <span class='ocrx_word' id='word_1_121' title='bbox 805 695 927 729; x_wconf 79' lang='lat' dir='ltr'><strong><em>Facile</em></strong></span> <span class='ocrx_word' id='word_1_122' title='bbox 953 695 1133 729; x_wconf 76' lang='lat' dir='ltr'><strong><em>Numidae</em></strong></span> <span class='ocrx_word' id='word_1_123' title='bbox 1156 698 1360 741; x_wconf 76' lang='lat' dir='ltr'><strong><em>persuadet.</em></strong></span> 
     </span>
    </p>

    <p class='ocr_par' dir='ltr' id='par_1_8' title="bbox 240 742 2184 794">
     <span class='ocr_line' id='line_1_14' title="bbox 240 742 2184 794; baseline 0.001 -15"><span class='ocrx_word' id='word_1_124' title='bbox 240 745 370 779; x_wconf 81' lang='lat' dir='ltr'><strong><em>Studeo</em></strong></span> <span class='ocrx_word' id='word_1_125' title='bbox 392 746 439 777; x_wconf 82' lang='lat' dir='ltr'><strong><em>illi</em></strong></span> <span class='ocrx_word' id='word_1_126' title='bbox 468 742 545 778; x_wconf 71' lang='lat' dir='ltr'><strong><em>rei-⁵¹.</em></strong></span> <span class='ocrx_word' id='word_1_127' title='bbox 583 745 653 779; x_wconf 86' lang='lat' dir='ltr'><strong><em>Cic.</em></strong></span> <span class='ocrx_word' id='word_1_128' title='bbox 680 758 743 790; x_wconf 90' lang='lat' dir='ltr'><strong><em>pro</em></strong></span> <span class='ocrx_word' id='word_1_129' title='bbox 773 746 908 780; x_wconf 85' lang='lat' dir='ltr'><strong><em>Coelio:</em></strong></span> <span class='ocrx_word' id='word_1_130' title='bbox 943 747 1084 780; x_wconf 78' lang='lat' dir='ltr'><strong><em>Studuil</em></strong></span> <span class='ocrx_word' id='word_1_131' title='bbox 1124 748 1299 781; x_wconf 76' lang='lat' dir='ltr'><strong><em>Catilinae</em></strong></span> <span class='ocrx_word' id='word_1_132' title='bbox 1331 750 1456 781; x_wconf 84' lang='lat' dir='ltr'><strong><em>iterum</em></strong></span> <span class='ocrx_word' id='word_1_133' title='bbox 1488 749 1628 793; x_wconf 82' lang='lat' dir='ltr'><strong><em>petenti.</em></strong></span> <span class='ocrx_word' id='word_1_134' title='bbox 1668 749 1796 782; x_wconf 85' lang='lat' dir='ltr'><strong><em>Studeo</em></strong></span> <span class='ocrx_word' id='word_1_135' title='bbox 1827 761 1881 782; x_wconf 86' lang='lat' dir='ltr'><strong><em>me</em></strong></span> <span class='ocrx_word' id='word_1_136' title='bbox 1915 754 2082 794; x_wconf 83' lang='lat' dir='ltr'><strong><em>praestare</em></strong></span> <span class='ocrx_word' id='word_1_137' title='bbox 2109 748 2184 783; x_wconf 76' lang='lat' dir='ltr'><strong><em>illis.</em></strong></span> 
     </span>
    </p>
   </div>
   <div class='ocr_carea' id='block_1_5' title="bbox 338 796 1583 843">
    <p class='ocr_par' dir='ltr' id='par_1_9' title="bbox 338 796 1583 843">
     <span class='ocr_line' id='line_1_15' title="bbox 338 796 1583 843; baseline 0.002 -13"><span class='ocrx_word' id='word_1_138' title='bbox 338 797 405 830; x_wconf 83' lang='lat' dir='ltr'><strong><em>Sal.</em></strong></span> <span class='ocrx_word' id='word_1_139' title='bbox 434 796 549 829; x_wconf 71' lang='lat' dir='ltr'><strong><em>Cant:</em></strong></span> <span class='ocrx_word' id='word_1_140' title='bbox 588 796 658 843; x_wconf 70' lang='lat' dir='ltr'><strong><em>Qui</em></strong></span> <span class='ocrx_word' id='word_1_141' title='bbox 683 809 758 831; x_wconf 86' lang='lat' dir='ltr'><strong><em>sese</em></strong></span> <span class='ocrx_word' id='word_1_142' title='bbox 783 799 922 831; x_wconf 80' lang='lat' dir='ltr'><strong><em>student</em></strong></span> <span class='ocrx_word' id='word_1_143' title='bbox 944 802 1136 843; x_wconf 80' lang='lat' dir='ltr'><strong><em>praestare</em></strong></span> <span class='ocrx_word' id='word_1_144' title='bbox 1162 800 1309 832; x_wconf 75' lang='lat' dir='ltr'><strong><em>caeteris</em></strong></span> <span class='ocrx_word' id='word_1_145' title='bbox 1340 800 1583 833; x_wconf 75' lang='lat' dir='ltr'><strong><em>animantibus.</em></strong></span> 
     </span>
    </p>
   </div>
   <div class='ocr_carea' id='block_1_6' title="bbox 1637 800 2184 844">
    <p class='ocr_par' dir='ltr' id='par_1_10' title="bbox 1637 800 2184 844">
     <span class='ocr_line' id='line_1_16' title="bbox 1637 800 2184 844; baseline -0.002 -11"><span class='ocrx_word' id='word_1_146' title='bbox 1637 800 1765 834; x_wconf 87' lang='lat' dir='ltr'><strong><em>Studeo</em></strong></span> <span class='ocrx_word' id='word_1_147' title='bbox 1793 801 1884 833; x_wconf 82' lang='lat' dir='ltr'><strong><em>illam</em></strong></span> <span class='ocrx_word' id='word_1_148' title='bbox 1912 813 1992 835; x_wconf 85' lang='lat' dir='ltr'><strong><em>rem.</em></strong></span> <span class='ocrx_word' id='word_1_149' title='bbox 2021 800 2090 834; x_wconf 81' lang='lat' dir='ltr'><strong><em>Cic.</em></strong></span> <span class='ocrx_word' id='word_1_150' title='bbox 2120 811 2184 844; x_wconf 82' lang='lat' dir='ltr'><strong><em>pro</em></strong></span> 
     </span>
    </p>
   </div>
   <div class='ocr_carea' id='block_1_7' title="bbox 340 845 2185 999">
    <p class='ocr_par' dir='ltr' id='par_1_11' title="bbox 340 845 2185 999">
     <span class='ocr_line' id='line_1_17' title="bbox 341 845 2185 897; baseline 0.001 -16"><span class='ocrx_word' id='word_1_151' title='bbox 341 845 506 881; x_wconf 79' lang='lat' dir='ltr'><strong><em>Scauro⁶z</em></strong></span> <span class='ocrx_word' id='word_1_152' title='bbox 532 848 711 882; x_wconf 72' lang='lat' dir='ltr'><strong><em>Recine-ret</em></strong></span> <span class='ocrx_word' id='word_1_153' title='bbox 736 850 775 882; x_wconf 84' lang='lat' dir='ltr'><strong><em>id</em></strong></span> <span class='ocrx_word' id='word_1_154' title='bbox 801 851 894 894; x_wconf 76' lang='lat' dir='ltr'><strong><em>quod</em></strong></span> <span class='ocrx_word' id='word_1_155' title='bbox 914 850 1110 894; x_wconf 79' lang='lat' dir='ltr'><strong><em>praecipue</em></strong></span> <span class='ocrx_word' id='word_1_156' title='bbox 1135 862 1274 895; x_wconf 69' lang='lat' dir='ltr'><strong><em>semper</em></strong></span> <span class='ocrx_word' id='word_1_157' title='bbox 1301 852 1450 892; x_wconf 81' lang='lat' dir='ltr'><strong><em>studuit,</em></strong></span> <span class='ocrx_word' id='word_1_158' title='bbox 1483 852 1643 897; x_wconf 75' lang='lat' dir='ltr'><strong><em>generis,</em></strong></span> <span class='ocrx_word' id='word_1_159' title='bbox 1666 851 1855 897; x_wconf 77' lang='lat' dir='ltr'><strong><em>familiae,</em></strong></span> <span class='ocrx_word' id='word_1_160' title='bbox 1890 852 2033 885; x_wconf 84' lang='lat' dir='ltr'><strong><em>nominis</em></strong></span> <span class='ocrx_word' id='word_1_161' title='bbox 2062 851 2185 896; x_wconf 73' lang='lat' dir='ltr'><strong><em>‹ligni-</em></strong></span> 
     </span>
     <span class='ocr_line' id='line_1_18' title="bbox 340 897 2185 949; baseline 0.002 -18"><span class='ocrx_word' id='word_1_162' title='bbox 340 903 460 934; x_wconf 84' lang='lat' dir='ltr'><strong><em>tatem.</em></strong></span> <span class='ocrx_word' id='word_1_163' title='bbox 487 899 622 932; x_wconf 78' lang='lat' dir='ltr'><strong><em>Terent.</em></strong></span> <span class='ocrx_word' id='word_1_164' title='bbox 644 897 801 933; x_wconf 82' lang='lat' dir='ltr'><strong><em>Heaut.⁷:</em></strong></span> <span class='ocrx_word' id='word_1_165' title='bbox 836 902 883 934; x_wconf 86' lang='lat' dir='ltr'><strong><em>Id</em></strong></span> <span class='ocrx_word' id='word_1_166' title='bbox 919 913 997 934; x_wconf 78' lang='lat' dir='ltr'><strong><em>cum</em></strong></span> <span class='ocrx_word' id='word_1_167' title='bbox 1031 902 1208 942; x_wconf 77' lang='lat' dir='ltr'><strong><em>studuisti,</em></strong></span> <span class='ocrx_word' id='word_1_168' title='bbox 1243 903 1298 935; x_wconf 81' lang='lat' dir='ltr'><strong><em>isti</em></strong></span> <span class='ocrx_word' id='word_1_169' title='bbox 1320 902 1469 948; x_wconf 81' lang='lat' dir='ltr'><strong><em>formae</em></strong></span> <span class='ocrx_word' id='word_1_170' title='bbox 1497 907 1532 936; x_wconf 87' lang='lat' dir='ltr'><strong><em>ut</em></strong></span> <span class='ocrx_word' id='word_1_171' title='bbox 1560 915 1674 936; x_wconf 84' lang='lat' dir='ltr'><strong><em>mores</em></strong></span> <span class='ocrx_word' id='word_1_172' title='bbox 1701 903 1895 937; x_wconf 81' lang='lat' dir='ltr'><strong><em>consimiles</em></strong></span> <span class='ocrx_word' id='word_1_173' title='bbox 1918 903 2052 949; x_wconf 79' lang='lat' dir='ltr'><strong><em>forent.</em></strong></span> <span class='ocrx_word' id='word_1_174' title='bbox 2087 903 2185 935; x_wconf 68' lang='lat' dir='ltr'><strong><em>idem</em></strong></span> 
     </span>
     <span class='ocr_line' id='line_1_19' title="bbox 341 950 2184 999; baseline 0.002 -16"><span class='ocrx_word' id='word_1_175' title='bbox 341 951 486 994; x_wconf 71' lang='lat' dir='ltr'><strong><em>Hecyr.:</em></strong></span> <span class='ocrx_word' id='word_1_176' title='bbox 518 950 564 983; x_wconf 85' lang='lat' dir='ltr'><strong><em>Ut</em></strong></span> <span class='ocrx_word' id='word_1_177' title='bbox 586 962 702 985; x_wconf 87' lang='lat' dir='ltr'><strong><em>onmes</em></strong></span> <span class='ocrx_word' id='word_1_178' title='bbox 728 953 890 986; x_wconf 80' lang='lat' dir='ltr'><strong><em>mulieres</em></strong></span> <span class='ocrx_word' id='word_1_179' title='bbox 917 953 1110 998; x_wconf 81' lang='lat' dir='ltr'><strong><em>cademque</em></strong></span> <span class='ocrx_word' id='word_1_180' title='bbox 1135 954 1299 987; x_wconf 85' lang='lat' dir='ltr'><strong><em>studeant</em></strong></span> <span class='ocrx_word' id='word_1_181' title='bbox 1325 955 1500 999; x_wconf 43' lang='lat' dir='ltr'><strong><em>&#39;nolintque</em></strong></span> <span class='ocrx_word' id='word_1_182' title='bbox 1516 956 1642 990; x_wconf 84' lang='lat' dir='ltr'><strong><em>omnia.</em></strong></span> <span class='ocrx_word' id='word_1_183' title='bbox 1670 955 1767 988; x_wconf 87' lang='lat' dir='ltr'><strong><em>Idem</em></strong></span> <span class='ocrx_word' id='word_1_184' title='bbox 1784 955 1921 988; x_wconf 84' lang='lat' dir='ltr'><strong><em>eadem:</em></strong></span> <span class='ocrx_word' id='word_1_185' title='bbox 1946 954 2079 989; x_wconf 62' lang='lat' dir='ltr'><strong><em>Suadeo</em></strong></span> <span class='ocrx_word' id='word_1_186' title='bbox 2093 954 2184 987; x_wconf 84' lang='lat' dir='ltr'><strong><em>haec</em></strong></span> 
     </span>
    </p>
   </div>
   <div class='ocr_carea' id='block_1_8' title="bbox 334 1002 813 1047">
    <p class='ocr_par' dir='ltr' id='par_1_12' title="bbox 334 1002 813 1047">
     <span class='ocr_line' id='line_1_20' title="bbox 334 1002 813 1047; baseline 0.006 -13"><span class='ocrx_word' id='word_1_187' title='bbox 334 1002 438 1046; x_wconf 85' lang='lat' dir='ltr'><strong><em>prius</em></strong></span> <span class='ocrx_word' id='word_1_188' title='bbox 463 1014 570 1047; x_wconf 81' lang='lat' dir='ltr'><strong><em>quam</em></strong></span> <span class='ocrx_word' id='word_1_189' title='bbox 594 1003 653 1036; x_wconf 80' lang='lat' dir='ltr'><strong><em>ille</em></strong></span> <span class='ocrx_word' id='word_1_190' title='bbox 679 1004 813 1037; x_wconf 84' lang='lat' dir='ltr'><strong><em>redeat.</em></strong></span> 
     </span>
    </p>
   </div>
   <div class='ocr_carea' id='block_1_9' title="bbox 239 1069 2185 1325">
    <p class='ocr_par' dir='ltr' id='par_1_13' title="bbox 239 1069 2185 1325">
     <span class='ocr_line' id='line_1_21' title="bbox 239 1069 2183 1118; baseline 0.002 -16"><span class='ocrx_word' id='word_1_191' title='bbox 239 1069 349 1115; x_wconf 82' lang='lat' dir='ltr'><strong><em>Super</em></strong></span> <span class='ocrx_word' id='word_1_192' title='bbox 375 1070 441 1104; x_wconf 84' lang='lat' dir='ltr'><strong><em>hac</em></strong></span> <span class='ocrx_word' id='word_1_193' title='bbox 467 1083 521 1112; x_wconf 69' lang='lat' dir='ltr'><strong><em>re,</em></strong></span> <span class='ocrx_word' id='word_1_194' title='bbox 555 1070 589 1103; x_wconf 86' lang='lat' dir='ltr'><strong><em>id</em></strong></span> <span class='ocrx_word' id='word_1_195' title='bbox 618 1075 664 1104; x_wconf 83' lang='lat' dir='ltr'><strong><em>est</em></strong></span> <span class='ocrx_word' id='word_1_196' title='bbox 690 1073 766 1115; x_wconf 79' lang='lat' dir='ltr'><strong><em>plus</em></strong></span> <span class='ocrx_word' id='word_1_197' title='bbox 792 1072 857 1106; x_wconf 78' lang='lat' dir='ltr'><strong><em>hac</em></strong></span> <span class='ocrx_word' id='word_1_198' title='bbox 883 1083 928 1105; x_wconf 87' lang='lat' dir='ltr'><strong><em>re.</em></strong></span> <span class='ocrx_word' id='word_1_199' title='bbox 963 1072 1055 1116; x_wconf 81' lang='lat' dir='ltr'><strong><em>Virg.</em></strong></span> <span class='ocrx_word' id='word_1_200' title='bbox 1087 1073 1170 1105; x_wconf 92' lang='lat' dir='ltr'><strong><em>Aen.</em></strong></span> <span class='ocrx_word' id='word_1_201' title='bbox 1198 1069 1343 1106; x_wconf 61' lang='lat' dir='ltr'>VIHU:</span> <span class='ocrx_word' id='word_1_202' title='bbox 1370 1071 1482 1106; x_wconf 84' lang='lat' dir='ltr'><strong><em>Nocte</em></strong></span> <span class='ocrx_word' id='word_1_203' title='bbox 1507 1084 1614 1118; x_wconf 79' lang='lat' dir='ltr'><strong><em>super</em></strong></span> <span class='ocrx_word' id='word_1_204' title='bbox 1648 1074 1785 1116; x_wconf 79' lang='lat' dir='ltr'><strong><em>media,</em></strong></span> <span class='ocrx_word' id='word_1_205' title='bbox 1818 1074 1854 1106; x_wconf 86' lang='lat' dir='ltr'><strong><em>id</em></strong></span> <span class='ocrx_word' id='word_1_206' title='bbox 1881 1078 1928 1106; x_wconf 83' lang='lat' dir='ltr'><strong><em>est</em></strong></span> <span class='ocrx_word' id='word_1_207' title='bbox 1954 1073 2030 1118; x_wconf 79' lang='lat' dir='ltr'><strong><em>plus</em></strong></span> <span class='ocrx_word' id='word_1_208' title='bbox 2064 1072 2183 1106; x_wconf 75' lang='lat' dir='ltr'><strong><em>media.</em></strong></span> 
     </span>
     <span class='ocr_line' id='line_1_22' title="bbox 342 1121 2185 1171; baseline 0.001 -16"><span class='ocrx_word' id='word_1_209' title='bbox 342 1122 454 1166; x_wconf 85' lang='lat' dir='ltr'><strong><em>Super</em></strong></span> <span class='ocrx_word' id='word_1_210' title='bbox 479 1122 544 1156; x_wconf 84' lang='lat' dir='ltr'><strong><em>hac</em></strong></span> <span class='ocrx_word' id='word_1_211' title='bbox 565 1134 620 1164; x_wconf 83' lang='lat' dir='ltr'><strong><em>re,</em></strong></span> <span class='ocrx_word' id='word_1_212' title='bbox 645 1123 680 1155; x_wconf 87' lang='lat' dir='ltr'><strong><em>id</em></strong></span> <span class='ocrx_word' id='word_1_213' title='bbox 708 1129 755 1157; x_wconf 81' lang='lat' dir='ltr'><strong><em>est</em></strong></span> <span class='ocrx_word' id='word_1_214' title='bbox 782 1121 845 1157; x_wconf 74' lang='lat' dir='ltr'><strong><em>de⁹</em></strong></span> <span class='ocrx_word' id='word_1_215' title='bbox 868 1124 933 1157; x_wconf 88' lang='lat' dir='ltr'><strong><em>hac</em></strong></span> <span class='ocrx_word' id='word_1_216' title='bbox 950 1135 994 1156; x_wconf 86' lang='lat' dir='ltr'><strong><em>re.</em></strong></span> <span class='ocrx_word' id='word_1_217' title='bbox 1022 1124 1117 1156; x_wconf 81' lang='lat' dir='ltr'><strong><em>Idem</em></strong></span> <span class='ocrx_word' id='word_1_218' title='bbox 1144 1125 1227 1156; x_wconf 89' lang='lat' dir='ltr'><strong><em>Aen.</em></strong></span> <span class='ocrx_word' id='word_1_219' title='bbox 1253 1124 1295 1156; x_wconf 88' lang='lat'><strong>1.:</strong></span> <span class='ocrx_word' id='word_1_220' title='bbox 1322 1124 1441 1157; x_wconf 81' lang='lat' dir='ltr'><strong><em>Multa</em></strong></span> <span class='ocrx_word' id='word_1_221' title='bbox 1467 1136 1573 1170; x_wconf 86' lang='lat' dir='ltr'><strong><em>super</em></strong></span> <span class='ocrx_word' id='word_1_222' title='bbox 1598 1125 1745 1159; x_wconf 83' lang='lat' dir='ltr'><strong><em>Priamo</em></strong></span> <span class='ocrx_word' id='word_1_223' title='bbox 1772 1126 1952 1171; x_wconf 78' lang='lat' dir='ltr'><strong><em>rogitans,</em></strong></span> <span class='ocrx_word' id='word_1_224' title='bbox 1978 1135 2084 1170; x_wconf 87' lang='lat' dir='ltr'><strong><em>super</em></strong></span> <span class='ocrx_word' id='word_1_225' title='bbox 2108 1124 2185 1157; x_wconf 88' lang='lat' dir='ltr'><strong><em>He-</em></strong></span> 
     </span>
     <span class='ocr_line' id='line_1_23' title="bbox 342 1171 2184 1222; baseline 0.001 -16"><span class='ocrx_word' id='word_1_226' title='bbox 342 1177 436 1207; x_wconf 84' lang='lat' dir='ltr'><strong><em>ctore</em></strong></span> <span class='ocrx_word' id='word_1_227' title='bbox 470 1174 590 1206; x_wconf 84' lang='lat' dir='ltr'><strong><em>multa.</em></strong></span> <span class='ocrx_word' id='word_1_228' title='bbox 634 1174 729 1207; x_wconf 86' lang='lat' dir='ltr'><strong><em>ldem</em></strong></span> <span class='ocrx_word' id='word_1_229' title='bbox 764 1175 892 1220; x_wconf 82' lang='lat' dir='ltr'><strong><em>Georg.</em></strong></span> <span class='ocrx_word' id='word_1_230' title='bbox 920 1171 1043 1208; x_wconf 83' lang='lat'><strong>1111.¹⁰:</strong></span> <span class='ocrx_word' id='word_1_231' title='bbox 1075 1175 1178 1208; x_wconf 89' lang='lat' dir='ltr'><strong><em>Haec</em></strong></span> <span class='ocrx_word' id='word_1_232' title='bbox 1211 1186 1318 1220; x_wconf 84' lang='lat' dir='ltr'><strong><em>super</em></strong></span> <span class='ocrx_word' id='word_1_233' title='bbox 1353 1187 1518 1209; x_wconf 79' lang='lat' dir='ltr'><strong><em>arvorum</em></strong></span> <span class='ocrx_word' id='word_1_234' title='bbox 1552 1177 1646 1210; x_wconf 83' lang='lat' dir='ltr'><strong><em>cultu</em></strong></span> <span class='ocrx_word' id='word_1_235' title='bbox 1674 1188 1911 1222; x_wconf 76' lang='lat' dir='ltr'><strong><em>pecorumque</em></strong></span> <span class='ocrx_word' id='word_1_236' title='bbox 1937 1176 2110 1210; x_wconf 74' lang='lat' dir='ltr'><strong><em>canebam</em></strong></span> <span class='ocrx_word' id='word_1_237' title='bbox 2135 1175 2184 1208; x_wconf 84' lang='lat' dir='ltr'><strong><em>Et</em></strong></span> 
     </span>
     <span class='ocr_line' id='line_1_24' title="bbox 340 1224 2183 1273; baseline 0.001 -16"><span class='ocrx_word' id='word_1_238' title='bbox 340 1235 448 1269; x_wconf 82' lang='lat' dir='ltr'><strong><em>super</em></strong></span> <span class='ocrx_word' id='word_1_239' title='bbox 465 1224 658 1259; x_wconf 75' lang='lat' dir='ltr'><strong><em>arboribus.</em></strong></span> <span class='ocrx_word' id='word_1_240' title='bbox 685 1226 794 1270; x_wconf 86' lang='lat' dir='ltr'><strong><em>Super</em></strong></span> <span class='ocrx_word' id='word_1_241' title='bbox 821 1227 886 1261; x_wconf 82' lang='lat' dir='ltr'><strong><em>hac</em></strong></span> <span class='ocrx_word' id='word_1_242' title='bbox 908 1239 944 1259; x_wconf 87' lang='lat' dir='ltr'><strong><em>re</em></strong></span> <span class='ocrx_word' id='word_1_243' title='bbox 972 1238 1035 1271; x_wconf 87' lang='lat' dir='ltr'><strong><em>pro</em></strong></span> <span class='ocrx_word' id='word_1_244' title='bbox 1063 1226 1106 1259; x_wconf 90' lang='lat' dir='ltr'><strong><em>de</em></strong></span> <span class='ocrx_word' id='word_1_245' title='bbox 1132 1227 1198 1259; x_wconf 72' lang='lat' dir='ltr'><strong><em>hac</em></strong></span> <span class='ocrx_word' id='word_1_246' title='bbox 1224 1239 1269 1259; x_wconf 90' lang='lat' dir='ltr'><strong><em>re.</em></strong></span> <span class='ocrx_word' id='word_1_247' title='bbox 1298 1227 1392 1260; x_wconf 80' lang='lat' dir='ltr'><strong><em>Idem</em></strong></span> <span class='ocrx_word' id='word_1_248' title='bbox 1421 1230 1502 1261; x_wconf 76' lang='lat' dir='ltr'><strong><em>Aen.</em></strong></span> <span class='ocrx_word' id='word_1_249' title='bbox 1523 1229 1598 1261; x_wconf 87' lang='lat' dir='ltr'><strong>lV.:</strong></span> <span class='ocrx_word' id='word_1_250' title='bbox 1625 1228 1701 1261; x_wconf 82' lang='lat' dir='ltr'><strong><em>Nec</em></strong></span> <span class='ocrx_word' id='word_1_251' title='bbox 1727 1240 1833 1273; x_wconf 87' lang='lat' dir='ltr'><strong><em>super</em></strong></span> <span class='ocrx_word' id='word_1_252' title='bbox 1858 1229 1931 1272; x_wconf 86' lang='lat' dir='ltr'><strong><em>ipse</em></strong></span> <span class='ocrx_word' id='word_1_253' title='bbox 1956 1239 2055 1261; x_wconf 86' lang='lat' dir='ltr'><strong><em>suum</em></strong></span> <span class='ocrx_word' id='word_1_254' title='bbox 2082 1227 2183 1260; x_wconf 83' lang='lat' dir='ltr'><strong><em>moli-</em></strong></span> 
     </span>
     <span class='ocr_line' id='line_1_25' title="bbox 340 1275 2182 1325; baseline 0.001 -16"><span class='ocrx_word' id='word_1_255' title='bbox 340 1280 398 1309; x_wconf 88' lang='lat' dir='ltr'><strong><em>tur</em></strong></span> <span class='ocrx_word' id='word_1_256' title='bbox 421 1277 529 1310; x_wconf 84' lang='lat' dir='ltr'><strong><em>laudc</em></strong></span> <span class='ocrx_word' id='word_1_257' title='bbox 555 1277 721 1313; x_wconf 80' lang='lat' dir='ltr'><strong><em>laborem.</em></strong></span> <span class='ocrx_word' id='word_1_258' title='bbox 754 1278 865 1324; x_wconf 85' lang='lat' dir='ltr'><strong><em>Super</em></strong></span> <span class='ocrx_word' id='word_1_259' title='bbox 896 1279 956 1311; x_wconf 81' lang='lat' dir='ltr'><strong><em>itta</em></strong></span> <span class='ocrx_word' id='word_1_260' title='bbox 989 1290 1025 1312; x_wconf 87' lang='lat' dir='ltr'><strong><em>re</em></strong></span> <span class='ocrx_word' id='word_1_261' title='bbox 1050 1289 1114 1323; x_wconf 78' lang='lat' dir='ltr'><strong><em>pio</em></strong></span> <span class='ocrx_word' id='word_1_262' title='bbox 1149 1278 1182 1312; x_wconf 88' lang='lat' dir='ltr'><strong><em>in</em></strong></span> <span class='ocrx_word' id='word_1_263' title='bbox 1203 1278 1262 1311; x_wconf 79' lang='lat' dir='ltr'><strong><em>itta</em></strong></span> <span class='ocrx_word' id='word_1_264' title='bbox 1284 1275 1363 1314; x_wconf 67' lang='lat' dir='ltr'><strong><em>reu.</em></strong></span> <span class='ocrx_word' id='word_1_265' title='bbox 1397 1279 1494 1313; x_wconf 79' lang='grc'><strong>1110111</strong></span> <span class='ocrx_word' id='word_1_266' title='bbox 1521 1280 1621 1315; x_wconf 86' lang='lat' dir='ltr'><strong><em>Buc.:</em></strong></span> <span class='ocrx_word' id='word_1_267' title='bbox 1647 1280 1790 1314; x_wconf 85' lang='lat' dir='ltr'><strong><em>Fronde</em></strong></span> <span class='ocrx_word' id='word_1_268' title='bbox 1816 1290 1922 1325; x_wconf 81' lang='lat' dir='ltr'><strong><em>super</em></strong></span> <span class='ocrx_word' id='word_1_269' title='bbox 1947 1279 2062 1312; x_wconf 87' lang='lat' dir='ltr'><strong><em>viridi.</em></strong></span> <span class='ocrx_word' id='word_1_270' title='bbox 2086 1279 2182 1311; x_wconf 75' lang='lat' dir='ltr'><strong><em>[dem</em></strong></span> 
     </span>
    </p>
   </div>
   <div class='ocr_carea' id='block_1_10' title="bbox 240 1420 1192 2389">
    <p class='ocr_par' dir='ltr' id='par_1_14' title="bbox 240 1420 1192 2389">
     <span class='ocr_line' id='line_1_26' title="bbox 241 1420 1192 1460; baseline 0.004 -13"><span class='ocrx_word' id='word_1_271' title='bbox 241 1420 339 1448; x_wconf 88' lang='lat' dir='ltr'><strong><em>locum</em></strong></span> <span class='ocrx_word' id='word_1_272' title='bbox 365 1421 536 1454; x_wconf 73' lang='lat' dir='ltr'><strong><em>annotatio,</em></strong></span> <span class='ocrx_word' id='word_1_273' title='bbox 566 1423 618 1451; x_wconf 92' lang='grc'><strong>11111</strong></span> <span class='ocrx_word' id='word_1_274' title='bbox 642 1423 766 1460; x_wconf 80' lang='lat' dir='ltr'><strong><em>legitur:</em></strong></span> <span class='ocrx_word' id='word_1_275' title='bbox 799 1422 890 1459; x_wconf 81' lang='lat' dir='ltr'><strong><em>Quasi</em></strong></span> <span class='ocrx_word' id='word_1_276' title='bbox 914 1423 1017 1452; x_wconf 85' lang='lat' dir='ltr'><strong><em>Latine</em></strong></span> <span class='ocrx_word' id='word_1_277' title='bbox 1040 1422 1133 1458; x_wconf 77' lang='lat' dir='ltr'><strong><em>dixit,</em></strong></span> <span class='ocrx_word' id='word_1_278' title='bbox 1156 1427 1192 1451; x_wconf 83' lang='lat' dir='ltr'><strong><em>ut</em></strong></span> 
     </span>
     <span class='ocr_line' id='line_1_27' title="bbox 240 1465 1191 1504; baseline 0.004 -15"><span class='ocrx_word' id='word_1_279' title='bbox 240 1472 345 1499; x_wconf 73' lang='lat' dir='ltr'><strong><em>niagno</em></strong></span> <span class='ocrx_word' id='word_1_280' title='bbox 364 1465 488 1501; x_wconf 73' lang='lat' dir='ltr'><strong><em>ponderi</em></strong></span> <span class='ocrx_word' id='word_1_281' title='bbox 504 1465 618 1502; x_wconf 71' lang='lat' dir='ltr'><strong><em>subire5</em></strong></span> <span class='ocrx_word' id='word_1_282' title='bbox 642 1466 692 1493; x_wconf 85' lang='lat' dir='ltr'><strong><em>sed</em></strong></span> <span class='ocrx_word' id='word_1_283' title='bbox 708 1466 801 1494; x_wconf 82' lang='lat' dir='ltr'><strong><em>scribe</em></strong></span> <span class='ocrx_word' id='word_1_284' title='bbox 821 1467 935 1504; x_wconf 84' lang='lat' dir='ltr'><strong><em>potius:</em></strong></span> <span class='ocrx_word' id='word_1_285' title='bbox 963 1467 1062 1503; x_wconf 60' lang='lat' dir='ltr'><strong><em>Quat-xi</em></strong></span> <span class='ocrx_word' id='word_1_286' title='bbox 1083 1472 1191 1493; x_wconf 67' lang='lat' dir='ltr'><strong><em>trans-</em></strong></span> 
     </span>
     <span class='ocr_line' id='line_1_28' title="bbox 242 1504 1190 1545; baseline 0.003 -13"><span class='ocrx_word' id='word_1_287' title='bbox 242 1505 300 1532; x_wconf 66' lang='lat' dir='ltr'><strong><em>lati·</em></strong></span> <span class='ocrx_word' id='word_1_288' title='bbox 323 1504 416 1543; x_wconf 57' lang='lat' dir='ltr'><strong><em>(lixit,</em></strong></span> <span class='ocrx_word' id='word_1_289' title='bbox 441 1512 475 1534; x_wconf 82' lang='lat' dir='ltr'><strong><em>nt</em></strong></span> <span class='ocrx_word' id='word_1_290' title='bbox 497 1518 534 1537; x_wconf 86' lang='lat' dir='ltr'><strong><em>m.</em></strong></span> <span class='ocrx_word' id='word_1_291' title='bbox 554 1518 588 1545; x_wconf 85' lang='lat' dir='ltr'><strong><em>p.</em></strong></span> <span class='ocrx_word' id='word_1_292' title='bbox 612 1518 636 1536; x_wconf 77' lang='lat' dir='ltr'><strong><em>S.</em></strong></span> <span class='ocrx_word' id='word_1_293' title='bbox 668 1509 796 1536; x_wconf 76' lang='lat' dir='ltr'><strong><em>Additur</em></strong></span> <span class='ocrx_word' id='word_1_294' title='bbox 816 1509 844 1535; x_wconf 87' lang='lat' dir='ltr'><strong><em>in</em></strong></span> <span class='ocrx_word' id='word_1_295' title='bbox 866 1508 924 1536; x_wconf 88' lang='lat' dir='ltr'><strong><em>fine</em></strong></span> <span class='ocrx_word' id='word_1_296' title='bbox 946 1509 1064 1536; x_wconf 75' lang='lat' dir='ltr'><strong><em>articuli</em></strong></span> <span class='ocrx_word' id='word_1_297' title='bbox 1088 1519 1190 1536; x_wconf 72' lang='lat' dir='ltr'><strong><em>exeni-</em></strong></span> 
     </span>
     <span class='ocr_line' id='line_1_29' title="bbox 242 1547 1191 1587; baseline 0.002 -12"><span class='ocrx_word' id='word_1_298' title='bbox 242 1548 324 1585; x_wconf 83' lang='lat' dir='ltr'><strong><em>plum</em></strong></span> <span class='ocrx_word' id='word_1_299' title='bbox 342 1547 407 1576; x_wconf 86' lang='lat' dir='ltr'><strong><em>hoc.</em></strong></span> <span class='ocrx_word' id='word_1_300' title='bbox 434 1550 518 1587; x_wconf 62' lang='lat' dir='ltr'><strong><em>Virg.</em></strong></span> <span class='ocrx_word' id='word_1_301' title='bbox 542 1550 617 1580; x_wconf 74' lang='lat' dir='ltr'><strong><em>Aen.</em></strong></span> <span class='ocrx_word' id='word_1_302' title='bbox 637 1552 710 1579; x_wconf 85' lang='lat' dir='ltr'><em>IIII.</em></span> <span class='ocrx_word' id='word_1_303' title='bbox 732 1553 778 1582; x_wconf 90' lang='lat'><strong><em>10.</em></strong></span> <span class='ocrx_word' id='word_1_304' title='bbox 804 1552 923 1578; x_wconf 64' lang='lat' dir='ltr'><strong><em>Nostris</em></strong></span> <span class='ocrx_word' id='word_1_305' title='bbox 946 1552 1087 1578; x_wconf 72' lang='lat' dir='ltr'><strong><em>successit</em></strong></span> <span class='ocrx_word' id='word_1_306' title='bbox 1107 1550 1191 1577; x_wconf 73' lang='lat' dir='ltr'><strong><em>srdi-</em></strong></span> 
     </span>
     <span class='ocr_line' id='line_1_30' title="bbox 243 1590 1190 1629; baseline 0.005 -13"><span class='ocrx_word' id='word_1_307' title='bbox 243 1590 296 1617; x_wconf 57' lang='grc' dir='ltr'><strong><em>ὐπὸ·</em></strong></span> <span class='ocrx_word' id='word_1_308' title='bbox 318 1590 439 1628; x_wconf 69' lang='lat' dir='ltr'><strong><em>hospes,</em></strong></span> <span class='ocrx_word' id='word_1_309' title='bbox 463 1592 541 1629; x_wconf 84' lang='lat' dir='ltr'><strong><em>quod</em></strong></span> <span class='ocrx_word' id='word_1_310' title='bbox 563 1592 643 1620; x_wconf 74' lang='lat' dir='ltr'><strong><em>deest</em></strong></span> <span class='ocrx_word' id='word_1_311' title='bbox 665 1594 694 1619; x_wconf 86' lang='grc'><strong><em>111</em></strong></span> <span class='ocrx_word' id='word_1_312' title='bbox 719 1593 789 1620; x_wconf 84' lang='lat' dir='ltr'><strong><em>Cod.</em></strong></span> <span class='ocrx_word' id='word_1_313' title='bbox 812 1595 868 1620; x_wconf 82' lang='lat' dir='ltr'><strong><em>Gu.</em></strong></span> <span class='ocrx_word' id='word_1_314' title='bbox 893 1598 920 1621; x_wconf 84' lang='lat' dir='ltr'><strong><em>et</em></strong></span> <span class='ocrx_word' id='word_1_315' title='bbox 944 1593 1023 1621; x_wconf 79' lang='lat' dir='ltr'><strong><em>haud</em></strong></span> <span class='ocrx_word' id='word_1_316' title='bbox 1046 1594 1134 1621; x_wconf 81' lang='lat' dir='ltr'><strong><em>dubie</em></strong></span> <span class='ocrx_word' id='word_1_317' title='bbox 1153 1593 1190 1620; x_wconf 80' lang='lat' dir='ltr'><strong><em>ud</em></strong></span> 
     </span>
     <span class='ocr_line' id='line_1_31' title="bbox 242 1634 1189 1673; baseline 0.003 -13"><span class='ocrx_word' id='word_1_318' title='bbox 242 1639 409 1670; x_wconf 83' lang='lat' dir='ltr'><strong><em>sequentem</em></strong></span> <span class='ocrx_word' id='word_1_319' title='bbox 427 1634 585 1662; x_wconf 81' lang='lat' dir='ltr'><strong><em>articulum</em></strong></span> <span class='ocrx_word' id='word_1_320' title='bbox 600 1635 744 1673; x_wconf 69' lang='lat' dir='ltr'><strong><em>pertinet,</em></strong></span> <span class='ocrx_word' id='word_1_321' title='bbox 769 1645 828 1672; x_wconf 88' lang='lat' dir='ltr'><strong><em>quo</em></strong></span> <span class='ocrx_word' id='word_1_322' title='bbox 843 1636 992 1664; x_wconf 78' lang='lat' dir='ltr'><strong><em>transtuli.</em></strong></span> <span class='ocrx_word' id='word_1_323' title='bbox 1016 1653 1055 1656; x_wconf 85' lang='lat'><strong><em>--</em></strong></span> <span class='ocrx_word' id='word_1_324' title='bbox 1081 1637 1110 1671; x_wconf 81' lang='lat'><strong><em>1)</em></strong></span> <span class='ocrx_word' id='word_1_325' title='bbox 1128 1635 1189 1663; x_wconf 89' lang='lat' dir='ltr'><strong><em>Hu-</em></strong></span> 
     </span>
     <span class='ocr_line' id='line_1_32' title="bbox 243 1674 1189 1716; baseline 0.004 -15"><span class='ocrx_word' id='word_1_326' title='bbox 243 1674 289 1701; x_wconf 87' lang='lat' dir='ltr'><strong><em>ius</em></strong></span> <span class='ocrx_word' id='word_1_327' title='bbox 312 1676 401 1702; x_wconf 79' lang='lat' dir='ltr'><strong><em>totius</em></strong></span> <span class='ocrx_word' id='word_1_328' title='bbox 423 1676 543 1705; x_wconf 71' lang='lat' dir='ltr'><strong><em>articuli</em></strong></span> <span class='ocrx_word' id='word_1_329' title='bbox 561 1677 592 1704; x_wconf 90' lang='lat' dir='ltr'><strong><em>in</em></strong></span> <span class='ocrx_word' id='word_1_330' title='bbox 617 1677 688 1706; x_wconf 88' lang='lat' dir='ltr'><strong><em>Cod.</em></strong></span> <span class='ocrx_word' id='word_1_331' title='bbox 706 1678 740 1705; x_wconf 92' lang='lat' dir='ltr'><strong><em>A.</em></strong></span> <span class='ocrx_word' id='word_1_332' title='bbox 764 1677 801 1705; x_wconf 87' lang='grc' dir='ltr'><strong><em>Μ.</em></strong></span> <span class='ocrx_word' id='word_1_333' title='bbox 823 1678 958 1705; x_wconf 70' lang='lat' dir='ltr'><strong><em>mutilato</em></strong></span> <span class='ocrx_word' id='word_1_334' title='bbox 981 1677 1056 1705; x_wconf 85' lang='lat' dir='ltr'><strong><em>nihil</em></strong></span> <span class='ocrx_word' id='word_1_335' title='bbox 1079 1688 1189 1716; x_wconf 81' lang='grc'><strong>5111101·-</strong></span> 
     </span>
     <span class='ocr_line' id='line_1_33' title="bbox 244 1717 1188 1757; baseline 0.008 -14"><span class='ocrx_word' id='word_1_336' title='bbox 244 1720 303 1750; x_wconf 83' lang='lat' dir='ltr'><strong><em>est,</em></strong></span> <span class='ocrx_word' id='word_1_337' title='bbox 336 1717 393 1744; x_wconf 88' lang='lat' dir='ltr'><strong><em>nisi</em></strong></span> <span class='ocrx_word' id='word_1_338' title='bbox 419 1717 505 1746; x_wconf 78' lang='lat' dir='ltr'><strong><em>haec:</em></strong></span> <span class='ocrx_word' id='word_1_339' title='bbox 541 1720 690 1747; x_wconf 60' lang='lat' dir='ltr'><strong><em>Successit</em></strong></span> <span class='ocrx_word' id='word_1_340' title='bbox 718 1720 805 1746; x_wconf 82' lang='lat' dir='ltr'><strong><em>illam</em></strong></span> <span class='ocrx_word' id='word_1_341' title='bbox 826 1721 888 1747; x_wconf 75' lang='lat' dir='ltr'><strong>Sal.</strong></span> <span class='ocrx_word' id='word_1_342' title='bbox 911 1721 994 1749; x_wconf 64' lang='lat' dir='ltr'><strong><em>Hist.</em></strong></span> <span class='ocrx_word' id='word_1_343' title='bbox 1015 1722 1070 1749; x_wconf 85' lang='grc' dir='ltr'><strong><em>ΙΠ-</em></strong></span> <span class='ocrx_word' id='word_1_344' title='bbox 1096 1720 1188 1757; x_wconf 89' lang='grc'><strong>(15-)</strong></span> 
     </span>
     <span class='ocr_line' id='line_1_34' title="bbox 245 1758 1189 1800; baseline 0.007 -17"><span class='ocrx_word' id='word_1_345' title='bbox 245 1758 350 1784; x_wconf 64' lang='lat' dir='ltr'><strong><em>stlat-os</em></strong></span> <span class='ocrx_word' id='word_1_346' title='bbox 372 1767 582 1791; x_wconf 64' lang='lat' dir='ltr'><strong><em>sui-cesserant.</em></strong></span> <span class='ocrx_word' id='word_1_347' title='bbox 619 1762 689 1789; x_wconf 87' lang='lat' dir='ltr'><strong><em>Loci</em></strong></span> <span class='ocrx_word' id='word_1_348' title='bbox 711 1762 890 1800; x_wconf 82' lang='lat' dir='ltr'><strong><em>scriptorum</em></strong></span> <span class='ocrx_word' id='word_1_349' title='bbox 912 1762 944 1790; x_wconf 87' lang='lat' dir='ltr'><strong><em>hi</em></strong></span> <span class='ocrx_word' id='word_1_350' title='bbox 967 1766 1044 1790; x_wconf 84' lang='lat' dir='ltr'><strong><em>sunt.</em></strong></span> <span class='ocrx_word' id='word_1_351' title='bbox 1074 1763 1189 1790; x_wconf 81' lang='lat' dir='ltr'><strong><em>Primus</em></strong></span> 
     </span>
     <span class='ocr_line' id='line_1_35' title="bbox 244 1799 1191 1842; baseline 0.006 -16"><span class='ocrx_word' id='word_1_352' title='bbox 244 1799 328 1826; x_wconf 86' lang='lat' dir='ltr'><strong><em>locus</em></strong></span> <span class='ocrx_word' id='word_1_353' title='bbox 354 1810 443 1838; x_wconf 80' lang='lat' dir='ltr'><strong><em>supra</em></strong></span> <span class='ocrx_word' id='word_1_354' title='bbox 468 1812 483 1829; x_wconf 80' lang='lat' dir='ltr'><strong><em>a</em></strong></span> <span class='ocrx_word' id='word_1_355' title='bbox 505 1802 580 1830; x_wconf 79' lang='lat' dir='ltr'><strong><em>Maio</em></strong></span> <span class='ocrx_word' id='word_1_356' title='bbox 605 1803 760 1831; x_wconf 69' lang='lat' dir='ltr'><strong><em>iudicatus.</em></strong></span> <span class='ocrx_word' id='word_1_357' title='bbox 792 1805 873 1833; x_wconf 87' lang='lat' dir='ltr'><strong><em>Alter</em></strong></span> <span class='ocrx_word' id='word_1_358' title='bbox 897 1810 939 1833; x_wconf 84' lang='lat' dir='ltr'><strong><em>est</em></strong></span> <span class='ocrx_word' id='word_1_359' title='bbox 966 1805 1045 1842; x_wconf 79' lang='lat' dir='ltr'><strong><em>Virg.</em></strong></span> <span class='ocrx_word' id='word_1_360' title='bbox 1076 1806 1145 1835; x_wconf 86' lang='lat' dir='ltr'><strong><em>Aen.</em></strong></span> <span class='ocrx_word' id='word_1_361' title='bbox 1171 1805 1191 1839; x_wconf 81' lang='grc' dir='ltr'><strong><em>Ι,</em></strong></span> 
     </span>
     <span class='ocr_line' id='line_1_36' title="bbox 245 1842 1191 1885; baseline 0.001 -12"><span class='ocrx_word' id='word_1_362' title='bbox 245 1844 317 1873; x_wconf 80' lang='grc'><strong>627.</strong></span> <span class='ocrx_word' id='word_1_363' title='bbox 348 1842 463 1871; x_wconf 75' lang='lat' dir='ltr'><strong><em>Tertius</em></strong></span> <span class='ocrx_word' id='word_1_364' title='bbox 492 1843 562 1871; x_wconf 91' lang='lat' dir='ltr'><strong><em>Aen.</em></strong></span> <span class='ocrx_word' id='word_1_365' title='bbox 589 1844 657 1879; x_wconf 83' lang='lat' dir='ltr'><strong><em>VH,</em></strong></span> <span class='ocrx_word' id='word_1_366' title='bbox 681 1848 753 1876; x_wconf 87' lang='lat'><strong>501.</strong></span> <span class='ocrx_word' id='word_1_367' title='bbox 784 1846 818 1874; x_wconf 84' lang='lat' dir='ltr'><strong><em>In</em></strong></span> <span class='ocrx_word' id='word_1_368' title='bbox 843 1847 913 1876; x_wconf 88' lang='lat' dir='ltr'><strong><em>Cod.</em></strong></span> <span class='ocrx_word' id='word_1_369' title='bbox 939 1848 994 1875; x_wconf 90' lang='lat' dir='ltr'><strong><em>Gu.</em></strong></span> <span class='ocrx_word' id='word_1_370' title='bbox 1018 1852 1061 1875; x_wconf 87' lang='grc'><strong><em>051</em></strong></span> <span class='ocrx_word' id='word_1_371' title='bbox 1088 1857 1191 1885; x_wconf 70' lang='lat' dir='ltr'><strong><em>genien</em></strong></span> 
     </span>
     <span class='ocr_line' id='line_1_37' title="bbox 246 1884 1191 1925; baseline 0.008 -16"><span class='ocrx_word' id='word_1_372' title='bbox 246 1884 385 1914; x_wconf 77' lang='lat' dir='ltr'><strong><em>stabulis,</em></strong></span> <span class='ocrx_word' id='word_1_373' title='bbox 411 1885 505 1913; x_wconf 87' lang='lat' dir='ltr'><strong><em>Locus</em></strong></span> <span class='ocrx_word' id='word_1_374' title='bbox 532 1887 652 1914; x_wconf 76' lang='lat' dir='ltr'><strong><em>Salustii</em></strong></span> <span class='ocrx_word' id='word_1_375' title='bbox 674 1888 758 1925; x_wconf 85' lang='lat' dir='ltr'><strong><em>prior</em></strong></span> <span class='ocrx_word' id='word_1_376' title='bbox 783 1899 883 1917; x_wconf 85' lang='lat' dir='ltr'><strong><em>recens</em></strong></span> <span class='ocrx_word' id='word_1_377' title='bbox 904 1889 1019 1918; x_wconf 81' lang='lat' dir='ltr'><strong><em>accedit</em></strong></span> <span class='ocrx_word' id='word_1_378' title='bbox 1040 1890 1101 1917; x_wconf 86' lang='lat' dir='ltr'><strong><em>eius</em></strong></span> <span class='ocrx_word' id='word_1_379' title='bbox 1129 1890 1191 1918; x_wconf 81' lang='lat' dir='ltr'><strong><em>sra-</em></strong></span> 
     </span>
     <span class='ocr_line' id='line_1_38' title="bbox 246 1927 1192 1967; baseline 0.01 -15"><span class='ocrx_word' id='word_1_380' title='bbox 246 1927 380 1963; x_wconf 78' lang='lat' dir='ltr'><strong><em>gmcntis,</em></strong></span> <span class='ocrx_word' id='word_1_381' title='bbox 404 1928 477 1956; x_wconf 86' lang='lat' dir='ltr'><strong><em>alter</em></strong></span> <span class='ocrx_word' id='word_1_382' title='bbox 493 1928 600 1965; x_wconf 78' lang='lat' dir='ltr'><strong><em>legitur</em></strong></span> <span class='ocrx_word' id='word_1_383' title='bbox 614 1928 689 1957; x_wconf 85' lang='lat' dir='ltr'><strong><em>Hist.</em></strong></span> <span class='ocrx_word' id='word_1_384' title='bbox 706 1930 848 1967; x_wconf 80' lang='lat' dir='ltr'><strong><em>Fragmni.</em></strong></span> <span class='ocrx_word' id='word_1_385' title='bbox 866 1932 915 1967; x_wconf 88' lang='grc'><strong>111,</strong></span> <span class='ocrx_word' id='word_1_386' title='bbox 931 1933 979 1963; x_wconf 81' lang='grc'><strong><em>40.</em></strong></span> <span class='ocrx_word' id='word_1_387' title='bbox 1004 1932 1085 1960; x_wconf 69' lang='grc'><strong>6011.</strong></span> <span class='ocrx_word' id='word_1_388' title='bbox 1100 1932 1192 1960; x_wconf 88' lang='lat' dir='ltr'><strong><em>idem-</em></strong></span> 
     </span>
     <span class='ocr_line' id='line_1_39' title="bbox 248 1968 1192 2009; baseline 0.007 -14"><span class='ocrx_word' id='word_1_389' title='bbox 248 1977 305 2005; x_wconf 84' lang='lat' dir='ltr'><strong><em>que</em></strong></span> <span class='ocrx_word' id='word_1_390' title='bbox 326 1968 433 1997; x_wconf 79' lang='lat' dir='ltr'><strong><em>citatur</em></strong></span> <span class='ocrx_word' id='word_1_391' title='bbox 457 1980 471 1998; x_wconf 87' lang='lat' dir='ltr'><strong><em>a</em></strong></span> <span class='ocrx_word' id='word_1_392' title='bbox 491 1971 593 1998; x_wconf 86' lang='lat' dir='ltr'><strong><em>Servio</em></strong></span> <span class='ocrx_word' id='word_1_393' title='bbox 621 1972 658 1999; x_wconf 81' lang='lat' dir='ltr'><strong><em>ad</em></strong></span> <span class='ocrx_word' id='word_1_394' title='bbox 685 1972 767 2009; x_wconf 86' lang='lat' dir='ltr'><strong><em>Virg.</em></strong></span> <span class='ocrx_word' id='word_1_395' title='bbox 789 1973 850 2002; x_wconf 79' lang='lat' dir='ltr'><strong><em>Ecl.</em></strong></span> <span class='ocrx_word' id='word_1_396' title='bbox 875 1974 909 2009; x_wconf 89' lang='lat' dir='ltr'><strong><em>V,</em></strong></span> <span class='ocrx_word' id='word_1_397' title='bbox 931 1977 959 2006; x_wconf 85' lang='lat'><strong><em>5.</em></strong></span> <span class='ocrx_word' id='word_1_398' title='bbox 983 1975 1192 2002; x_wconf 75' lang='lat' dir='ltr'><strong><em>Successerant</em></strong></span> 
     </span>
     <span class='ocr_line' id='line_1_40' title="bbox 247 2010 1191 2055; baseline 0.01 -18"><span class='ocrx_word' id='word_1_399' title='bbox 247 2010 336 2047; x_wconf 79' lang='lat' dir='ltr'><strong><em>vulgo</em></strong></span> <span class='ocrx_word' id='word_1_400' title='bbox 357 2010 462 2047; x_wconf 75' lang='lat' dir='ltr'><strong><em>editur,</em></strong></span> <span class='ocrx_word' id='word_1_401' title='bbox 488 2013 538 2040; x_wconf 87' lang='lat' dir='ltr'><strong><em>sed</em></strong></span> <span class='ocrx_word' id='word_1_402' title='bbox 553 2013 624 2041; x_wconf 87' lang='lat' dir='ltr'><strong><em>Cod.</em></strong></span> <span class='ocrx_word' id='word_1_403' title='bbox 640 2015 696 2044; x_wconf 86' lang='grc'><strong>611,</strong></span> <span class='ocrx_word' id='word_1_404' title='bbox 709 2021 924 2051; x_wconf 62' lang='lat' dir='ltr'><strong><em>succe-suxerunt,</em></strong></span> <span class='ocrx_word' id='word_1_405' title='bbox 947 2017 1026 2054; x_wconf 86' lang='lat' dir='ltr'><strong><em>quod</em></strong></span> <span class='ocrx_word' id='word_1_406' title='bbox 1040 2017 1191 2055; x_wconf 80' lang='lat' dir='ltr'><strong><em>rescripsi.</em></strong></span> 
     </span>
     <span class='ocr_line' id='line_1_41' title="bbox 247 2052 1190 2099; baseline 0.007 -19"><span class='ocrx_word' id='word_1_407' title='bbox 247 2052 379 2081; x_wconf 82' lang='lat' dir='ltr'><strong><em>Tertium</em></strong></span> <span class='ocrx_word' id='word_1_408' title='bbox 394 2053 589 2091; x_wconf 78' lang='lat' dir='ltr'><strong><em>fragmentum</em></strong></span> <span class='ocrx_word' id='word_1_409' title='bbox 604 2066 684 2083; x_wconf 83' lang='lat' dir='ltr'><strong><em>nunc</em></strong></span> <span class='ocrx_word' id='word_1_410' title='bbox 706 2057 834 2094; x_wconf 79' lang='lat' dir='ltr'><strong><em>primuni</em></strong></span> <span class='ocrx_word' id='word_1_411' title='bbox 856 2057 962 2086; x_wconf 78' lang='lat' dir='ltr'><strong><em>editur.</em></strong></span> <span class='ocrx_word' id='word_1_412' title='bbox 985 2075 1025 2080; x_wconf 82' lang='lat'><strong><em>——</em></strong></span> <span class='ocrx_word' id='word_1_413' title='bbox 1047 2060 1077 2099; x_wconf 70' lang='grc' dir='ltr'><strong><em>Ξ)</em></strong></span> <span class='ocrx_word' id='word_1_414' title='bbox 1094 2060 1190 2088; x_wconf 79' lang='lat' dir='ltr'><strong><em>Etiam</em></strong></span> 
     </span>
     <span class='ocr_line' id='line_1_42' title="bbox 248 2094 1190 2137; baseline 0.008 -15"><span class='ocrx_word' id='word_1_415' title='bbox 248 2094 297 2122; x_wconf 87' lang='grc'><strong>1110</strong></span> <span class='ocrx_word' id='word_1_416' title='bbox 312 2095 452 2123; x_wconf 81' lang='lat' dir='ltr'><strong><em>articulus</em></strong></span> <span class='ocrx_word' id='word_1_417' title='bbox 476 2098 561 2125; x_wconf 81' lang='lat' dir='ltr'><strong><em>valde</em></strong></span> <span class='ocrx_word' id='word_1_418' title='bbox 583 2098 735 2126; x_wconf 79' lang='lat' dir='ltr'><strong><em>mutilatus</em></strong></span> <span class='ocrx_word' id='word_1_419' title='bbox 756 2104 798 2127; x_wconf 85' lang='lat' dir='ltr'><strong><em>est</em></strong></span> <span class='ocrx_word' id='word_1_420' title='bbox 818 2100 896 2137; x_wconf 80' lang='lat' dir='ltr'><strong><em>apud</em></strong></span> <span class='ocrx_word' id='word_1_421' title='bbox 919 2100 953 2129; x_wconf 86' lang='lat' dir='ltr'><strong><em>A.</em></strong></span> <span class='ocrx_word' id='word_1_422' title='bbox 972 2101 1008 2128; x_wconf 85' lang='lat' dir='ltr'><strong><em>M.</em></strong></span> <span class='ocrx_word' id='word_1_423' title='bbox 1038 2102 1097 2130; x_wconf 83' lang='lat' dir='ltr'><strong><em>sie:</em></strong></span> <span class='ocrx_word' id='word_1_424' title='bbox 1121 2103 1190 2130; x_wconf 79' lang='lat' dir='ltr'><strong><em>Ser-</em></strong></span> 
     </span>
     <span class='ocr_line' id='line_1_43' title="bbox 249 2138 1191 2179; baseline 0.008 -15"><span class='ocrx_word' id='word_1_425' title='bbox 249 2143 338 2165; x_wconf 73' lang='lat' dir='ltr'><strong><em>vatus</em></strong></span> <span class='ocrx_word' id='word_1_426' title='bbox 355 2138 503 2175; x_wconf 67' lang='lat' dir='ltr'><strong><em>periculis</em></strong></span> <span class='ocrx_word' id='word_1_427' title='bbox 520 2145 547 2166; x_wconf 77' lang='lat' dir='ltr'><strong><em>et</em></strong></span> <span class='ocrx_word' id='word_1_428' title='bbox 572 2151 604 2167; x_wconf 75' lang='lat' dir='ltr'><strong><em>cx</em></strong></span> <span class='ocrx_word' id='word_1_429' title='bbox 618 2142 773 2178; x_wconf 74' lang='lat' dir='ltr'><strong><em>periculis.</em></strong></span> <span class='ocrx_word' id='word_1_430' title='bbox 796 2142 855 2169; x_wconf 82' lang='lat' dir='ltr'><strong><em>Iam</em></strong></span> <span class='ocrx_word' id='word_1_431' title='bbox 877 2142 935 2169; x_wconf 87' lang='lat' dir='ltr'><strong><em>duo</em></strong></span> <span class='ocrx_word' id='word_1_432' title='bbox 956 2149 1122 2179; x_wconf 81' lang='lat' dir='ltr'><strong><em>sequuntur</em></strong></span> <span class='ocrx_word' id='word_1_433' title='bbox 1140 2154 1191 2172; x_wconf 84' lang='lat' dir='ltr'><strong><em>ex-</em></strong></span> 
     </span>
     <span class='ocr_line' id='line_1_44' title="bbox 248 2179 1189 2221; baseline 0.009 -13"><span class='ocrx_word' id='word_1_434' title='bbox 248 2181 344 2218; x_wconf 84' lang='lat' dir='ltr'><strong><em>empla</em></strong></span> <span class='ocrx_word' id='word_1_435' title='bbox 367 2179 496 2218; x_wconf 82' lang='lat' dir='ltr'><strong><em>Virgilii,</em></strong></span> <span class='ocrx_word' id='word_1_436' title='bbox 528 2182 597 2210; x_wconf 84' lang='lat' dir='ltr'><strong><em>satis</em></strong></span> <span class='ocrx_word' id='word_1_437' title='bbox 622 2187 773 2211; x_wconf 83' lang='lat' dir='ltr'><strong><em>truncata:</em></strong></span> <span class='ocrx_word' id='word_1_438' title='bbox 808 2184 892 2221; x_wconf 68' lang='lat' dir='ltr'><strong><em>Virg.</em></strong></span> <span class='ocrx_word' id='word_1_439' title='bbox 912 2184 986 2211; x_wconf 77' lang='lat' dir='ltr'><strong><em>Aen.</em></strong></span> <span class='ocrx_word' id='word_1_440' title='bbox 1007 2186 1091 2214; x_wconf 91' lang='lat' dir='ltr'><em>VIII.</em></span> <span class='ocrx_word' id='word_1_441' title='bbox 1118 2189 1189 2218; x_wconf 83' lang='lat'><strong>188.</strong></span> 
     </span>
     <span class='ocr_line' id='line_1_45' title="bbox 247 2223 1191 2261; baseline 0.007 -12"><span class='ocrx_word' id='word_1_442' title='bbox 247 2223 365 2261; x_wconf 73' lang='lat' dir='ltr'><strong><em>Hospes</em></strong></span> <span class='ocrx_word' id='word_1_443' title='bbox 380 2229 493 2251; x_wconf 68' lang='lat' dir='ltr'><strong><em>servate</em></strong></span> <span class='ocrx_word' id='word_1_444' title='bbox 503 2225 637 2261; x_wconf 68' lang='lat' dir='ltr'><strong><em>periclis.</em></strong></span> <span class='ocrx_word' id='word_1_445' title='bbox 658 2224 735 2253; x_wconf 82' lang='lat' dir='ltr'><strong><em>Idem</em></strong></span> <span class='ocrx_word' id='word_1_446' title='bbox 751 2225 825 2253; x_wconf 82' lang='lat' dir='ltr'><strong>XII.</strong></span> <span class='ocrx_word' id='word_1_447' title='bbox 845 2228 915 2257; x_wconf 78' lang='lat'><strong>768.</strong></span> <span class='ocrx_word' id='word_1_448' title='bbox 935 2227 1053 2254; x_wconf 64' lang='lat' dir='ltr'><strong><em>Servati</em></strong></span> <span class='ocrx_word' id='word_1_449' title='bbox 1074 2239 1106 2255; x_wconf 72' lang='lat' dir='ltr'><strong><em>ex</em></strong></span> <span class='ocrx_word' id='word_1_450' title='bbox 1132 2240 1191 2257; x_wconf 79' lang='lat' dir='ltr'><strong><em>un-</em></strong></span> 
     </span>
     <span class='ocr_line' id='line_1_46' title="bbox 248 2263 1189 2308; baseline 0.004 -16"><span class='ocrx_word' id='word_1_451' title='bbox 248 2263 304 2294; x_wconf 67' lang='lat' dir='ltr'><strong><em>dis.</em></strong></span> <span class='ocrx_word' id='word_1_452' title='bbox 323 2265 365 2293; x_wconf 82' lang='lat' dir='ltr'><strong><em>Ita</em></strong></span> <span class='ocrx_word' id='word_1_453' title='bbox 386 2266 419 2293; x_wconf 85' lang='lat' dir='ltr'><strong><em>A.</em></strong></span> <span class='ocrx_word' id='word_1_454' title='bbox 434 2265 472 2293; x_wconf 86' lang='lat' dir='ltr'><strong><em>M.</em></strong></span> <span class='ocrx_word' id='word_1_455' title='bbox 488 2265 619 2295; x_wconf 80' lang='lat' dir='ltr'><strong><em>Tertium</em></strong></span> <span class='ocrx_word' id='word_1_456' title='bbox 636 2268 803 2306; x_wconf 76' lang='lat' dir='ltr'><strong><em>exemplum</em></strong></span> <span class='ocrx_word' id='word_1_457' title='bbox 825 2278 892 2295; x_wconf 88' lang='lat' dir='ltr'><strong><em>cum</em></strong></span> <span class='ocrx_word' id='word_1_458' title='bbox 914 2268 1081 2296; x_wconf 80' lang='lat' dir='ltr'><strong><em>elocutione</em></strong></span> <span class='ocrx_word' id='word_1_459' title='bbox 1101 2280 1189 2308; x_wconf 83' lang='lat' dir='ltr'><strong><em>prae-</em></strong></span> 
     </span>
     <span class='ocr_line' id='line_1_47' title="bbox 248 2307 1188 2348; baseline 0.005 -13"><span class='ocrx_word' id='word_1_460' title='bbox 248 2307 368 2336; x_wconf 84' lang='lat' dir='ltr'><strong><em>cedente</em></strong></span> <span class='ocrx_word' id='word_1_461' title='bbox 383 2308 471 2346; x_wconf 80' lang='lat' dir='ltr'><strong><em>plane</em></strong></span> <span class='ocrx_word' id='word_1_462' title='bbox 487 2308 568 2337; x_wconf 86' lang='lat' dir='ltr'><strong><em>deest</em></strong></span> <span class='ocrx_word' id='word_1_463' title='bbox 589 2310 668 2348; x_wconf 83' lang='lat' dir='ltr'><strong><em>apud</em></strong></span> <span class='ocrx_word' id='word_1_464' title='bbox 692 2309 722 2339; x_wconf 81' lang='lat' dir='ltr'><strong><em>A.</em></strong></span> <span class='ocrx_word' id='word_1_465' title='bbox 739 2310 775 2338; x_wconf 84' lang='lat' dir='ltr'><strong><em>M.</em></strong></span> <span class='ocrx_word' id='word_1_466' title='bbox 795 2310 889 2337; x_wconf 88' lang='lat' dir='ltr'><strong><em>Locus</em></strong></span> <span class='ocrx_word' id='word_1_467' title='bbox 905 2314 947 2338; x_wconf 87' lang='lat' dir='ltr'><strong><em>est</em></strong></span> <span class='ocrx_word' id='word_1_468' title='bbox 971 2310 1042 2339; x_wconf 85' lang='lat' dir='ltr'><strong><em>Aen.</em></strong></span> <span class='ocrx_word' id='word_1_469' title='bbox 1063 2311 1098 2347; x_wconf 88' lang='lat' dir='ltr'><strong><em>V,</em></strong></span> <span class='ocrx_word' id='word_1_470' title='bbox 1118 2315 1188 2344; x_wconf 85' lang='lat'><strong>699.</strong></span> 
     </span>
     <span class='ocr_line' id='line_1_48' title="bbox 248 2349 1187 2389; baseline 0.004 -11"><span class='ocrx_word' id='word_1_471' title='bbox 248 2349 299 2378; x_wconf 88' lang='lat' dir='ltr'><strong><em>ubi</em></strong></span> <span class='ocrx_word' id='word_1_472' title='bbox 315 2355 371 2379; x_wconf 86' lang='lat' dir='ltr'><strong><em>est:</em></strong></span> <span class='ocrx_word' id='word_1_473' title='bbox 394 2352 534 2379; x_wconf 60' lang='lat' dir='ltr'><strong><em>servatae</em></strong></span> <span class='ocrx_word' id='word_1_474' title='bbox 550 2362 570 2379; x_wconf 81' lang='lat' dir='ltr'><strong><em>a</em></strong></span> <span class='ocrx_word' id='word_1_475' title='bbox 583 2357 665 2389; x_wconf 80' lang='lat' dir='ltr'><strong><em>peste</em></strong></span> <span class='ocrx_word' id='word_1_476' title='bbox 679 2354 809 2380; x_wconf 79' lang='lat' dir='ltr'><strong><em>carinae.</em></strong></span> <span class='ocrx_word' id='word_1_477' title='bbox 838 2368 879 2373; x_wconf 90' lang='lat'>—</span> <span class='ocrx_word' id='word_1_478' title='bbox 906 2353 936 2388; x_wconf 81' lang='grc'><strong><em>3)</em></strong></span> <span class='ocrx_word' id='word_1_479' title='bbox 954 2354 1082 2380; x_wconf 66' lang='lat' dir='ltr'><strong><em>Sei-vans</em></strong></span> <span class='ocrx_word' id='word_1_480' title='bbox 1103 2355 1187 2382; x_wconf 75' lang='lat' dir='ltr'><strong><em>illius</em></strong></span> 
     </span>
    </p>
   </div>
   <div class='ocr_carea' id='block_1_11' title="bbox 250 2392 1187 2433">
    <p class='ocr_par' dir='ltr' id='par_1_15' title="bbox 250 2392 1187 2433">
     <span class='ocr_line' id='line_1_49' title="bbox 250 2392 1187 2433; baseline 0.004 -13"><span class='ocrx_word' id='word_1_481' title='bbox 250 2392 320 2422; x_wconf 86' lang='lat' dir='ltr'><strong><em>cod.</em></strong></span> <span class='ocrx_word' id='word_1_482' title='bbox 348 2393 383 2422; x_wconf 94' lang='lat' dir='ltr'><strong><em>A.</em></strong></span> <span class='ocrx_word' id='word_1_483' title='bbox 403 2393 443 2422; x_wconf 91' lang='lat' dir='ltr'><strong><em>M.</em></strong></span> <span class='ocrx_word' id='word_1_484' title='bbox 471 2392 551 2422; x_wconf 78' lang='lat' dir='ltr'><strong><em>Idem</em></strong></span> <span class='ocrx_word' id='word_1_485' title='bbox 580 2396 621 2424; x_wconf 84' lang='lat' dir='ltr'><strong>II.</strong></span> <span class='ocrx_word' id='word_1_486' title='bbox 638 2395 710 2426; x_wconf 82' lang='grc'><strong>427.</strong></span> <span class='ocrx_word' id='word_1_487' title='bbox 732 2395 765 2423; x_wconf 88' lang='grc' dir='ltr'><strong><em>Α.</em></strong></span> <span class='ocrx_word' id='word_1_488' title='bbox 790 2394 829 2423; x_wconf 85' lang='lat' dir='ltr'><strong><em>M.</em></strong></span> <span class='ocrx_word' id='word_1_489' title='bbox 852 2394 959 2422; x_wconf 79' lang='lat' dir='ltr'><strong><em>Verba:</em></strong></span> <span class='ocrx_word' id='word_1_490' title='bbox 989 2394 1051 2431; x_wconf 75' lang='lat' dir='ltr'><strong><em>Qui</em></strong></span> <span class='ocrx_word' id='word_1_491' title='bbox 1066 2397 1131 2433; x_wconf 76' lang='lat' dir='ltr'><strong><em>suit</em></strong></span> <span class='ocrx_word' id='word_1_492' title='bbox 1155 2398 1187 2424; x_wconf 78' lang='lat' dir='ltr'><strong><em>in</em></strong></span> 
     </span>
    </p>
   </div>
   <div class='ocr_carea' id='block_1_12' title="bbox 1230 1421 2182 2435">
    <p class='ocr_par' dir='ltr' id='par_1_16' title="bbox 1230 1421 2182 2435">
     <span class='ocr_line' id='line_1_50' title="bbox 1237 1421 2182 1464; baseline -0.002 -12"><span class='ocrx_word' id='word_1_493' title='bbox 1237 1423 1361 1452; x_wconf 73' lang='lat' dir='ltr'><strong><em>Teucri-5</em></strong></span> <span class='ocrx_word' id='word_1_494' title='bbox 1384 1423 1485 1452; x_wconf 86' lang='lat' dir='ltr'><strong><em>addidi</em></strong></span> <span class='ocrx_word' id='word_1_495' title='bbox 1505 1434 1520 1452; x_wconf 91' lang='lat' dir='ltr'><strong><em>e</em></strong></span> <span class='ocrx_word' id='word_1_496' title='bbox 1541 1423 1613 1453; x_wconf 84' lang='lat' dir='ltr'><strong><em>cod.</em></strong></span> <span class='ocrx_word' id='word_1_497' title='bbox 1643 1424 1699 1453; x_wconf 87' lang='lat' dir='ltr'><strong><em>Gu.</em></strong></span> <span class='ocrx_word' id='word_1_498' title='bbox 1723 1440 1762 1447; x_wconf 91' lang='lat'><strong><em>—-</em></strong></span> <span class='ocrx_word' id='word_1_499' title='bbox 1792 1421 1824 1464; x_wconf 79' lang='lat'><strong><em>4)</em></strong></span> <span class='ocrx_word' id='word_1_500' title='bbox 1856 1422 1959 1451; x_wconf 85' lang='lat' dir='ltr'><strong><em>Omnis</em></strong></span> <span class='ocrx_word' id='word_1_501' title='bbox 1974 1422 2024 1451; x_wconf 87' lang='grc'><strong>1110</strong></span> <span class='ocrx_word' id='word_1_502' title='bbox 2041 1422 2182 1450; x_wconf 77' lang='lat' dir='ltr'><strong><em>articulus</em></strong></span> 
     </span>
     <span class='ocr_line' id='line_1_51' title="bbox 1233 1464 2181 1504; baseline 0 -11"><span class='ocrx_word' id='word_1_503' title='bbox 1233 1476 1336 1494; x_wconf 85' lang='lat' dir='ltr'><strong><em>recens</em></strong></span> <span class='ocrx_word' id='word_1_504' title='bbox 1352 1467 1474 1494; x_wconf 73' lang='lat' dir='ltr'><strong><em>accessit</em></strong></span> <span class='ocrx_word' id='word_1_505' title='bbox 1495 1477 1509 1494; x_wconf 87' lang='lat' dir='ltr'><strong><em>e</em></strong></span> <span class='ocrx_word' id='word_1_506' title='bbox 1528 1467 1597 1495; x_wconf 88' lang='lat' dir='ltr'><strong><em>Cod.</em></strong></span> <span class='ocrx_word' id='word_1_507' title='bbox 1615 1467 1671 1496; x_wconf 88' lang='lat' dir='ltr'><strong><em>Gu.</em></strong></span> <span class='ocrx_word' id='word_1_508' title='bbox 1688 1467 1766 1504; x_wconf 75' lang='lat' dir='ltr'><strong><em>Virg,</em></strong></span> <span class='ocrx_word' id='word_1_509' title='bbox 1787 1466 1859 1495; x_wconf 76' lang='lat' dir='ltr'><strong><em>Aen.</em></strong></span> <span class='ocrx_word' id='word_1_510' title='bbox 1875 1466 1941 1501; x_wconf 76' lang='grc' dir='ltr'><strong><em>ΧΠ,</em></strong></span> <span class='ocrx_word' id='word_1_511' title='bbox 1965 1466 2037 1498; x_wconf 80' lang='lat'><strong>814.</strong></span> <span class='ocrx_word' id='word_1_512' title='bbox 2054 1465 2087 1493; x_wconf 86' lang='grc'><strong><em>111</em></strong></span> <span class='ocrx_word' id='word_1_513' title='bbox 2111 1464 2181 1493; x_wconf 73' lang='lat' dir='ltr'><strong><em>Cod-</em></strong></span> 
     </span>
     <span class='ocr_line' id='line_1_52' title="bbox 1235 1507 2181 1548; baseline -0.002 -12"><span class='ocrx_word' id='word_1_514' title='bbox 1235 1509 1290 1536; x_wconf 86' lang='lat' dir='ltr'><strong><em>Gu.</em></strong></span> <span class='ocrx_word' id='word_1_515' title='bbox 1317 1509 1468 1537; x_wconf 82' lang='lat' dir='ltr'><strong><em>omittitur</em></strong></span> <span class='ocrx_word' id='word_1_516' title='bbox 1490 1511 1600 1545; x_wconf 71' lang='lat' dir='ltr'><strong><em>Sausi,</em></strong></span> <span class='ocrx_word' id='word_1_517' title='bbox 1631 1510 1805 1548; x_wconf 81' lang='lat' dir='ltr'><strong><em>absorptum</em></strong></span> <span class='ocrx_word' id='word_1_518' title='bbox 1829 1519 1843 1536; x_wconf 84' lang='lat' dir='ltr'><strong><em>a</em></strong></span> <span class='ocrx_word' id='word_1_519' title='bbox 1868 1509 2014 1536; x_wconf 75' lang='lat' dir='ltr'><strong><em>vocabulo</em></strong></span> <span class='ocrx_word' id='word_1_520' title='bbox 2046 1507 2181 1545; x_wconf 81' lang='lat' dir='ltr'><strong><em>proxime</em></strong></span> 
     </span>
     <span class='ocr_line' id='line_1_53' title="bbox 1234 1550 2180 1588; baseline -0.001 -10"><span class='ocrx_word' id='word_1_521' title='bbox 1234 1551 1430 1579; x_wconf 79' lang='lat' dir='ltr'><strong><em>antecedenti.</em></strong></span> <span class='ocrx_word' id='word_1_522' title='bbox 1461 1553 1556 1579; x_wconf 87' lang='lat' dir='ltr'><strong><em>Locus</em></strong></span> <span class='ocrx_word' id='word_1_523' title='bbox 1585 1552 1706 1579; x_wconf 79' lang='lat' dir='ltr'><strong><em>Salustii</em></strong></span> <span class='ocrx_word' id='word_1_524' title='bbox 1729 1557 1772 1580; x_wconf 87' lang='lat' dir='ltr'><strong><em>est</em></strong></span> <span class='ocrx_word' id='word_1_525' title='bbox 1796 1551 1854 1588; x_wconf 79' lang='lat' dir='ltr'><strong><em>lug.</em></strong></span> <span class='ocrx_word' id='word_1_526' title='bbox 1879 1561 1904 1580; x_wconf 91' lang='lat' dir='ltr'><strong><em>c.</em></strong></span> <span class='ocrx_word' id='word_1_527' title='bbox 1934 1553 1983 1582; x_wconf 86' lang='grc'><strong><em>61.</em></strong></span> <span class='ocrx_word' id='word_1_528' title='bbox 2006 1550 2072 1578; x_wconf 85' lang='lat' dir='ltr'><strong><em>edd.</em></strong></span> <span class='ocrx_word' id='word_1_529' title='bbox 2101 1550 2180 1577; x_wconf 81' lang='lat' dir='ltr'><strong><em>Cort.</em></strong></span> 
     </span>
     <span class='ocr_line' id='line_1_54' title="bbox 1235 1592 2181 1632; baseline -0.001 -12"><span class='ocrx_word' id='word_1_530' title='bbox 1235 1594 1314 1621; x_wconf 82' lang='lat' dir='ltr'><strong><em>Gerl.</em></strong></span> <span class='ocrx_word' id='word_1_531' title='bbox 1337 1611 1378 1615; x_wconf 97' lang='lat'>—</span> <span class='ocrx_word' id='word_1_532' title='bbox 1406 1597 1432 1626; x_wconf 87' lang='grc'><strong><em>5)</em></strong></span> <span class='ocrx_word' id='word_1_533' title='bbox 1462 1595 1539 1622; x_wconf 80' lang='lat' dir='ltr'><strong><em>Duae</em></strong></span> <span class='ocrx_word' id='word_1_534' title='bbox 1563 1595 1675 1632; x_wconf 82' lang='lat' dir='ltr'><strong><em>priores</em></strong></span> <span class='ocrx_word' id='word_1_535' title='bbox 1698 1594 1785 1622; x_wconf 89' lang='lat' dir='ltr'><strong><em>huius</em></strong></span> <span class='ocrx_word' id='word_1_536' title='bbox 1807 1593 1924 1621; x_wconf 77' lang='lat' dir='ltr'><strong><em>articuli</em></strong></span> <span class='ocrx_word' id='word_1_537' title='bbox 1947 1592 2092 1621; x_wconf 69' lang='lat' dir='ltr'><strong><em>formulae</em></strong></span> <span class='ocrx_word' id='word_1_538' title='bbox 2113 1601 2181 1620; x_wconf 86' lang='lat' dir='ltr'><strong><em>curu</em></strong></span> 
     </span>
     <span class='ocr_line' id='line_1_55' title="bbox 1234 1633 2180 1674; baseline -0.002 -11"><span class='ocrx_word' id='word_1_539' title='bbox 1234 1636 1375 1673; x_wconf 80' lang='lat' dir='ltr'><strong><em>exemplis</em></strong></span> <span class='ocrx_word' id='word_1_540' title='bbox 1397 1637 1457 1663; x_wconf 82' lang='lat' dir='ltr'><strong><em>suis</em></strong></span> <span class='ocrx_word' id='word_1_541' title='bbox 1477 1637 1584 1664; x_wconf 86' lang='lat' dir='ltr'><strong><em>desunt</em></strong></span> <span class='ocrx_word' id='word_1_542' title='bbox 1601 1637 1631 1664; x_wconf 89' lang='lat' dir='ltr'><strong><em>in</em></strong></span> <span class='ocrx_word' id='word_1_543' title='bbox 1650 1637 1720 1664; x_wconf 85' lang='lat' dir='ltr'><strong><em>Cod.</em></strong></span> <span class='ocrx_word' id='word_1_544' title='bbox 1742 1636 1818 1665; x_wconf 83' lang='lat' dir='ltr'><strong>A.M.</strong></span> <span class='ocrx_word' id='word_1_545' title='bbox 1835 1636 1895 1664; x_wconf 90' lang='lat' dir='ltr'><strong><em>Cic.</em></strong></span> <span class='ocrx_word' id='word_1_546' title='bbox 1913 1646 1968 1674; x_wconf 86' lang='lat' dir='ltr'><strong><em>pro</em></strong></span> <span class='ocrx_word' id='word_1_547' title='bbox 1993 1634 2091 1664; x_wconf 82' lang='lat' dir='ltr'><strong><em>Coelio</em></strong></span> <span class='ocrx_word' id='word_1_548' title='bbox 2110 1645 2135 1662; x_wconf 88' lang='grc'><strong><em>0.</em></strong></span> <span class='ocrx_word' id='word_1_549' title='bbox 2151 1633 2180 1670; x_wconf 87' lang='lat'><strong><em>5,</em></strong></span> 
     </span>
     <span class='ocr_line' id='line_1_56' title="bbox 1233 1677 2181 1715; baseline -0.001 -11"><span class='ocrx_word' id='word_1_550' title='bbox 1233 1682 1281 1708; x_wconf 77' lang='lat'><strong><em>12.</em></strong></span> <span class='ocrx_word' id='word_1_551' title='bbox 1308 1679 1353 1705; x_wconf 88' lang='lat' dir='ltr'><strong><em>ubi</em></strong></span> <span class='ocrx_word' id='word_1_552' title='bbox 1377 1678 1498 1715; x_wconf 73' lang='lat' dir='ltr'><strong><em>legitur:</em></strong></span> <span class='ocrx_word' id='word_1_553' title='bbox 1534 1678 1660 1707; x_wconf 76' lang='lat' dir='ltr'><strong><em>Stialuit</em></strong></span> <span class='ocrx_word' id='word_1_554' title='bbox 1688 1679 1854 1715; x_wconf 70' lang='lat' dir='ltr'><strong><em>Catilinae,</em></strong></span> <span class='ocrx_word' id='word_1_555' title='bbox 1885 1689 1955 1705; x_wconf 79' lang='lat' dir='ltr'><strong><em>cum</em></strong></span> <span class='ocrx_word' id='word_1_556' title='bbox 1977 1679 2040 1705; x_wconf 79' lang='lat' dir='ltr'><strong><em>iam</em></strong></span> <span class='ocrx_word' id='word_1_557' title='bbox 2061 1677 2181 1715; x_wconf 78' lang='lat' dir='ltr'><strong><em>aliquot</em></strong></span> 
     </span>
     <span class='ocr_line' id='line_1_57' title="bbox 1233 1719 2180 1758; baseline -0.001 -11"><span class='ocrx_word' id='word_1_558' title='bbox 1233 1731 1328 1748; x_wconf 72' lang='lat' dir='ltr'><strong><em>amics</em></strong></span> <span class='ocrx_word' id='word_1_559' title='bbox 1344 1726 1416 1747; x_wconf 60' lang='lat' dir='ltr'><strong><em>esset</em></strong></span> <span class='ocrx_word' id='word_1_560' title='bbox 1430 1722 1462 1748; x_wconf 82' lang='lat' dir='ltr'><strong><em>in</em></strong></span> <span class='ocrx_word' id='word_1_561' title='bbox 1475 1722 1559 1757; x_wconf 74' lang='lat' dir='ltr'><strong><em>fort),</em></strong></span> <span class='ocrx_word' id='word_1_562' title='bbox 1580 1722 1707 1749; x_wconf 59' lang='lat' dir='ltr'><strong><em>Coelius.</em></strong></span> <span class='ocrx_word' id='word_1_563' title='bbox 1726 1721 1820 1749; x_wconf 79' lang='lat' dir='ltr'><strong><em>Verba</em></strong></span> <span class='ocrx_word' id='word_1_564' title='bbox 1840 1723 1951 1748; x_wconf 71' lang='lat' dir='ltr'><strong><em>iterum</em></strong></span> <span class='ocrx_word' id='word_1_565' title='bbox 1968 1721 2082 1758; x_wconf 66' lang='lat' dir='ltr'><strong><em>petenti</em></strong></span> <span class='ocrx_word' id='word_1_566' title='bbox 2100 1719 2180 1757; x_wconf 76' lang='lat' dir='ltr'><strong><em>apud</em></strong></span> 
     </span>
     <span class='ocr_line' id='line_1_58' title="bbox 1234 1760 2179 1801; baseline -0.002 -11"><span class='ocrx_word' id='word_1_567' title='bbox 1234 1764 1293 1790; x_wconf 71' lang='lat' dir='ltr'><strong>Cic..</strong></span> <span class='ocrx_word' id='word_1_568' title='bbox 1317 1763 1528 1793; x_wconf 78' lang='lat' dir='ltr'><strong><em>desiderantur.</em></strong></span> <span class='ocrx_word' id='word_1_569' title='bbox 1553 1764 1612 1793; x_wconf 77' lang='lat' dir='ltr'><strong>Sal.</strong></span> <span class='ocrx_word' id='word_1_570' title='bbox 1631 1765 1695 1793; x_wconf 75' lang='lat' dir='ltr'><strong>Cal.</strong></span> <span class='ocrx_word' id='word_1_571' title='bbox 1708 1764 1804 1793; x_wconf 80' lang='lat' dir='ltr'><strong><em>initio.</em></strong></span> <span class='ocrx_word' id='word_1_572' title='bbox 1821 1779 1860 1783; x_wconf 88' lang='lat'>—</span> <span class='ocrx_word' id='word_1_573' title='bbox 1883 1760 1912 1801; x_wconf 83' lang='lat'><strong><em>6)</em></strong></span> <span class='ocrx_word' id='word_1_574' title='bbox 1938 1763 2064 1800; x_wconf 65' lang='lat' dir='ltr'><strong><em>Clazpro</em></strong></span> <span class='ocrx_word' id='word_1_575' title='bbox 2079 1761 2179 1789; x_wconf 71' lang='lat' dir='ltr'><strong><em>Scutt-</em></strong></span> 
     </span>
     <span class='ocr_line' id='line_1_59' title="bbox 1233 1804 2180 1844; baseline -0.001 -12"><span class='ocrx_word' id='word_1_576' title='bbox 1233 1816 1265 1832; x_wconf 80' lang='lat' dir='ltr'><strong><em>ro</em></strong></span> <span class='ocrx_word' id='word_1_577' title='bbox 1286 1807 1358 1836; x_wconf 71' lang='lat'><strong>905.</strong></span> <span class='ocrx_word' id='word_1_578' title='bbox 1379 1808 1411 1832; x_wconf 78' lang='lat' dir='ltr'><strong><em>A.</em></strong></span> <span class='ocrx_word' id='word_1_579' title='bbox 1439 1806 1476 1833; x_wconf 83' lang='lat' dir='ltr'><strong><em>M.</em></strong></span> <span class='ocrx_word' id='word_1_580' title='bbox 1494 1806 1637 1843; x_wconf 79' lang='lat' dir='ltr'><strong><em>Fragmm.</em></strong></span> <span class='ocrx_word' id='word_1_581' title='bbox 1662 1811 1734 1834; x_wconf 80' lang='lat' dir='ltr'><strong><em>orat.</em></strong></span> <span class='ocrx_word' id='word_1_582' title='bbox 1753 1816 1807 1844; x_wconf 85' lang='lat' dir='ltr'><strong><em>pro</em></strong></span> <span class='ocrx_word' id='word_1_583' title='bbox 1823 1806 1869 1833; x_wconf 88' lang='lat' dir='ltr'><strong><em>Sc.</em></strong></span> <span class='ocrx_word' id='word_1_584' title='bbox 1891 1808 1919 1836; x_wconf 89' lang='lat'><strong><em>4.</em></strong></span> <span class='ocrx_word' id='word_1_585' title='bbox 1939 1815 1965 1834; x_wconf 82' lang='lat' dir='ltr'><strong><em>e.</em></strong></span> <span class='ocrx_word' id='word_1_586' title='bbox 1984 1804 2076 1833; x_wconf 83' lang='lat' dir='ltr'><strong>Nobb.</strong></span> <span class='ocrx_word' id='word_1_587' title='bbox 2093 1804 2180 1832; x_wconf 77' lang='lat' dir='ltr'><strong><em>Beti-</em></strong></span> 
     </span>
     <span class='ocr_line' id='line_1_60' title="bbox 1233 1846 2179 1885; baseline 0 -11"><span class='ocrx_word' id='word_1_588' title='bbox 1233 1858 1299 1874; x_wconf 76' lang='lat' dir='ltr'><strong><em>nere</em></strong></span> <span class='ocrx_word' id='word_1_589' title='bbox 1316 1847 1385 1875; x_wconf 85' lang='lat' dir='ltr'><strong><em>Cod.</em></strong></span> <span class='ocrx_word' id='word_1_590' title='bbox 1413 1847 1445 1876; x_wconf 87' lang='lat' dir='ltr'><strong><em>A.</em></strong></span> <span class='ocrx_word' id='word_1_591' title='bbox 1469 1848 1508 1875; x_wconf 84' lang='lat' dir='ltr'><strong><em>M.</em></strong></span> <span class='ocrx_word' id='word_1_592' title='bbox 1529 1849 1579 1876; x_wconf 89' lang='lat' dir='ltr'><strong><em>sed</em></strong></span> <span class='ocrx_word' id='word_1_593' title='bbox 1599 1849 1752 1876; x_wconf 76' lang='lat' dir='ltr'><strong><em>retineret</em></strong></span> <span class='ocrx_word' id='word_1_594' title='bbox 1778 1847 1849 1877; x_wconf 84' lang='lat' dir='ltr'><strong><em>cod.</em></strong></span> <span class='ocrx_word' id='word_1_595' title='bbox 1869 1847 1925 1876; x_wconf 87' lang='lat' dir='ltr'><strong><em>Gu.</em></strong></span> <span class='ocrx_word' id='word_1_596' title='bbox 1952 1851 1984 1875; x_wconf 85' lang='lat' dir='ltr'><strong><em>ut</em></strong></span> <span class='ocrx_word' id='word_1_597' title='bbox 2004 1847 2086 1885; x_wconf 84' lang='lat' dir='ltr'><strong><em>prius</em></strong></span> <span class='ocrx_word' id='word_1_598' title='bbox 2110 1846 2179 1874; x_wconf 87' lang='lat' dir='ltr'><strong><em>ede-</em></strong></span> 
     </span>
     <span class='ocr_line' id='line_1_61' title="bbox 1233 1890 2180 1929; baseline -0.001 -12"><span class='ocrx_word' id='word_1_599' title='bbox 1233 1890 1321 1918; x_wconf 81' lang='lat' dir='ltr'><strong><em>batur</em></strong></span> <span class='ocrx_word' id='word_1_600' title='bbox 1345 1890 1374 1917; x_wconf 88' lang='lat' dir='ltr'><strong><em>in</em></strong></span> <span class='ocrx_word' id='word_1_601' title='bbox 1397 1890 1531 1927; x_wconf 78' lang='lat' dir='ltr'><strong><em>fragium.</em></strong></span> <span class='ocrx_word' id='word_1_602' title='bbox 1554 1890 1664 1919; x_wconf 84' lang='lat' dir='ltr'><strong><em>Verba:</em></strong></span> <span class='ocrx_word' id='word_1_603' title='bbox 1690 1891 1825 1929; x_wconf 73' lang='lat' dir='ltr'><strong><em>generis,</em></strong></span> <span class='ocrx_word' id='word_1_604' title='bbox 1850 1890 2018 1927; x_wconf 75' lang='lat' dir='ltr'><strong><em>ficmiliae,</em></strong></span> <span class='ocrx_word' id='word_1_605' title='bbox 2047 1890 2180 1917; x_wconf 76' lang='lat' dir='ltr'><strong><em>nominis</em></strong></span> 
     </span>
     <span class='ocr_line' id='line_1_62' title="bbox 1234 1932 2179 1970; baseline 0 -11"><span class='ocrx_word' id='word_1_606' title='bbox 1234 1932 1428 1970; x_wconf 70' lang='lat' dir='ltr'><strong><em>dignitatem,</em></strong></span> <span class='ocrx_word' id='word_1_607' title='bbox 1452 1942 1467 1961; x_wconf 88' lang='lat' dir='ltr'><strong><em>e</em></strong></span> <span class='ocrx_word' id='word_1_608' title='bbox 1491 1932 1562 1961; x_wconf 89' lang='lat' dir='ltr'><strong><em>Cod.</em></strong></span> <span class='ocrx_word' id='word_1_609' title='bbox 1590 1933 1645 1963; x_wconf 78' lang='lat' dir='ltr'><strong><em>Gu.</em></strong></span> <span class='ocrx_word' id='word_1_610' title='bbox 1666 1943 1768 1961; x_wconf 85' lang='lat' dir='ltr'><strong><em>recens</em></strong></span> <span class='ocrx_word' id='word_1_611' title='bbox 1789 1932 1943 1960; x_wconf 82' lang='lat' dir='ltr'><strong><em>accedunt.</em></strong></span> <span class='ocrx_word' id='word_1_612' title='bbox 1976 1933 2070 1967; x_wconf 84' lang='lat' dir='ltr'><strong><em>Quam</em></strong></span> <span class='ocrx_word' id='word_1_613' title='bbox 2091 1932 2179 1959; x_wconf 78' lang='lat' dir='ltr'><strong><em>inane</em></strong></span> 
     </span>
     <span class='ocr_line' id='line_1_63' title="bbox 1234 1974 2177 2013; baseline -0.001 -10"><span class='ocrx_word' id='word_1_614' title='bbox 1234 1975 1395 2012; x_wconf 77' lang='lat' dir='ltr'><strong><em>fragmenta</em></strong></span> <span class='ocrx_word' id='word_1_615' title='bbox 1418 1974 1587 2013; x_wconf 85' lang='lat' dir='ltr'><strong><em>complendi</em></strong></span> <span class='ocrx_word' id='word_1_616' title='bbox 1611 1980 1640 2003; x_wconf 84' lang='lat' dir='ltr'><strong><em>et</em></strong></span> <span class='ocrx_word' id='word_1_617' title='bbox 1663 1975 1884 2013; x_wconf 74' lang='lat' dir='ltr'><strong><em>coagmentandi</em></strong></span> <span class='ocrx_word' id='word_1_618' title='bbox 1905 1974 2037 2002; x_wconf 85' lang='lat' dir='ltr'><strong><em>studium</em></strong></span> <span class='ocrx_word' id='word_1_619' title='bbox 2064 1974 2177 2011; x_wconf 52' lang='lat' dir='ltr'><strong><em>sitfex</em></strong></span> 
     </span>
     <span class='ocr_line' id='line_1_64' title="bbox 1232 2016 2176 2055; baseline 0 -11"><span class='ocrx_word' id='word_1_620' title='bbox 1232 2017 1289 2045; x_wconf 90' lang='lat' dir='ltr'><strong><em>hoc</em></strong></span> <span class='ocrx_word' id='word_1_621' title='bbox 1308 2017 1373 2045; x_wconf 88' lang='grc'><strong>1000</strong></span> <span class='ocrx_word' id='word_1_622' title='bbox 1388 2017 1574 2055; x_wconf 81' lang='lat' dir='ltr'><strong><em>intelligitur.</em></strong></span> <span class='ocrx_word' id='word_1_623' title='bbox 1601 2034 1644 2039; x_wconf 86' lang='lat'>-</span> <span class='ocrx_word' id='word_1_624' title='bbox 1664 2017 1694 2055; x_wconf 83' lang='lat'><strong><em>7)</em></strong></span> <span class='ocrx_word' id='word_1_625' title='bbox 1723 2019 1787 2047; x_wconf 76' lang='lat' dir='ltr'><strong><em>Ter.</em></strong></span> <span class='ocrx_word' id='word_1_626' title='bbox 1810 2018 1923 2047; x_wconf 75' lang='lat' dir='ltr'><strong><em>Heaat,</em></strong></span> <span class='ocrx_word' id='word_1_627' title='bbox 1940 2020 1967 2049; x_wconf 79' lang='grc'><strong><em>2.</em></strong></span> <span class='ocrx_word' id='word_1_628' title='bbox 1988 2020 2017 2048; x_wconf 88' lang='grc'><strong><em>4.</em></strong></span> <span class='ocrx_word' id='word_1_629' title='bbox 2033 2019 2062 2047; x_wconf 82' lang='grc'><strong><em>2.</em></strong></span> <span class='ocrx_word' id='word_1_630' title='bbox 2079 2016 2112 2044; x_wconf 90' lang='lat' dir='ltr'><strong>A.</strong></span> <span class='ocrx_word' id='word_1_631' title='bbox 2137 2016 2176 2045; x_wconf 91' lang='lat' dir='ltr'><strong><em>M.</em></strong></span> 
     </span>
     <span class='ocr_line' id='line_1_65' title="bbox 1234 2057 2177 2096; baseline -0.002 -8"><span class='ocrx_word' id='word_1_632' title='bbox 1234 2059 1345 2088; x_wconf 84' lang='lat' dir='ltr'><strong><em>Verba:</em></strong></span> <span class='ocrx_word' id='word_1_633' title='bbox 1369 2061 1421 2087; x_wconf 74' lang='lat' dir='ltr'><strong><em>isli</em></strong></span> <span class='ocrx_word' id='word_1_634' title='bbox 1439 2060 1559 2095; x_wconf 79' lang='lat' dir='ltr'><strong><em>formae</em></strong></span> <span class='ocrx_word' id='word_1_635' title='bbox 1582 2065 1616 2087; x_wconf 79' lang='lat' dir='ltr'><strong><em>ut</em></strong></span> <span class='ocrx_word' id='word_1_636' title='bbox 1634 2070 1728 2087; x_wconf 76' lang='lat' dir='ltr'><strong><em>mores</em></strong></span> <span class='ocrx_word' id='word_1_637' title='bbox 1743 2060 1911 2088; x_wconf 63' lang='lat' dir='ltr'><strong><em>consimiles</em></strong></span> <span class='ocrx_word' id='word_1_638' title='bbox 1926 2061 2028 2096; x_wconf 72' lang='lat' dir='ltr'><strong><em>sot-ent</em></strong></span> <span class='ocrx_word' id='word_1_639' title='bbox 2043 2057 2142 2087; x_wconf 80' lang='lat' dir='ltr'><strong><em>addidi</em></strong></span> <span class='ocrx_word' id='word_1_640' title='bbox 2161 2068 2177 2086; x_wconf 84' lang='lat' dir='ltr'><strong><em>e</em></strong></span> 
     </span>
     <span class='ocr_line' id='line_1_66' title="bbox 1234 2101 2176 2140; baseline -0.001 -11"><span class='ocrx_word' id='word_1_641' title='bbox 1234 2102 1306 2130; x_wconf 90' lang='lat' dir='ltr'><strong><em>Cod.</em></strong></span> <span class='ocrx_word' id='word_1_642' title='bbox 1326 2102 1380 2130; x_wconf 91' lang='grc'><strong>611.</strong></span> <span class='ocrx_word' id='word_1_643' title='bbox 1400 2101 1451 2130; x_wconf 86' lang='grc'><strong>11111</strong></span> <span class='ocrx_word' id='word_1_644' title='bbox 1472 2106 1569 2130; x_wconf 79' lang='lat' dir='ltr'><strong><em>tamen</em></strong></span> <span class='ocrx_word' id='word_1_645' title='bbox 1589 2102 1697 2140; x_wconf 85' lang='lat' dir='ltr'><strong><em>legitur</em></strong></span> <span class='ocrx_word' id='word_1_646' title='bbox 1720 2104 1755 2130; x_wconf 76' lang='lat' dir='ltr'><strong><em>is</em></strong></span> <span class='ocrx_word' id='word_1_647' title='bbox 1777 2104 1905 2138; x_wconf 83' lang='lat' dir='ltr'><strong><em>formae.</em></strong></span> <span class='ocrx_word' id='word_1_648' title='bbox 1933 2102 2008 2130; x_wconf 87' lang='lat' dir='ltr'><strong><em>Tum</em></strong></span> <span class='ocrx_word' id='word_1_649' title='bbox 2036 2101 2118 2139; x_wconf 81' lang='lat' dir='ltr'><strong><em>prior</em></strong></span> <span class='ocrx_word' id='word_1_650' title='bbox 2138 2110 2176 2128; x_wconf 81' lang='lat' dir='ltr'><strong><em>ex</em></strong></span> 
     </span>
     <span class='ocr_line' id='line_1_67' title="bbox 1232 2143 2176 2183; baseline -0.002 -11"><span class='ocrx_word' id='word_1_651' title='bbox 1232 2144 1347 2183; x_wconf 82' lang='lat' dir='ltr'><strong><em>Hecyra</em></strong></span> <span class='ocrx_word' id='word_1_652' title='bbox 1369 2144 1466 2181; x_wconf 82' lang='lat' dir='ltr'><strong><em>locus,</em></strong></span> <span class='ocrx_word' id='word_1_653' title='bbox 1497 2145 1547 2183; x_wconf 89' lang='lat' dir='ltr'><strong><em>qui</em></strong></span> <span class='ocrx_word' id='word_1_654' title='bbox 1570 2144 1678 2182; x_wconf 84' lang='lat' dir='ltr'><strong><em>legitur</em></strong></span> <span class='ocrx_word' id='word_1_655' title='bbox 1704 2145 1776 2177; x_wconf 79' lang='lat' dir='ltr'><strong><em>Hec,</em></strong></span> <span class='ocrx_word' id='word_1_656' title='bbox 1798 2145 1841 2181; x_wconf 87' lang='lat'><strong><em>11,</em></strong></span> <span class='ocrx_word' id='word_1_657' title='bbox 1865 2148 1896 2181; x_wconf 88' lang='lat'><strong><em>1,</em></strong></span> <span class='ocrx_word' id='word_1_658' title='bbox 1915 2147 1960 2181; x_wconf 78' lang='grc'><strong><em>2.,</em></strong></span> <span class='ocrx_word' id='word_1_659' title='bbox 1991 2143 2176 2172; x_wconf 85' lang='lat' dir='ltr'><strong><em>desideratur</em></strong></span> 
     </span>
     <span class='ocr_line' id='line_1_68' title="bbox 1233 2186 2175 2225; baseline -0.003 -10"><span class='ocrx_word' id='word_1_660' title='bbox 1233 2188 1312 2225; x_wconf 81' lang='lat' dir='ltr'><strong><em>apud</em></strong></span> <span class='ocrx_word' id='word_1_661' title='bbox 1327 2187 1359 2216; x_wconf 88' lang='lat' dir='ltr'><strong><em>A.</em></strong></span> <span class='ocrx_word' id='word_1_662' title='bbox 1376 2187 1412 2215; x_wconf 53' lang='lat' dir='ltr'><strong><em>M,</em></strong></span> <span class='ocrx_word' id='word_1_663' title='bbox 1431 2187 1516 2225; x_wconf 79' lang='lat' dir='ltr'><strong><em>Apud</em></strong></span> <span class='ocrx_word' id='word_1_664' title='bbox 1530 2187 1594 2215; x_wconf 88' lang='lat' dir='ltr'><strong><em>Ter.</em></strong></span> <span class='ocrx_word' id='word_1_665' title='bbox 1609 2192 1652 2215; x_wconf 90' lang='lat' dir='ltr'><strong><em>est</em></strong></span> <span class='ocrx_word' id='word_1_666' title='bbox 1669 2187 1771 2215; x_wconf 73' lang='lat' dir='ltr'><strong><em>eadem.</em></strong></span> <span class='ocrx_word' id='word_1_667' title='bbox 1792 2198 1894 2225; x_wconf 80' lang='lat' dir='ltr'><strong><em>aeque.</em></strong></span> <span class='ocrx_word' id='word_1_668' title='bbox 1920 2188 2002 2215; x_wconf 82' lang='lat' dir='ltr'><strong><em>Alter</em></strong></span> <span class='ocrx_word' id='word_1_669' title='bbox 2024 2186 2107 2214; x_wconf 75' lang='lat' dir='ltr'><strong><em>locus</em></strong></span> <span class='ocrx_word' id='word_1_670' title='bbox 2129 2189 2175 2213; x_wconf 85' lang='lat' dir='ltr'><strong><em>est</em></strong></span> 
     </span>
     <span class='ocr_line' id='line_1_69' title="bbox 1233 2227 2172 2267; baseline -0.004 -10"><span class='ocrx_word' id='word_1_671' title='bbox 1233 2229 1325 2267; x_wconf 85' lang='lat' dir='ltr'><strong><em>Hecy.</em></strong></span> <span class='ocrx_word' id='word_1_672' title='bbox 1343 2233 1371 2261; x_wconf 81' lang='grc'><strong><em>2.</em></strong></span> <span class='ocrx_word' id='word_1_673' title='bbox 1386 2232 1413 2260; x_wconf 81' lang='lat'><strong><em>2.</em></strong></span> <span class='ocrx_word' id='word_1_674' title='bbox 1430 2232 1481 2260; x_wconf 78' lang='grc'><strong><em>20.</em></strong></span> <span class='ocrx_word' id='word_1_675' title='bbox 1494 2229 1643 2258; x_wconf 83' lang='lat' dir='ltr'><strong><em>indicante</em></strong></span> <span class='ocrx_word' id='word_1_676' title='bbox 1660 2230 1756 2267; x_wconf 79' lang='lat' dir='ltr'><strong><em>Maio,</em></strong></span> <span class='ocrx_word' id='word_1_677' title='bbox 1778 2230 1829 2258; x_wconf 91' lang='lat' dir='ltr'><strong><em>ubi</em></strong></span> <span class='ocrx_word' id='word_1_678' title='bbox 1844 2229 1977 2258; x_wconf 81' lang='lat' dir='ltr'><strong><em>Editores</em></strong></span> <span class='ocrx_word' id='word_1_679' title='bbox 1993 2227 2125 2267; x_wconf 83' lang='lat' dir='ltr'><strong><em>plerique</em></strong></span> <span class='ocrx_word' id='word_1_680' title='bbox 2138 2231 2172 2254; x_wconf 77' lang='grc' dir='ltr'><strong><em>ιιι</em></strong></span> 
     </span>
     <span class='ocr_line' id='line_1_70' title="bbox 1231 2269 2169 2310; baseline 0 -12"><span class='ocrx_word' id='word_1_681' title='bbox 1231 2271 1345 2308; x_wconf 71' lang='lat' dir='ltr'><strong><em>redeat,</em></strong></span> <span class='ocrx_word' id='word_1_682' title='bbox 1369 2271 1419 2299; x_wconf 92' lang='lat' dir='ltr'><strong><em>sed</em></strong></span> <span class='ocrx_word' id='word_1_683' title='bbox 1437 2271 1529 2300; x_wconf 88' lang='lat' dir='ltr'><strong><em>codd.</em></strong></span> <span class='ocrx_word' id='word_1_684' title='bbox 1546 2272 1640 2300; x_wconf 84' lang='lat' dir='ltr'><strong><em>Bentl.</em></strong></span> <span class='ocrx_word' id='word_1_685' title='bbox 1660 2272 1730 2300; x_wconf 78' lang='lat' dir='ltr'><strong><em>lzuc</em></strong></span> <span class='ocrx_word' id='word_1_686' title='bbox 1745 2271 1854 2300; x_wconf 83' lang='lat' dir='ltr'><strong><em>redeat.</em></strong></span> <span class='ocrx_word' id='word_1_687' title='bbox 1877 2289 1914 2295; x_wconf 90' lang='lat'><strong><em>--</em></strong></span> <span class='ocrx_word' id='word_1_688' title='bbox 1940 2269 1968 2310; x_wconf 90' lang='lat'><strong><em>8)</em></strong></span> <span class='ocrx_word' id='word_1_689' title='bbox 1996 2271 2080 2308; x_wconf 67' lang='lat' dir='ltr'><strong><em>Vitg.</em></strong></span> <span class='ocrx_word' id='word_1_690' title='bbox 2095 2269 2169 2297; x_wconf 79' lang='lat' dir='ltr'><strong><em>Aen.</em></strong></span> 
     </span>
     <span class='ocr_line' id='line_1_71' title="bbox 1235 2309 2170 2353; baseline -0.007 -10"><span class='ocrx_word' id='word_1_691' title='bbox 1235 2315 1339 2344; x_wconf 83' lang='lat' dir='ltr'><em>VIIII.</em></span> <span class='ocrx_word' id='word_1_692' title='bbox 1374 2316 1423 2345; x_wconf 86' lang='lat'><strong><em>61.</em></strong></span> <span class='ocrx_word' id='word_1_693' title='bbox 1452 2313 1486 2342; x_wconf 84' lang='lat' dir='ltr'><strong><em>A.</em></strong></span> <span class='ocrx_word' id='word_1_694' title='bbox 1507 2314 1546 2343; x_wconf 90' lang='grc' dir='ltr'><strong><em>Μ.</em></strong></span> <span class='ocrx_word' id='word_1_695' title='bbox 1573 2314 1682 2343; x_wconf 87' lang='lat' dir='ltr'><strong><em>Verba:</em></strong></span> <span class='ocrx_word' id='word_1_696' title='bbox 1709 2314 1745 2342; x_wconf 78' lang='lat' dir='ltr'><strong><em>id</em></strong></span> <span class='ocrx_word' id='word_1_697' title='bbox 1765 2320 1807 2342; x_wconf 79' lang='lat' dir='ltr'><strong><em>est</em></strong></span> <span class='ocrx_word' id='word_1_698' title='bbox 1820 2314 1897 2353; x_wconf 79' lang='lat' dir='ltr'><strong><em>plus</em></strong></span> <span class='ocrx_word' id='word_1_699' title='bbox 1922 2312 2022 2341; x_wconf 75' lang='lat' dir='ltr'><strong><em>media</em></strong></span> <span class='ocrx_word' id='word_1_700' title='bbox 2041 2309 2132 2339; x_wconf 83' lang='lat' dir='ltr'><strong><em>adieci</em></strong></span> <span class='ocrx_word' id='word_1_701' title='bbox 2153 2318 2170 2336; x_wconf 83' lang='grc'><strong><em>0</em></strong></span> 
     </span>
     <span class='ocr_line' id='line_1_72' title="bbox 1231 2350 2168 2396; baseline -0.002 -12"><span class='ocrx_word' id='word_1_702' title='bbox 1231 2356 1302 2384; x_wconf 85' lang='lat' dir='ltr'><strong><em>Cod.</em></strong></span> <span class='ocrx_word' id='word_1_703' title='bbox 1323 2356 1379 2385; x_wconf 85' lang='lat' dir='ltr'><strong><em>Gu.</em></strong></span> <span class='ocrx_word' id='word_1_704' title='bbox 1401 2372 1443 2377; x_wconf 97' lang='lat'><strong>—</strong></span> <span class='ocrx_word' id='word_1_705' title='bbox 1464 2354 1496 2396; x_wconf 89' lang='lat'><strong><em>9)</em></strong></span> <span class='ocrx_word' id='word_1_706' title='bbox 1521 2355 1559 2385; x_wconf 81' lang='lat' dir='ltr'><strong><em>Id</em></strong></span> <span class='ocrx_word' id='word_1_707' title='bbox 1573 2363 1615 2385; x_wconf 71' lang='lat' dir='ltr'><strong><em>est</em></strong></span> <span class='ocrx_word' id='word_1_708' title='bbox 1636 2356 1672 2385; x_wconf 83' lang='lat' dir='ltr'><strong><em>de</em></strong></span> <span class='ocrx_word' id='word_1_709' title='bbox 1685 2357 1735 2385; x_wconf 76' lang='lat' dir='ltr'><strong><em>liis</em></strong></span> <span class='ocrx_word' id='word_1_710' title='bbox 1759 2357 1828 2387; x_wconf 88' lang='lat' dir='ltr'><strong><em>Cod.</em></strong></span> <span class='ocrx_word' id='word_1_711' title='bbox 1850 2357 1885 2385; x_wconf 87' lang='lat' dir='ltr'><strong><em>A.</em></strong></span> <span class='ocrx_word' id='word_1_712' title='bbox 1900 2355 1938 2384; x_wconf 87' lang='grc' dir='ltr'><strong><em>Μ.</em></strong></span> <span class='ocrx_word' id='word_1_713' title='bbox 1954 2353 2036 2383; x_wconf 78' lang='lat' dir='ltr'><strong><em>Idem</em></strong></span> <span class='ocrx_word' id='word_1_714' title='bbox 2051 2350 2077 2380; x_wconf 85' lang='lat' dir='ltr'><strong><em>I.</em></strong></span> <span class='ocrx_word' id='word_1_715' title='bbox 2098 2352 2168 2382; x_wconf 87' lang='lat'><strong>750·</strong></span> 
     </span>
     <span class='ocr_line' id='line_1_73' title="bbox 1230 2393 2169 2435; baseline -0.006 -9"><span class='ocrx_word' id='word_1_716' title='bbox 1230 2399 1266 2427; x_wconf 89' lang='lat' dir='ltr'><strong><em>A.</em></strong></span> <span class='ocrx_word' id='word_1_717' title='bbox 1286 2398 1326 2428; x_wconf 86' lang='lat' dir='ltr'><strong><em>M.</em></strong></span> <span class='ocrx_word' id='word_1_718' title='bbox 1349 2397 1431 2427; x_wconf 75' lang='lat' dir='ltr'><strong><em>Idem</em></strong></span> <span class='ocrx_word' id='word_1_719' title='bbox 1454 2401 1530 2428; x_wconf 80' lang='lat' dir='ltr'><strong><em>Aen.</em></strong></span> <span class='ocrx_word' id='word_1_720' title='bbox 1553 2399 1608 2432; x_wconf 88' lang='lat' dir='ltr'><strong><em>IV.</em></strong></span> <span class='ocrx_word' id='word_1_721' title='bbox 1631 2399 1704 2430; x_wconf 84' lang='lat' dir='ltr'><strong><em>cod.</em></strong></span> <span class='ocrx_word' id='word_1_722' title='bbox 1727 2400 1783 2428; x_wconf 87' lang='lat' dir='ltr'><strong><em>Gu.</em></strong></span> <span class='ocrx_word' id='word_1_723' title='bbox 1805 2398 1918 2428; x_wconf 61' lang='lat' dir='ltr'><strong><em>Verba:</em></strong></span> <span class='ocrx_word' id='word_1_724' title='bbox 1939 2405 2028 2435; x_wconf 75' lang='lat' dir='ltr'><strong><em>super</em></strong></span> <span class='ocrx_word' id='word_1_725' title='bbox 2041 2393 2169 2422; x_wconf 77' lang='lat' dir='ltr'><strong><em>Ilectore</em></strong></span> 
     </span>
    </p>
   </div>
  </div>
 </body>
</html>
