2263 2668
213 152 290 186 433
643 146 989 181 COMMENTARII
1014 145 1063 178 ΙΝ
1088 145 1232 180 PAULI
1259 146 1456 181 DlACONl
1482 147 1738 181 EXCERPTA

216 245 296 286 Quid
320 244 374 274 Ino
400 241 505 272 Cadmi
516 239 617 280 filia?
639 239 743 267 Nonne
767 237 933 266 Leucothea
957 238 1109 266 nominata
1131 250 1150 267 a
1175 237 1312 276 Graecis,
1335 239 1454 267 Matuta
1476 238 1599 267 habetur
1621 251 1639 267 α
1663 238 1795 269 nostr-is?
1818 239 1843 268 A
1865 251 1969 270 manus
1991 242 2077 271 etiam
2101 254 2167 272 ma-

213 298 310 324 sur-us,
335 285 418 325 quasi
443 294 590 311 manui-us.
616 282 674 309 Etsi
700 281 819 318 quidam
844 291 859 307 a
882 278 992 307 mando
1017 282 1101 317 quasi
1124 281 1293 310 mandaras.
1319 281 1406 311 Dac.
1443 282 1485 309 Cf.
1510 282 1636 310 Nonium
1659 282 1689 310 in
1712 282 1801 310 M'ane
1823 282 1901 322 (pag.
1915 285 1965 313 66.
1989 284 2102 324 Mero),
2133 285 2168 315 A

215 331 273 360 diis
295 327 436 358 manibus.
468 326 540 352 Vide
564 325 592 352 in
617 333 647 352 V.
671 323 775 351 Manes
798 321 851 350 dii.
885 321 987 349 ᾹῙαηα.
1015 323 1120 351 Mania.
1144 323 1242 352 Blater
1265 331 1385 352 matuta.
1422 324 1454 352 V.
1478 325 1606 352 Nonium
1629 325 1659 353 in
1682 325 1815 353 Manum.
1841 324 1883 364 (p.
1897 327 1946 356 66.
1969 326 2030 366 M.).
2063 326 2168 356 Goth„

377 368 590 396 Matronas.
632 366 731 393 Stolae
754 375 824 393 usus
849 366 992 392 matronis
1016 369 1145 403 tantum,
1168 366 1198 394 id
1219 371 1277 402 est,
1301 365 1419 404 pudicis
1444 372 1471 394 et
1494 366 1625 396 honestis
1648 367 1822 396 mulieribus
1845 377 2016 405 concessus3
2042 370 2111 407 quia
2134 381 2168 399 ea

214 413 392 444 honestioris
416 414 479 439 erat
502 409 609 438 cultus,
648 408 790 436 Fumosae
816 417 886 435 vero
910 406 1049 436 mulieres
1073 418 1132 437 non
1155 409 1278 437 stolatae
1302 409 1355 437 sed
1377 413 1490 446 togatae
1513 410 1677 448 procedere
1700 410 1893 448 cogebantur.
1934 410 2020 440 Unde
2043 411 2167 441 Martial,

216 458 270 495 (11,
292 455 370 493 39-)=

795 491 851 520 Vis
874 490 944 520 dare
966 503 1040 531 quae
1061 494 1165 521 meruit
1189 504 1325 529 munera,
1361 493 1442 521 mitte
1463 500 1570 533 togam.

215 541 302 569 Dac.
345 537 419 566 Fere.
458 536 556 564 Forte.
599 533 712 574 Quibus
741 533 833 563 stolas
861 533 988 562 habendi
1015 536 1060 564 ius
1082 543 1152 564 erat.
1192 536 1258 564 Vid.
1282 536 1299 565 l.
1327 535 1421 564 Vestis
1442 538 1491 567 23.
1514 538 1537 573 §.
1562 536 1735 566 vestimenta
1752 539 1782 568 2.
1806 546 1867 566 ver.
1890 537 2057 568 muliebria.
2079 537 2110 566 ff.
2133 537 2170 567 de

215 593 297 612 auro.
323 581 382 609 Cic.
402 579 529 617 Philipp.
554 577 608 614 (ll,
635 579 708 613 18.):
735 575 799 606 Cilo
818 575 904 605 Curio
927 577 1094 615 intervenit,
1117 579 1169 618 qui
1191 585 1217 607 ie
1238 590 1257 607 α
1279 578 1439 607 meretricio
1463 586 1583 618 quaestu
1603 578 1750 617 abduxit,
1776 587 1801 608 et
1824 587 1965 620 tanquam
1987 579 2095 610 stolam
2117 578 2170 609 ἄε-

215 624 321 660 disset,
349 624 379 651 in
402 621 588 650 matrimonio
613 627 690 648 certo
717 618 884 648 collocavit.
932 617 1029 648 Goth

382 661 704 703 Materfamiliae.
750 661 834 697 Quae
856 661 905 689 hic
927 661 1016 690 habet
1032 663 1152 700 Festus,
1177 674 1209 692 ea
1232 663 1341 701 partim
1364 672 1449 700 vera,
1473 663 1585 701 partim
1608 663 1680 692 falsa
1703 668 1783 693 sunt.
1818 664 1928 693 Verum
1951 669 2012 701 est,
2034 669 2171 694 matrem-

216 709 341 738 familias
366 717 424 736 non
450 711 534 733 antea
560 705 670 733 dictam
694 714 782 742 quam
805 704 852 732 vir
875 705 937 732 eius
960 706 1181 743 paterfamilias.
1224 707 1297 734 Nam
1321 706 1544 734 materfamilias
1568 707 1689 745 proprie
1712 712 1745 735 ut
1767 707 1806 735 ait
1828 707 1948 736 Servius
1971 707 2022 736 lib.
2035 707 2087 735 [X.
2112 708 2170 736 Ae-

217 752 296 781 neid.
319 751 369 778 illa
395 749 521 783 dicitur,
549 757 624 785 quae
647 748 677 774 iu
700 747 922 775 matrimonium
948 750 1088 777 convenit
1112 759 1163 787 per
1186 748 1424 777 conventionem.
1468 749 1541 777 Nam
1565 759 1618 787 per
1641 750 1792 787 quandam
1816 749 1890 778 iuris
1913 750 2119 779 solennitatem
2140 750 2172 778 in

217 794 358 824 familiam
387 791 492 827 migrat
523 790 629 818 mariti.
676 790 783 818 Verum
814 795 857 818 est
886 790 987 826 etiam,
1021 801 1083 819 non
1106 793 1205 829 plures
1230 802 1287 819 uno
1312 790 1370 819 hoc
1395 792 1511 820 nomine
1534 791 1564 819 in
1588 801 1647 820 una
1670 792 1790 820 familia.
1833 793 1936 831 Neque
1959 793 2037 821 enim
2060 792 2090 820 in
2111 802 2172 821 una

218 836 327 866 familia
350 835 453 873 plures
478 843 603 861 uxores:
635 831 716 861 hunc
740 833 837 860 locum
858 833 984 870 pessime
1006 834 1120 872 accepit
1143 834 1333 862 doctissimus
1358 833 1557 869 Hotomanus,
1582 834 1633 872 qui
1655 835 1695 863 ait
1718 845 1777 863 non
1800 840 2033 864 consentaneum
2055 844 2117 863 esse
2138 839 2173 863 ut

218 880 241 908 si
264 888 367 906 socrus
391 876 474 904 xivam
498 886 573 913 quae
596 876 817 904 materfamilias
840 876 1024 913 appelletur,
1061 887 1150 905 nurus
1175 877 1298 904 eandem
1321 876 1495 914 dignitatem
1520 877 1660 906 obtineat.
1704 877 1766 905 Imo
1790 878 1917 906 maxime
1941 881 2173 906 consentaneum

218 927 247 951 et
269 930 374 949 verum
398 923 442 947 est
465 923 524 946 tam
549 928 658 946 nurum
682 928 770 956 quam
799 927 917 946 socrum
943 919 1192 947 matremfamilias
1216 919 1334 947 dictam.
1381 919 1468 954 Quod
1492 919 1576 948 addit
1599 919 1700 947 Festus
1722 918 1773 948 sed
1794 931 1845 949 nec
1866 918 1957 948 vidua
1980 919 2036 949 hoc
2057 920 2173 949 nomine

219 973 334 992 verum>
351 966 394 990 est
423 960 563 998 antiquae
592 961 672 988 illius
700 960 923 989 consuetudinis
953 961 1052 989 habita
1081 962 1210 997 ratione,
1249 972 1346 1000 neque
1375 962 1453 990 enim
1482 962 1701 990 materfamilias
1724 962 1783 990 dici
1806 967 1924 1001 poterat
1946 972 2022 1001 quae
2045 961 2173 992 desierat

219 1017 280 1036 esse
304 1006 334 1033 in
357 1004 413 1032 viri
438 1004 560 1032 familia.
607 1004 710 1032 Postea
734 1008 828 1031 tamen
852 1007 911 1030 tam
936 1004 1023 1032 vidua
1054 1015 1140 1042 quam
1172 1009 1263 1043 nupta
1295 1009 1327 1032 ut
1356 1011 1493 1033 mairona.
1523 1005 1565 1032 sic
1596 1010 1624 1033 et
1652 1004 1881 1045 materfamilias
1909 1005 2079 1040 dicebatur,
2115 1015 2172 1044 pro

219 1049 320 1078 eadem
345 1048 422 1075 enim
445 1053 582 1074 mairona
605 1050 633 1073 et
653 1044 892 1087 materfamilias.
939 1046 1026 1081 Quod
1052 1047 1082 1074 in
1106 1047 1161 1075 fine
1185 1047 1305 1084 legitur,
1347 1058 1397 1075 nec
1421 1057 1494 1087 quae
1516 1048 1576 1075 sine
1587 1046 1669 1086 filiis
1691 1055 1747 1084 esi,
1786 1047 1817 1075 id
1839 1047 1960 1076 omnino
1983 1047 2107 1085 falsum,
2139 1051 2174 1076 ut

219 1102 255 1120 ex
279 1088 483 1129 superioribus
506 1093 598 1127 patet.
644 1089 705 1116 Nisi
738 1089 816 1116 dicas
846 1098 912 1116 cum
937 1088 1102 1118 Hotomano
1126 1100 1230 1117 nomen
1255 1089 1329 1118 illud
1352 1089 1381 1117 in
1406 1090 1602 1118 conventione
1624 1090 1726 1128 nuptis
1750 1090 1852 1118 datum
1875 1096 2000 1129 propter
2022 1099 2124 1126 omen,
2157 1100 2175 1118 a

222 1134 322 1162 matris
345 1133 464 1160 nomine
489 1141 547 1159 non
571 1131 696 1169 adepte,
728 1131 779 1159 sed
803 1141 869 1158 cum
892 1141 943 1169 spe
966 1137 994 1160 et
1018 1133 1115 1160 omine
1137 1142 1207 1160 mox
1232 1132 1423 1170 adipiscendi.
1468 1133 1505 1160 Ut
1529 1132 1565 1161 de.
1587 1133 1731 1161 matronis
1753 1133 1846 1161 tradit
1869 1133 1982 1161 Gellius
2004 1131 2175 1163 lib.XV111.

220 1187 285 1215 cap.
300 1178 330 1207 6.
354 1175 443 1203 Dae.
475 1172 715 1214 Materfamiliae.
749 1174 832 1209 Quae
856 1178 884 1201 et
907 1174 1141 1214 materfamilias.
1175 1175 1258 1203 Adde
1272 1175 1401 1203 Nonium
1424 1175 1455 1203 in
1477 1175 1635 1204 DIaironae
1658 1180 1686 1204 et
1707 1174 1958 1217 Matresfamiliae
1980 1174 2104 1214 (p.442.
2123 1174 2174 1212 M.)

219 1219 238 1248 l.
251 1221 281 1250 3.
306 1219 334 1246 in
359 1217 406 1245 fin.
427 1215 457 1245 ff.
481 1215 517 1243 de
540 1216 642 1244 liberis
666 1215 763 1244 exhib.
787 1216 804 1244 l.
821 1217 890 1247 195.
914 1217 945 1244 in
968 1217 1015 1246 fin.
1040 1217 1075 1245 de
1099 1227 1159 1247 vor.
1184 1217 1236 1255 sig.
1284 1216 1388 1247 Goth.

385 1256 546 1287 Matala.
594 1258 666 1286 Vide
684 1257 830 1287 Matellio.
861 1259 892 1289 L.
905 1260 956 1291 25.
971 1261 993 1297 §.
1010 1262 1057 1290 10.
1073 1259 1102 1288 ss'.
1126 1260 1162 1288 de
1185 1270 1258 1288 auro
1284 1265 1415 1297 argento.
1448 1260 1545 1290 Gloss.
1570 1255 1718 1300 ἀρύταινα
1741 1259 1793 1288 ubi
1819 1265 1916 1289 tamen
1939 1259 2047 1298 legitur
2070 1265 2174 1288 matu—

221 1302 294 1332 lata.
333 1303 375 1331 Eo
398 1301 521 1329 Matella
543 1301 640 1329 Nonio
664 1302 742 1339 (pag.
755 1302 827 1333 543.
852 1301 961 1338 Mem).
1009 1300 1111 1332 Goth.

386 1341 582 1372 Matralia.
626 1343 727 1372 Tertio
752 1344 795 1374 Id.
819 1343 912 1372 Iunii:

801 1384 846 1414 Ite
868 1385 961 1415 honae
983 1395 1088 1416 matres
1111 1388 1246 1424 (vestrum
1269 1386 1411 1416 matralia
1433 1386 1561 1424 Festum)

843 1427 995 1469 Flavaque
1020 1429 1178 1458 Thebanae
1200 1428 1311 1458 reddite
1334 1429 1395 1458 liba
1419 1429 1507 1460 Deae.

223 1472 310 1501 Ovid.
327 1471 374 1500 V1.
397 1471 474 1499 Fast.
500 1472 600 1510 (533.)
624 1472 753 1500 Matutae
775 1471 870 1499 libum
894 1472 1016 1510 proprie
1035 1472 1217 1501 Testuatinm
1241 1472 1395 1501 dicebatur
1417 1472 1501 1500 Varr.
1524 1471 1635 1502 lib.IV.
1660 1471 1736 1509 (pag.
1751 1473 1802 1502 27.
1824 1470 1878 1499 Ed.
1895 1471 1964 1509 St.):
1991 1469 2173 1499 Tesmatium

223 1513 302 1555 quod
325 1515 355 1542 in
378 1521 451 1542 testa
474 1513 565 1543 calda
590 1514 783 1553 coquebatur,
806 1521 837 1542 ut
859 1515 946 1542 eiiam
970 1525 1046 1543 nunc
1069 1513 1245 1543 „intralibus
1266 1513 1299 1542 icl
1311 1514 1437 1555 fuciunt
1459 1522 1620 1544 matronae.
1665 1513 1718 1542 Da
1728 1524 1752 1541 c.

387 1556 554 1586 Blauici.
599 1556 731 1586 Matrici.
764 1557 954 1595 Explicatum
979 1568 993 1584 a
1016 1557 1104 1584 nobis
1126 1558 1157 1584 in
1182 1557 1385 1585 Coniectaneis
1410 1555 1451 1594 (p.
1468 1557 1537 1587 151.
1562 1554 1628 1597 St).
1652 1554 1752 1584 Scal.
1787 1556 1844 1584 Pro
1867 1555 1986 1584 matrici
2006 1555 2070 1592 lege
2092 1560 2175 1582 mai—-

225 1600 284 1628 tici.
324 1598 445 1627 Ilffatiici
467 1604 563 1627 autem
587 1599 722 1627 homines
746 1609 917 1637 magnarum
940 1599 1083 1627 malarum
1107 1609 1166 1627 non
1192 1599 1276 1636 quasi
1299 1597 1463 1635 malanici,
1488 1599 1539 1627 sed
1563 1599 1632 1637 quia
1655 1594 1769 1637 ματὺας
1789 1602 1904 1626 veteres
1927 1597 2062 1626 maxillas
2084 1606 2176 1625 voca-

224 1642 311 1677 bant,
335 1641 416 1669 unde
440 1641 527 1669 etiam
552 1639 709 1682 γυάθωνες
731 1641 761 1669 in
785 1641 954 1676 comoedia,
974 1640 1081 1680 gulosi.
1127 1641 1214 1670 Duc.

386 1683 586 1713 DIatrimes
614 1695 656 1713 ac
682 1685 873 1723 patr-imes.
925 1683 1077 1711 IlIatrimes
1107 1694 1141 1711 ac
1169 1684 1308 1723 patrimes
1336 1692 1490 1711 sacrorum
1518 1682 1620 1719 lingua
1648 1693 1705 1721 pro
1732 1682 1854 1722 patrimi
1883 1691 1917 1709 ac
1946 1681 2084 1710 matrimi.
2130 1679 2178 1708 Sic

226 1726 302 1762 apud
327 1726 465 1754 Plautum
485 1729 571 1766 porci
593 1737 690 1755 sacres
713 1737 767 1765 pro
791 1727 889 1765 sacri‚·
912 1726 955 1754 sic
977 1737 1075 1754 manes
1097 1736 1153 1765 pro
1177 1727 1260 1754 mani
1282 1730 1337 1755 etc.
1373 1725 1502 1754 Matrimi
1526 1725 1646 1763 patrimi
1669 1730 1765 1753 autem
1789 1725 1836 1753 vel
1859 1723 1989 1752 matrimi
2010 1728 2038 1752 et
2059 1721 2180 1762 patrimi

227 1767 401 1796 dicebantur
425 1769 533 1806 quibus
558 1775 686 1807 uterque
710 1780 816 1808 parens
841 1773 990 1808 superstes
1014 1774 1091 1804 erat,
1117 1769 1239 1797 Graecis
1255 1765 1447 1806 ἀμφιθαλεῖς.
1480 1768 1589 1796 Contra
1613 1768 1718 1805 quibus
1742 1768 1816 1796 alter
1837 1771 1953 1796 tantum
1976 1775 2084 1806 parens
2107 1768 2179 1801 erat,

228 1811 354 1838 matrimi
377 1812 400 1838 si
423 1817 533 1848 mater,
568 1813 690 1852 patrimi
713 1813 737 1840 si
761 1817 853 1850 pater.
901 1812 936 1840 Ut
960 1810 1040 1850 apud
1064 1812 1171 1841 Catull.
1196 1811 1235 1850 (Ι,
1259 1810 1316 1850 9.);
1351 1811 1479 1849 patrima
1503 1811 1585 1850 virgo
1609 1811 1743 1839 Minerva
1767 1820 1840 1849 quae
1862 1810 1963 1838 Iovem
1986 1813 2102 1837 tantum
2125 1817 2180 1846 pa-

229 1854 301 1878 trem
325 1856 354 1880 et
377 1859 497 1882 matrem
522 1855 590 1885 ciet.
624 1855 743 1883 Graecis
760 1855 957 1893 ἓτεροθαλεῖς.
982 1854 1031 1881 Sic
1054 1859 1141 1892 pater
1163 1853 1307 1892 patrimus
1331 1853 1488 1882 dicebatur
1510 1853 1561 1891 qui
1584 1858 1670 1891 pater
1693 1857 1757 1882 erat
1778 1857 1807 1881 et
1829 1856 1943 1891 patrem
1965 1851 2102 1880 habebat.
2131 1849 2180 1878 In-

231 1892 274 1918 fra
296 1894 406 1924 Festus.
433 1896 520 1926 Dac.
566 1897 652 1936 Apud
677 1898 783 1926 Catull.
807 1898 825 1926 l.
848 1908 870 1925 c.
896 1897 986 1934 vulgo
1009 1897 1129 1934 legitur:
1153 1903 1281 1936 patrona
1302 1896 1393 1935 virgo.

391 1937 579 1969 Matellio.
632 1939 767 1969 Illarellio
799 1950 818 1968 a
847 1938 962 1968 matula
999 1937 1111 1974 (licius,
1159 1946 1184 1967 et
1216 1937 1311 1967 dictus
1340 1945 1531 1977 posteaquam
1561 1935 1678 1976 longius
1708 1947 1726 1964 a
1748 1937 1850 1976 figura
1880 1934 2009 1965 muffulae
2038 1933 2179 1964 discessit.

232 1974 326 2002 Vssl'l'o
349 1976 424 2014 (pag.
440 1982 489 2010 30.
515 1982 566 2012 Ed.
591 1983 653 2021 Sp.)
678 1983 814 2018 Metalla,
846 1982 980 2017 matella.
1010 1981 1156 2017 matellio,
1181 1991 1232 2009 vas
1256 1981 1411 2019 aquarium
1436 1978 1582 2018 α’ρυπαίνα
1605 1980 1674 2008 item
1698 1989 1749 2008 vas
1774 1980 1810 2008 ad
1833 1979 1949 2008 urinam
1970 1976 2180 2018 recipiendam.

235 2017 334 2045 ⁶¹⁰5&
360 2019 498 2058 Μαῑθῖἷᾱ,
522 2023 680 2064 οὕρητρὶς,
704 2023 782 2063 ἀμίς.
827 2024 912 2053 Adde
936 2024 1063 2052 Nonium
1086 2025 1116 2052 in
1140 2024 1259 2052 Matella
1283 2025 1360 2062 (pag.
1375 2024 1445 2054 543.
1471 2023 1581 2059 Mera),
1629 2020 1733 2051 Goth.

341 2101 345 2105 ι
371 2101 375 2105 .
397 2060 653 2100 Magmentum.
699 2068 773 2105 Lege
796 2077 862 2096 cum
887 2067 1053 2104 Scaligero:
1080 2066 1299 2105 IlIagmenrum‚
1322 2066 1417 2094 mains
1439 2072 1634 2104 augmentum.
1681 2065 1751 2092 Erat
1774 2064 1845 2103 daps
1870 2073 1945 2102 quae
1967 2061 2182 2102 profanabatur

233 2111 249 2128 8
273 2105 393 2148 s¹¹⁵t¹P¹S
416 2102 501 2141 lanu,
531 2108 665 2146 Silvano,
694 2111 798 2146 Marti,
828 2110 889 2138 lovi
916 2109 1035 2147 Dapali3
1065 2109 1116 2137 sed
1139 2114 1168 2137 et
1191 2109 1325 2147 qualibet
1350 2108 1405 2136 alia
1430 2118 1486 2146 qua
1513 2108 1586 2135 Deos
1608 2107 1784 2135 mactabant.
1830 2106 1913 2135 Unde
1936 2102 2181 2144 magmentarium

232 2152 284 2171 vas
306 2143 355 2171 ubi
379 2148 447 2171 exta
472 2157 553 2175 saera
578 2161 643 2180 arae
666 2152 905 2190 imponebantur.
938 2152 1048 2180 Gloss.:
1074 2151 1337 2191 Magmeniarium,
1362 2147 1412 2187 ἐφ’
1429 2145 1466 2180 οὗ
1489 2147 1522 2179 τοὶ
1546 2147 1697 2188 σπλάγχνα
1719 2149 1859 2188 τιθέμενα
1881 2151 1943 2184 τοῖς
1964 2150 2077 2187 βωμοῖς
2090 2156 2182 2186 προς·

234 2185 384 2234 φεῖρονται.
410 2185 497 2233 D-ac.
542 2190 613 2219 Vide
636 2193 797 2223 Varronem
822 2195 857 2223 de
882 2195 911 2223 L.
936 2194 1021 2233 (pag.
1035 2197 1085 2226 29.
1111 2194 1178 2232 Sp.)
1202 2194 1252 2222 ubi
1274 2194 1310 2222 de
1332 2193 1425 2223 victu.
1472 2192 1560 2221 Aliud
1586 2196 1683 2220 autem
1707 2197 1752 2220 est
1775 2191 1902 2220 Glossis:
1937 2188 2180 2230 Magmeniarz'u3‚

234 2235 377 2266 t⁶v95w09·
422 2228 459 2255 Lt
487 2236 696 2269 magmentaria
725 2247 811 2273 vasa,
848 2237 879 2265 in
910 2237 1018 2274 quibus
1042 2241 1208 2274 magmenta
1234 2241 1262 2264 et
1286 2241 1353 2265 exta
1377 2246 1458 2263 sacra
1481 2235 1682 2273 imponebant.
1727 2234 1826 2274 Ilsagis
1847 2245 1943 2273 augm.
1965 2233 2060 2261 maius
2082 2239 2178 2268 augm-

237 2267 341 2300 Goth.
371 2270 434 2298 Hoc
459 2273 637 2302 vocabulum
661 2277 820 2307 certissime
844 2284 985 2316 testatur,
1009 2279 1099 2308 fuisse
1123 2279 1232 2308 Latinis
1254 2279 1362 2318 priscis
1384 2279 1414 2306 in
1438 2288 1495 2306 usu
1516 2277 1642 2306 verbum
1665 2288 1794 2316 magere,
1817 2276 1846 2305 h.
1866 2287 1889 2305 e.
1913 2285 2056 2314 magnum*
2073 2274 2179 2306 facere,

235 2321 357 2349 augere;
382 2312 461 2343 unde
484 2323 597 2344 mactus
620 2318 825 2356 participium,
851 2332 865 2348 a
889 2331 947 2359 quo
970 2329 1117 2358 mactare,
1140 2322 1158 2349 i.
1179 2332 1203 2349 e.
1225 2321 1338 2350 honore
1361 2331 1481 2359 augere,
1504 2320 1668 2355 honorare,
1694 2320 1793 2348 nativa
1817 2319 1936 2358 quidem
1959 2314 2178 2356 significatione.

235 2355 280 2382 Ex
303 2354 405 2383 eodem
429 2355 511 2385 fonte
533 2360 641 2398 magis,
678 2360 769 2387 maior
792 2362 828 2398 (i.
850 2373 873 2389 e.
897 2363 1030 2402 magior)
1056 2369 1084 2392 et
1106 2365 1257 2393 maximus
1280 2363 1311 2402 (i.
1333 2375 1356 2393 e.
1381 2362 1586 2402 magis-simus).
1632 2362 1778 2391 Omnibus
1802 2362 1901 2391 subest
1920 2360 2008 2390 radix
2031 2355 2178 2386 Sanscriffl

236 2396 321 2433 malz,
346 2406 421 2435 quae
443 2410 560 2439 augere,
583 2399 689 2438 colere,
712 2400 854 2431 honorare
876 2405 1029 2441 significat.
