2263 2668
213 167 288 202 543
646 161 991 197 COMMENTARII
1018 164 1066 197 [N
1093 163 1239 197 PAULI
1264 163 1460 198 DIACONI
1486 164 1739 200 ExcERrTA

381 255 532 297 Opalia.
578 253 675 282 Varro
697 254 747 284 lib.
760 254 783 283 Ι.
807 255 843 284 de
866 255 897 285 L.
918 256 948 284 L.
968 255 1010 296 (p.
1025 256 1098 288 204.
1119 258 1183 298 Sp.)
1201 262 1229 287 et
1247 257 1374 286 Mam-ob.
1398 257 1449 286 lib.
1464 257 1490 294 I,
1515 257 1590 297 (10.)
1616 259 1749 288 Saturn.:
1773 271 1861 290 unum
1885 268 1996 290 tantum
2021 261 2094 293 diem
2117 265 2170 293 tri-

214 303 308 332 buunt
330 300 489 341 Opalibus;
512 298 536 325 is
558 302 622 326 erat
643 297 722 326 X1V.
746 298 810 327 Kal.
835 298 896 327 Ian.
921 299 1002 337 quod
1026 300 1115 328 etiam
1136 301 1167 329 in
1190 302 1273 330 fastis
1297 305 1432 329 notatum
1457 305 1510 330 est.
1532 301 1590 330 An
1601 308 1620 330 t.
1644 302 1738 341 Aug.
1773 302 1873 331 Feriae
1897 304 1970 342 Opis
1993 315 2067 342 quae
2090 307 2169 336 XIV.

211 346 279 374 Kal,
302 346 362 373 Ian.
386 341 615 369 celebrabantur
637 339 685 368 die
706 341 796 368 tertio
821 346 887 378 post
910 343 1091 371 Saturnalia.
1137 344 1219 373 Varr.
1243 344 1294 372 lib.
1308 344 1341 371 V.
1367 343 1445 382 (pag.
1462 345 1533 376 204.
1560 345 1637 382 Sp.):
1663 343 1839 374 Saturnalia
1864 345 1945 375 dicta
1967 346 2004 375 ab
2029 347 2169 385 Saturno,

211 386 293 428 quod
311 396 343 414 eo
366 383 413 412 die
427 382 530 424 feriae
552 384 627 418 eius,
650 389 681 410 ut
702 390 769 422 post
793 382 867 412 diem
892 385 1006 413 tertium
1026 383 1152 424 Opalia,
1179 386 1259 426 Opis.
1291 387 1374 421 Quae
1398 386 1476 425 apud
1496 387 1612 414 Festum
1637 387 1761 423 desunt,
1786 389 1828 416 sic
1852 389 1979 417 fortasse
2003 391 2170 429 supplenda

212 434 296 458 sunt:
331 436 455 466 quorum
486 424 580 454 altera
607 436 679 465 pars
706 424 840 465 nefasta,
877 425 970 455 altera
991 426 1083 468 fasta
1113 436 1162 460 est.
1209 431 1243 458 Et
1272 439 1377 457 revera
1405 429 1436 457 in
1460 429 1635 457 calendario
1662 429 1770 466 legitur
1797 429 1885 470 Opal.
1909 430 1946 462 N.
1970 431 2003 460 Ρ.
2029 432 2085 461 hoc
2109 438 2169 464 est:

211 470 317 509 Opalia
342 468 452 497 nefasta
476 468 573 507 prima
597 468 643 496 vel
668 468 760 506 priori
784 473 879 507 parte.
911 468 1000 499 Dac.
1044 470 1118 500 Vide
1145 478 1266 512 praeter
1290 471 1414 500 Vari-on.
1439 471 1525 500 etiam
1549 472 1678 501 Macrob.
1704 474 1762 502 Sat.
1778 473 1807 510 1,
1834 476 1882 505 10.
1928 474 1955 502 ts
1984 480 2082 503 autem
2107 481 2171 504 erat

210 513 289 542 XIV.
312 511 439 540 Kalend.
463 511 522 540 lan.
569 509 675 540 Goth.

377 552 554 582 Obnubit.
600 553 696 581 Gloss.
719 551 857 591 obnubit,
889 551 1035 591 σκεπάζει.
1081 555 1144 586 Liv.
1168 557 1218 586 lib.
1233 557 1252 586 Ι.
1278 556 1408 593 (ο.26,)ε
1448 555 1468 585 I
1486 555 1590 594 lictor,
1621 555 1733 596 colliga
1755 568 1876 594 manus,
1907 566 1995 598 caput
2019 558 2168 596 obaubitu,

210 595 311 625 arbori
333 595 450 637 infelici
471 593 648 635 suspendite.
681 595 826 633 Virg.X1.
850 597 985 626 Aeneida
1010 609 1186 640 arsurasque
1208 610 1309 628 comas
1332 597 1453 628 obnubit
1476 600 1597 630 amictu.
1638 600 1692 627 Ubi
1716 599 1785 628 vide
1808 602 1954 632 Servium.
1978 601 2065 631 Duc.
2097 602 2171 630 Vide

209 639 347 678 Nuptias.
380 637 556 677 Operitione.
588 638 760 677 Opertione.
810 637 913 669 Goth,

377 679 573 720 Oppidum.
620 679 794 709 RIaoeimum
821 681 987 721 aedficium
1014 690 1055 710 est
1079 683 1218 723 oppidum
1243 683 1281 712 ab
1305 695 1358 722 ope
1381 683 1509 721 (lictum,
1546 683 1627 724 quod
1649 685 1778 712 munitur
1801 686 1865 724 opis
1888 697 1995 722 causa,
2029 685 2080 715 ubi
2101 688 2168 715 sint.

209 723 294 754 Varr.
317 723 432 753 lib.IV.
457 724 535 762 (pag.
550 723 620 754 143.
646 724 719 762 Sp.).
755 723 813 752 Sed
836 724 980 763 oppidum
1004 725 1099 754 minus
1123 732 1166 755 est
1190 737 1276 763 quam
1301 727 1389 763 urbs,
1416 728 1470 755 etsi
1494 728 1665 765 saepissime
1687 728 1924 758 confunduntur.
1957 729 2052 758 Cicer.
2075 729 2128 758 lib.
2144 729 2168 758 I.

209 766 322 803 (c.25.)
347 765 383 793 de
409 766 506 795 Divin.
548 765 656 794 Pheras
683 766 805 802 venisse,
841 778 917 806 quae
942 775 1003 795 erat
1025 768 1094 797 urbs
1116 770 1145 797 in
1173 768 1326 798 Thessalia
1348 768 1508 798 admodum
1532 769 1656 805 nobilis,
1688 770 1718 797 in
1742 782 1773 799 eo
1795 771 1887 808 igitur
1909 770 2028 811 oppido.
2074 771 2169 800 Varro

208 809 261 836 lib.
276 808 323 836 lV.
347 806 426 846 (pag.
443 810 513 840 153.
538 808 618 847 Sp.):
653 807 689 836 In
715 808 801 837 Circo
822 810 918 847 primo
941 809 1018 838 uncle
1039 812 1193 839 mittuntur
1213 813 1294 851 equi,
1321 824 1398 841 nunc
1422 811 1560 841 dicuntur
1582 823 1729 847 carceres,
1752 812 1882 842 Naevius
1904 813 2044 853 oppidum
2067 813 2172 853 appel-

207 849 260 879 lat.
304 849 440 879 Carceres
463 849 552 887 dicti,
579 850 659 891 quod
682 859 849 880 coercentur
871 853 953 892 equi,
980 864 1013 881 ne
1035 852 1103 882 inde
1125 862 1230 883 exeant
1253 862 1409 895 antequam
1432 855 1625 894 magistratus
1646 855 1735 884 misit.
1777 854 1925 895 Oppidum
1949 855 2031 895 quod
2052 868 2070 885 a
2093 857 2171 885 muri

204 899 290 932 parte
311 893 410 931 pinnis
433 892 617 933 turribusque
641 905 770 923 car-ceres
793 893 863 923 olim
877 894 1016 936 fuerunt.
1055 895 1179 935 Scripsit
1200 904 1307 936 poeta:
1332 896 1461 926 dictator
1481 896 1533 925 ubi
1554 909 1670 926 currum
1693 896 1810 934 insidit,
1832 898 1997 937 pervehitur
2018 910 2107 939 usque
2128 897 2170 927 ad

206 933 357 975 oppidum.
382 935 467 964 Dac.
504 935 588 964 Adde
611 936 716 968 l.239.
741 938 763 973 §.
779 939 808 967 7.
824 936 851 964 ff.
878 937 914 966 de
937 937 1018 966 verb.
1042 938 1139 975 signif.
1167 938 1272 968 Goth.
1310 938 1459 979 Oppidum
1484 940 1568 968 locus
1593 940 1710 976 firmus,
1734 941 1885 978 munitus,
1909 941 1945 969 ab
1969 941 2092 980 antiquo
2116 941 2169 969 ad-

207 977 317 1006 iectivo
341 977 483 1017 oppidus‚
507 989 542 1015 a,
565 990 628 1015 um,
653 978 732 1017 quod
746 979 872 1018 firmum
897 980 1026 1011 denotat.
1074 982 1155 1010 Unde
1179 981 1288 1021 oppido
1312 983 1331 1011 i.
1351 993 1379 1020 q.
1404 982 1548 1018 firmiter,
1572 982 1677 1018 valde,
1703 983 1782 1012 satis.

375 1019 535 1060 Oppido.
582 1021 628 1049 Ait
658 1022 732 1050 infra
757 1021 877 1057 Festus,
916 1033 966 1051 eos
997 1034 1095 1052 errare
1126 1026 1176 1062 qni
1201 1026 1302 1053 dicant
1326 1025 1439 1064 oppido
1463 1025 1571 1059 didici,
1609 1026 1761 1064 spectavi,
1799 1025 1957 1054 ambulavi.
2003 1026 2044 1055 lta
2069 1031 2169 1055 tamen

206 1063 346 1100 Plautus,
369 1063 541 1099 Terentius,
566 1064 685 1101 Cicero,
711 1064 854 1092 Catullus.
880 1064 934 1093 Da
945 1077 968 1094 c.
1009 1067 1092 1094 Adde
1116 1067 1244 1095 Nonium
1268 1068 1297 1096 in
1322 1066 1440 1107 Oppido
1462 1068 1628 1106 (pag-561.
1654 1068 1769 1103 Mero).
1811 1067 1869 1097 Vel
1890 1067 1978 1109 quod.
2013 1069 2064 1097 Vel
2087 1069 2168 1107 quod

206 1105 328 1144 oppido.
357 1104 462 1135 Goth.
508 1106 671 1144 Cognatum
695 1117 757 1134 esse
782 1107 902 1136 videtur
925 1108 1104 1138 adiectis-um
1128 1109 1254 1149 oppii-lus
1279 1120 1346 1139 cum
1371 1120 1419 1139 vv.
1443 1121 1530 1150 opus,
1561 1121 1666 1150 opera,
1697 1121 1712 1138 a
1737 1111 1846 1149 quibus
1869 1111 2036 1148 descendit,
2062 1122 2169 1150 quem-

205 1148 364 1176 admodum
389 1159 404 1176 a
427 1159 531 1188 sapore
554 1148 684 1188 sapidus.

372 1189 620 1230 Oppidorum.
668 1192 732 1220 Vid.
756 1192 851 1221 Varro
875 1192 926 1222 lib.
939 1193 990 1221 IV.
1015 1194 1051 1223 de
1078 1196 1106 1225 L.
1126 1196 1156 1225 L.
1180 1194 1345 1234 (pag.143.
1371 1194 1443 1234 Sp.).
1467 1195 1553 1224 Ant.
1577 1196 1672 1234 Aug.
1718 1195 1867 1224 schedae:
1903 1195 2079 1235 oppidorum
2102 1197 2169 1226 ori-

203 1233 299 1271 ginem
324 1233 432 1272 optime
454 1233 540 1273 refert
559 1232 641 1263 Cato.
669 1233 759 1263 Cicer.
783 1234 833 1264 lib.
848 1234 871 1263 I.
896 1240 950 1263 etc.
980 1236 1101 1266 Catonis
1124 1249 1232 1266 nomen
1257 1238 1404 1267 adiectum
1429 1239 1568 1276 opinatur
1589 1239 1672 1267 Fulv.
1700 1239 1823 1267 Ursinus
1846 1238 1881 1266 ab
1906 1249 1955 1275 eo,
1979 1241 2030 1277 qui
2053 1239 2169 1278 putarit

203 1275 330 1303 indicari
354 1275 403 1304 lib.
427 1276 572 1314 originum
599 1277 635 1308 Μ,
661 1277 795 1314 Catonis,
825 1287 893 1306 cum
917 1283 1014 1307 tamen
1038 1285 1145 1318 agatur
1167 1281 1203 1309 de
1227 1286 1327 1319 etymo
1351 1281 1541 1320 oppidorum.
1588 1282 1739 1310 Ciceronis
1763 1281 1833 1309 libri
1856 1281 1893 1309 de
1918 1282 2011 1317 gloria
2037 1282 2167 1318 νοτίῃ-ες

205 1317 369 1346 secundum
393 1318 498 1346 laudat
521 1319 595 1347 Gen.
620 1320 762 1350 lib.X[lI.
789 1323 896 1359 cap.6.
922 1321 1074 1351 Charisius
1099 1323 1242 1362 (pagnfil.
1268 1327 1419 1362 p:‹g.108.
1445 1323 1579 1362 Putsch.)
1603 1325 1701 1352 etiam.
1737 1324 1818 1352 Infra
1842 1335 1962 1363 eamque
1983 1323 2167 1363 appellatio-

205 1371 267 1388 nem
290 1362 507 1399 usurpationem
531 1361 713 1401 appellatam
736 1374 804 1391 esse.
846 1363 889 1391 Ita
913 1363 1050 1394 schedae.
1090 1367 1185 1404 Lego:
1215 1377 1335 1406 eamque
1356 1364 1583 1405 appellationem
1608 1374 1777 1405 usurpatam
1802 1378 1868 1394 esse.
1915 1366 2002 1396 Dae.

371 1410 513 1450 Opiter.
560 1413 698 1441 Placidus
722 1413 750 1441 in
776 1413 893 1450 glossis:
928 1414 1028 1454 Opiter
1050 1424 1105 1454 est,
1129 1417 1180 1457 qui
1202 1415 1282 1445 obito
1304 1424 1402 1456 patre,
1425 1424 1451 1445 et
1474 1427 1530 1445 avo
1551 1417 1661 1445 vivente
1683 1424 1769 1445 natus
1792 1424 1842 1446 est.
1866 1415 1967 1445 Fulv.
1998 1415 2074 1444 Urs.
2115 1416 2167 1445 Vel

204 1453 279 1481 forte
303 1452 405 1483 obiter.
436 1453 543 1483 Goth.
587 1454 676 1484 Obitu
698 1456 800 1495 patris.
838 1456 930 1485 Obito
953 1463 1046 1496 patre.
1092 1458 1201 1488 Idem.

370 1502 568 1534 Obturare.
615 1506 671 1534 Alii
695 1518 710 1534 a
734 1514 809 1542 ture,
849 1512 881 1536 ut
910 1508 950 1536 sit
979 1519 1040 1537 vox
1071 1510 1204 1548 profecta
1229 1522 1243 1537 a
1268 1520 1350 1539 more
1379 1509 1585 1546 sacerdotum,
1625 1510 1675 1548 qui
1707 1519 1791 1538 aures
1821 1515 1886 1538 ture
1916 1509 2093 1548 opplebant,
2130 1520 2167 1538 ne

202 1546 357 1575 audientes
381 1548 436 1575 alia
462 1548 672 1585 turbarentur,
698 1560 731 1577 ae
754 1559 874 1578 rursum
898 1551 1032 1590 perfecto
1055 1563 1141 1580 sacro
1164 1552 1284 1590 negotio
1308 1558 1355 1582 tus
1379 1553 1557 1590 eximebant,
1581 1557 1614 1581 ut
1637 1563 1722 1581 ames
1746 1557 1882 1591 paterent
1905 1552 1965 1580 illis
1987 1562 2062 1590 quae
2085 1553 2167 1581 dice-

201 1594 313 1618 rentur.
360 1589 413 1618 Da
423 1601 449 1619 c.

369 1638 492 1679 Optio.
538 1641 664 1670 Ultimus
688 1652 793 1671 versus
818 1643 915 1672 Plauti
938 1655 999 1674 non
1022 1656 1057 1674 eo
1081 1646 1198 1683 ordine,
1228 1657 1288 1685 quo
1313 1646 1377 1682 hic,
1402 1645 1528 1675 habetur
1551 1645 1580 1673 in
1605 1645 1733 1682 vulgatis
1757 1645 1854 1673 Plauti
1877 1644 2040 1673 codicibus.
2065 1643 2165 1675 Scal.

202 1682 333 1720 U¹'³g⁰⁵‚
363 1683 565 1721 tergiductor,
597 1685 632 1712 ab
656 1685 807 1724 optando,
844 1686 901 1715 hoc
925 1693 968 1716 est
992 1689 1145 1726 eligendo,
1179 1690 1248 1727 quia
1272 1690 1357 1718 illum
1382 1689 1439 1717 sibi
1462 1688 1631 1717 assumebat
1654 1688 1797 1717 centurio.
1844 1688 1880 1716 Et
1902 1687 2022 1716 videtur
2044 1686 2094 1715 hic
2117 1688 2164 1716 di—

202 1734 267 1752 cere
287 1725 389 1753 Festus
413 1726 563 1764 optionem
588 1732 672 1755 antea
697 1728 810 1756 dictum
833 1740 1006 1766 accensum,
1032 1742 1099 1760 (tum
1122 1733 1238 1761 seilicet
1257 1743 1271 1760 a
1291 1732 1411 1761 tribuno
1436 1732 1558 1760 daretur
1581 1731 1765 1767 centurioni,
1789 1730 1841 1759 sed
1857 1734 2013 1768 postquam
2028 1732 2163 1760 centurio

203 1773 305 1804 optare
328 1778 394 1796 eum
418 1770 517 1807 coepit
539 1775 567 1797 et
590 1770 716 1806 eligere,
752 1777 826 1800 tunc
854 1774 1006 1810 optionem
1035 1774 1124 1803 etiam
1154 1775 1214 1803 dici
1245 1780 1386 1814 coeptum
1416 1785 1487 1803 esse.
1533 1774 1569 1802 Et
1593 1774 1633 1801 ita
1659 1773 1740 1801 hunc
1763 1773 1864 1801 locum
1886 1774 2099 1811 interpretatus
2121 1778 2164 1802 est

204 1809 333 1847 LipsiuS,
358 1810 411 1849 qui
434 1812 544 1850 optime
566 1813 683 1840 monuit
706 1824 762 1852 pro
785 1825 826 1843 ex
848 1826 880 1843 eo
902 1822 1029 1855 tempore
1051 1818 1107 1855 legi
1132 1817 1239 1846 debere
1261 1829 1302 1847 ex
1324 1828 1381 1858 quo
1403 1824 1538 1857 tempore.
1570 1816 1629 1845 Sed
1652 1816 1725 1844 mihi
1748 1815 1923 1855 scrupulum
1941 1820 2058 1853 movet,
2081 1815 2164 1854 quod

205 1860 240 1878 ex
264 1851 396 1882 Varrone
424 1853 534 1890 didici,
572 1855 709 1894 optiones
733 1867 749 1884 a
774 1858 1002 1887 centurionibus
1033 1860 1068 1888 ab
1092 1860 1179 1889 initio
1204 1861 1295 1889 fuisse
1318 1861 1448 1897 electos,
1485 1859 1538 1887 sed
1562 1863 1663 1898 postea
1688 1858 1823 1888 tribunos
1845 1867 1953 1893 munus
1976 1857 2050 1886 illud
2074 1859 2162 1887 inva—

206 1892 290 1928 sisse,
328 1900 360 1923 ut
388 1896 446 1934 ipsi
472 1897 608 1936 optiones
639 1898 791 1936 eligerent.
835 1899 906 1929 Mihi
930 1902 1028 1930 nodus
1052 1902 1229 1933 insolubilis.
1275 1903 1332 1931 Sed
1354 1903 1440 1931 illum
1462 1901 1584 1931 solvisse
1607 1902 1694 1929 xvideo
1718 1901 1829 1930 doctiss
1864 1901 2026 1941 Cupertum
2051 1901 2161 1930 Obser-

205 1940 263 1963 νεῖ.
285 1935 333 1966 lib.
349 1937 396 1966 IV.
421 1949 486 1978 cap.
502 1942 550 1974 9.‚
589 1941 640 1979 qui
664 1946 822 1981 postquam
847 1953 885 1971 ex
911 1943 1041 1973 Varrone
1066 1950 1094 1974 et
1117 1946 1243 1984 Polybio
1267 1946 1409 1980 asseruit,
1445 1945 1581 1983 optiones
1606 1945 1742 1983 primitus
1766 1955 1780 1972 a
1804 1942 2029 1972 centurionibus
2052 1943 2161 1974 electos

205 1977 311 2012 filis-⁸³3,
334 1978 374 2006 ita
396 1980 514 2010 Festum
538 1983 688 2021 ingeniose
711 1984 944 2024 interpretatur:
980 1985 1069 2026 Optio
1092 1990 1144 2028 qui
1166 2000 1244 2017 nunc
1266 1987 1390 2024 dicitur,
1415 1994 1502 2016 antea
1525 1995 1648 2016 vocatus
1668 1998 1822 2022 accensus,
1847 1985 1935 2014 datus
1957 1987 2120 2015 centurioni
2141 1998 2160 2015 a

205 2017 336 2066 tribuno,
372 2028 397 2049 et
419 2021 495 2052 illud
517 2036 620 2054 nomen
643 2027 772 2065 optionis
793 2029 913 2057 sortitus
935 2036 976 2057 est
998 2041 1039 2058 ex
1060 2042 1092 2060 eo
1116 2038 1258 2070 tempore,
1297 2042 1355 2071 quo
1380 2031 1560 2059 centuriones
1582 2030 1640 2069 ipsi
1660 2041 1708 2058 eos
1729 2027 1889 2069 eligebant,
1925 2028 1985 2056 sive
2006 2027 2159 2067 optabant.

205 2061 262 2089 Sed
285 2071 315 2089 m
341 2063 436 2091 verbis
458 2066 532 2095 Festi
557 2079 610 2105 pro
635 2067 763 2098 dabatur
785 2071 1008 2100 rescribendum
1030 2071 1134 2109 datur,
1165 2074 1222 2102 nisi
1244 2074 1326 2102 dicas
1348 2072 1398 2101 hic
1421 2083 1435 2101 a
1461 2072 1552 2101 Paulo
1577 2072 1675 2101 omnia
1701 2072 1818 2100 turbata
1842 2077 1870 2100 et
1895 2075 2054 2109 corrupta,
2078 2071 2158 2109 quod

205 2108 234 2132 et
257 2109 345 2132 sentit
361 2105 516 2143 Cupertus.
538 2109 635 2139 Plaut.
651 2112 680 2139 in
697 2112 821 2143 Asinar.
846 2113 911 2143 Act.
930 2115 954 2143 l.
974 2125 1014 2145 sc.
1031 2120 1058 2146 1.
1083 2116 1127 2153 (v.
1140 2116 1204 2154 83.)
1227 2117 1280 2145 sed
1304 2117 1388 2144 locus
1412 2115 1497 2144 aliter
1520 2114 1608 2143 hodie
1631 2115 1791 2143 distinctus
1814 2119 1877 2149 est3
1898 2123 1964 2142 eum
1987 2112 2044 2141 adi.
2069 2111 2158 2153 Optio

206 2150 250 2174 est
272 2147 399 2185 optatio,
423 2148 442 2175 i.
461 2159 483 2178 e.
507 2149 624 2188 electio,
648 2151 743 2185 Casin.
767 2156 810 2191 II,
834 2156 868 2193 4,
892 2155 984 2195 (13.):

1010 2208 1100 2248 Optio
1122 2208 1179 2238 hoc
1201 2217 1252 2239 tua
1274 2217 1325 2239 est.

205 2245 292 2274 Dac.
327 2245 387 2275 Sed
408 2247 438 2275 in
462 2260 491 2276 re
512 2249 644 2280 militari.
682 2254 765 2284 Adde
789 2256 807 2285 1.
822 2256 869 2286 V1.
883 2257 912 2285 ff.
936 2257 972 2286 de
996 2258 1082 2287 bonis
1106 2259 1234 2290 damnat.
1273 2260 1450 2288 Taruntium
1477 2260 1636 2287 Paternum
1659 2258 1709 2287 lib.
1725 2261 1752 2289 1.
1789 2258 1963 2287 Militat-ium
1985 2257 2017 2286 in
2038 2257 2058 2286 l.
2071 2259 2102 2289 6.
2123 2257 2155 2287 in

205 2298 250 2327 pr.
274 2288 304 2316 ff.
328 2288 369 2338 de·
386 2289 450 2318 iure
474 2292 673 2322 immunitatis.
718 2297 801 2326 Adde
824 2300 952 2328 Nonium
980 2300 1010 2329 in
1037 2300 1176 2340 Optiones
1199 2304 1278 2341 (pag.
1291 2305 1342 2334 67.
1368 2302 1482 2340 Mero).
1514 2300 1620 2330 Goth.
1667 2299 1757 2340 Optio
1779 2301 1816 2329 ab
1839 2301 1971 2339 optando
1993 2299 2156 2335 descendit,

205 2335 240 2359 ut
258 2330 387 2370 postulio
410 2343 426 2360 a
449 2334 646 2371 postulando,
685 2337 785 2376 religio
809 2352 823 2368 a
847 2343 1002 2379 religando
1027 2344 1103 2382 (non
1128 2356 1142 2372 a
1166 2344 1350 2384 menende),
1389 2345 1488 2384 opinio
1512 2344 1547 2372 ab
1571 2343 1737 2382 opinando,
1772 2344 1901 2382 suspicio
1923 2353 1939 2371 a
1962 2341 2157 2380 suspicando,

206 2377 295 2412 atque
317 2373 349 2401 id
370 2383 463 2412 genus
486 2376 551 2405 alia.
595 2378 852 2412 Quemadmodum
876 2390 973 2413 autem
995 2386 1125 2424 postulio
1148 2368 1319 2426 persiinarn,
1354 2388 1416 2417 sive
1438 2387 1588 2416 hominem
1612 2387 1641 2415 in
1665 2386 1815 2415 victimam
1838 2385 2019 2424 postulatum
2041 2384 2154 2422 signifi—

208 2420 273 2453 cat,
296 2415 339 2444 sic
361 2418 442 2456 optio
464 2419 550 2448 etiam
573 2426 720 2459 optatum,
743 2420 872 2453 electum.
