2263 2668
540 52 602 85 DE
629 52 1017 88 SIGNIFICATIONE
1045 52 1328 88 VERBORUM.
1386 56 1530 90 LIBER
1558 58 1630 92 Xll.
1981 60 2056 93 109

104 147 240 180 Nomen
264 144 390 179 dictum
418 145 512 188 quasi
539 143 739 188 novimen⁴'‚
779 147 871 191 quod
899 148 1048 180 notitiam
1078 144 1200 180 facit⁴².

101 197 243 232 Noctua
269 208 289 229 a
315 201 469 240 tempore
495 195 634 231 noctis⁴³
653 199 759 241 dicta,
799 211 867 243 quo
894 200 980 232 canit
1006 199 1059 231 vel
1087 199 1188 232 volat.

101 249 283 284 Noneolae
309 243 503 281 vocantur⁴⁴
525 249 695 293 papillae,
734 261 821 293 quae
850 262 889 284 ex
915 251 1066 284 faucibus
1094 261 1270 294 caprarum
1298 251 1491 297 dependent
1501 251 1535 285 ⁴⁵.

100 295 368 346 Noctilugam⁴⁸
386 299 534 333 Lucilius
560 312 663 344 quum
690 299 817 344 dixit⁴⁷‚
858 303 1038 336 obscenum
1066 302 1240 347 significat.

99 352 233 394 Nihili,
273 348 363 395 qui⁴⁸
384 362 447 385 nec
471 351 532 384 hili
558 352 696 396 quidem
723 357 779 386 est.

99 404 265 439 Nouerca
291 403 428 444 dicitur,
470 414 570 446 quam
597 405 670 447 quis
696 404 808 437 liberis
834 404 969 437 sublatis
981 400 1005 421 ⁴⁹
1025 415 1146 437 novam
1173 416 1312 438 uxorem
1341 405 1433 439 ducit
1460 407 1624 440 arcendae
1633 404 1659 425 ⁵⁰
1678 407 1824 441 familiae
1849 408 1966 453 gratia.

99 456 249 490 Novalis
274 466 356 500 ager
382 465 489 487 novae
514 455 647 490 relictus
675 456 821 489 sementi.

98 508 220 542 Noxia
245 507 337 550 apud
364 506 515 549 antiquos
541 507 700 540 damnum
728 503 980 552 significabat⁵¹‚
1023 506 1080 540 sed
1109 518 1128 539 a
1155 507 1263 551 poetis
1289 508 1424 552 ponitur
1450 520 1513 553 pro
1541 510 1654 554 culpa.

102 559 209 593 Noxa
234 559 371 604 ponitur
396 569 459 602 pro
486 555 666 602 peccato⁵²
688 563 744 591 aut
769 559 901 603 peccati
927 569 1054 603 poena,
1096 569 1200 601 quum
1228 558 1281 592 lex
1307 560 1401 593 iubet
1426 571 1532 594 noxae
1559 561 1685 595 dedere
1711 556 1810 605 pro⁵3
1831 566 1985 605 peccato.

97 611 254 644 Nothum
282 610 405 643 Graeci
432 614 545 642 natum
573 621 612 643 ex
639 621 741 643 uxore
767 622 834 643 non
861 610 1010 655 legitima
1037 609 1169 652 dicunt,
1213 610 1269 653 qui
1297 611 1389 656 apud
1415 623 1474 645 nos
1500 613 1612 656 spurio
1641 617 1736 658 patre
1762 617 1855 645 natus
1882 609 2046 646 dicitur⁵⁴.

96 662 193 697 Nota
219 673 306 696 nunc
333 661 497 706 significat
523 661 671 706 signum,
699 667 734 695 ut
757 663 789 695 in
815 662 1011 707 pecoribus3
1043 673 1130 696 nunc
1156 662 1267 695 literas
1292 663 1439 709 singulas
1466 669 1521 697 aut
1547 665 1655 706 binas,
1682 675 1769 698 nunc
1795 663 2021 709 ignominiam.

96 714 260 748 Nobilem
286 714 410 757 antiqui
437 724 500 758 pro
527 719 607 746 noto
635 714 814 758 ponebant.
867 714 1020 747 Plautus:

466 764 670 810 Peregrina
686 764 808 810 facies
834 769 939 810 atque
964 760 1173 810 ignobilisfff’.

96 817 282 863 Noegeum
309 816 443 850 amiculi
470 827 584 860 genus.
638 816 824 862 Noegeum
848 816 1037 851 candidum.
1090 816 1223 850 Livius:

466 868 655 901 Lacrimas
680 868 726 901 de
751 879 812 902 ore
838 879 973 914 noegeo
1001 868 1156 910 detersit,

196 919 231 952 id
259 925 308 953 est
333 918 489 953 candido.

93 971 180 1006 Nixi
206 971 252 1004 (lii
279 971 553 1016 appellabantur,
586 981 671 1014 quos
698 971 861 1015 putabant
887 971 1078 1015 praesidere
1104 970 1304 1015 parientium
1330 970 1468 1004 nixibus.

92 1024 242 1058 Nictare
269 1019 334 1056 et⁵⁶
355 1022 529 1056 oculorum
558 1027 589 1055 et
616 1022 756 1054 aliorum
784 1023 1011 1056 membrorum
1036 1019 1142 1056 nisu-'¹⁷
1169 1033 1271 1066 saepe
1298 1022 1424 1066 aliquid
1452 1021 1576 1056 conari.
1635 1021 1782 1056 Dicimus
1817 1021 1902 1054 enim
1937 1021 2044 1055 nicta—

194 1075 318 1108 tionem
328 1070 354 1091 ⁵⁸
374 1079 407 1107 et
433 1074 566 1107 nictum.
620 1073 798 1107 Caecilius:

463 1124 568 1158 Hunc
594 1125 752 1158 tremulis
772 1125 960 1170 palpebris
980 1128 1171 1170 percutere
1196 1125 1299 1158 nictu.

91 1178 200 1212 Mem
228 1176 317 1212 canis
344 1176 377 1208 in
405 1175 586 1209 odorandis
612 1176 758 1210 ferarum
786 1177 931 1222 vestigiis
957 1172 1108 1210 leviter⁵⁹
1129 1177 1299 1222 ganniens.
1352 1176 1493 1209 Ennius:

461 1226 563 1261 Nare
588 1228 719 1273 sagaci
744 1229 869 1270 sensit,
899 1240 983 1262 voce
1007 1240 1074 1262 sua
1099 1229 1197 1262 nictit
1223 1229 1425 1273 ululatque,-

189 1278 278 1313 unde
305 1282 337 1311 et
362 1279 524 1324 gannitio.

87 1331 269 1377 Ningulus
295 1330 413 1363 nullus.
466 1330 616 1365 Marcius
642 1336 751 1365 vates:
788 1331 845 1365 Ne
867 1332 1036 1377 ningulus
1057 1331 1195 1365 mederi
1221 1335 1334 1376 queat.

87 1383 268 1429 Nequam,
299 1382 356 1426 qui
382 1393 425 1415 ne
450 1383 532 1415 tanti
559 1383 697 1426 quidem
726 1388 774 1417 est
784 1380 819 1424 ⁶⁰,
848 1396 948 1428 quam
976 1384 1070 1428 quod
1097 1383 1242 1416 habetur
1268 1382 1402 1417 minimi.

87 1435 230 1469 Nonum
254 1433 376 1467 Graeci
401 1445 459 1466 vas
486 1435 658 1478 aquarium
687 1431 835 1469 dicunt⁶¹
858 1435 988 1469 humile
1017 1431 1083 1469 et⁰²
1106 1446 1309 1476 concavum,
1358 1433 1451 1478 quod
1479 1433 1583 1477 vulgo
1612 1435 1732 1466 vocant
1758 1431 1889 1464 situlum
1917 1430 2041 1463 barba-

188 1492 277 1527 tum,
315 1485 405 1518 unde
431 1486 507 1518 nani
531 1487 730 1531 pumiliones
757 1484 1013 1532 appellanturffl.

86 1538 219 1572 Necem
243 1549 262 1570 a
285 1537 419 1570 Graeco
441 1537 507 1570 dici
534 1542 661 1571 certum
690 1543 748 1572 est.
801 1540 920 1575 Νέκυν
930 1536 955 1557 ⁶⁴
976 1539 1063 1572 enim
1090 1542 1257 1571 mortuum
1285 1537 1400 1570 dicunt
1426 1536 1561 1570 Graeci.

87 1590 213 1623 Nivem
238 1584 529 1633 interpretantur⁶⁵
551 1601 675 1623 novum
703 1601 743 1623 ex
769 1590 923 1632 Graeco,
965 1590 1060 1634 quod
1086 1590 1135 1623 illi
1163 1590 1244 1625 νέον
1271 1585 1428 1622 dicunt⁶⁶.

85 1640 301 1686 Nequinates
326 1640 520 1673 Narnienses
530 1637 563 1675 ⁸⁷.

85 1692 297 1738 Negotium,
335 1691 427 1735 quod
454 1703 521 1725 non
547 1692 586 1725 sit
613 1692 727 1727 otium.

89 1781 146 1811 Gu.
161 1784 187 1812 1.
212 1796 253 1802 —
274 1777 321 1820 37)
344 1782 464 1819 nuptis]
488 1782 606 1819 nuptiis
624 1781 718 1813 Gu.1.
741 1798 783 1803 —
806 1782 853 1818 38)
876 1780 962 1820 novi]
987 1791 1043 1809 om.
1084 1778 1241 1819 ignobilis]
1264 1777 1300 1806 id
1314 1783 1356 1806 est
1371 1778 1479 1816 ignota
1494 1777 1561 1806 add.
1579 1777 1610 1805 L.
1633 1792 1675 1798 —
1696 1777 1744 1812 56)
1768 1776 1805 1815 et]
1822 1781 1864 1804 est
1880 1776 1907 1804 S.
1930 1791 1971 1796 —
1993 1777 2038 1808 57)

86 1825 143 1853 Gu.
155 1826 181 1855 1.
201 1839 239 1844 -
262 1820 308 1861 39)
327 1824 489 1851 unciarum
505 1823 556 1862 sit]
572 1829 614 1852 est
630 1835 700 1854 unc.
716 1824 745 1853 L.
756 1824 804 1861 B.‚
827 1824 856 1852 in
875 1834 935 1862 quo
952 1824 1043 1852 omis-
1085 1821 1168 1860 nisu]
1191 1823 1266 1850 nixu
1282 1821 1312 1848 L.
1339 1836 1373 1842 —
1401 1822 1445 1855 58)
1465 1819 1585 1859 nictat.]
1609 1824 1635 1847 et
1648 1820 1753 1847 nictat.
1765 1828 1810 1858 pr.
1833 1834 1874 1840 —
1897 1820 1942 1850 59)
1968 1817 2039 1844 levi-

84 1877 150 1896 sum
168 1870 212 1894 est
227 1864 318 1904 quod,
342 1881 383 1886 —-
403 1864 449 1905 40)
473 1866 547 1905 sive]
571 1867 619 1894 vel
632 1867 661 1895 L.
688 1884 722 1888 —
748 1864 794 1906 41)
817 1866 966 1905 novimen]
989 1877 1041 1894 no·
1086 1864 1141 1903 ter]
1156 1865 1260 1892 leniter
1275 1863 1306 1891 L.
1323 1863 1355 1893 B.
1370 1862 1406 1891 M.
1425 1863 1481 1891 Gu.
1499 1866 1526 1895 1.
1543 1863 1571 1891 S.
1596 1879 1633 1884 —
1660 1864 1706 1895 60)
1729 1864 1782 1897 est]
1800 1870 1858 1890 om.
1872 1860 1905 1888 B.
1927 1876 1969 1881 —
1992 1860 2039 1897 51)

84 1916 185 1938 tamen
200 1908 230 1936 L.
256 1924 290 1929 —
317 1908 363 1945 42)
377 1907 477 1948 facit]
492 1910 600 1946 saciat
616 1910 647 1938 L.
662 1910 694 1938 B.
719 1926 760 1931 —
782 1909 827 1948 43)
849 1915 936 1948 temp.
952 1907 1041 1947 noct]
1087 1908 1198 1936 Graeci
1217 1916 1272 1934 vas
1293 1917 1340 1944 aq.
1354 1904 1432 1944 dia]
1454 1917 1512 1934 vas
1526 1915 1634 1944 aquar.
1650 1903 1708 1934 dic.
1727 1904 1780 1932 Gr.
1795 1903 1826 1932 Β.
1848 1919 1890 1924 -
1912 1904 1957 1936 62)
1980 1902 2038 1930 lzu—

83 1953 180 1981 noetio¹
196 1956 282 1989 temp.
296 1950 328 1978 B.
350 1967 392 1971 —
414 1949 461 1990 44)
484 1954 643 1988 vocantur]
667 1952 863 1991 appellantur
879 1952 935 1980 Gu.
951 1954 976 1983 1,
997 1967 1040 1973 -
1085 1948 1170 1988 mile]
1188 1949 1301 1988 populi
1324 1948 1391 1978 add.
1413 1948 1452 1978 M.
1478 1965 1520 1970 —
1549 1948 1598 1986 63)
1629 1946 1707 1975 unde
1721 1944 1902 1984 ——appell.]
1924 1955 1982 1974 om.
2007 1946 2037 1973 L.

81 1995 130 2034 45)
157 1991 339 2032 dependent]
357 1992 488 2031 pendent
506 1994 538 2023 L.
590 1994 759 2033 dependunt
784 1995 822 2023 M.
868 1992 1039 2032 dependant
1076 1992 1260 2031 pumiliones
1280 1992 1308 2019 S.
1334 2006 1374 2012 —
1404 1992 1449 2025 64)
1474 1990 1592 2028 Νέκυν]
1617 1991 1664 2018 Sic
1677 1989 1715 2018 M.
1733 1989 1790 2017 Gu.
1806 1992 1834 2021 2.
1857 1988 1885 2016 S.
1930 1986 2038 2027 νεκρόν

83 2038 139 2068 Gu.
152 2040 179 2068 1.
206 2053 242 2057 —
266 2034 312 2075 46)
336 2036 550 2074 Abctilugam]
567 2037 616 2065 Sic
633 2038 663 2066 B.
681 2037 717 2066 M.
736 2037 793 2066 Gu.
807 2040 832 2068 1.
847 2039 875 2067 2.
892 2047 937 2075 pr.
975 2036 1039 2064 No·
1081 2035 1162 2073 vulg.
1194 2045 1274 2069 νεκις
1288 2033 1338 2070 Β.,
1360 2033 1391 2061 in
1407 2043 1500 2072 marg.
1517 2045 1630 2068 νεκιως.
1662 2038 1705 2059 est
1719 2036 1748 2060 et
1761 2030 1852 2061 νέκυν
1866 2041 1923 2060 om.
1939 2031 1997 2060 Gu.
2010 2034 2036 2062 1.

82 2081 227 2108 ctilucam
248 2079 276 2106 S.
321 2079 506 2106 nocticulam
522 2079 552 2110 L,
575 2095 616 2101 —
638 2079 688 2115 47)
710 2079 856 2108 Lucilius
876 2088 971 2116 quum
987 2077 1038 2105 di-
1081 2088 1168 2115 necys
1183 2075 1316 2105 cadaver
1330 2081 1483 2104 mortuum
1499 2086 1545 2116 pr.
1591 2085 1647 2104 om.
1664 2075 1811 2103 Graecum
1828 2074 1858 2102 L.
1873 2074 1928 2102 Gu.
1946 2076 1973 2105 1.
1995 2089 2037 2095 —

80 2123 140 2161 xit]
165 2122 213 2150 Sic
231 2121 287 2149 Gu.
300 2124 329 2153 2.
348 2121 376 2148 S.
420 2122 565 2149 Lucilius
579 2120 656 2150 dixit
673 2133 768 2160 quum
785 2121 814 2150 L.
829 2121 861 2149 B.
879 2121 934 2150 Gu.
948 2123 975 2152 1.
993 2131 1036 2160 pr.
1081 2123 1126 2154 65)
1157 2119 1409 2158 interpretantur]
1444 2120 1492 2148 Sic
1513 2119 1543 2147 L.
1564 2118 1602 2147 M.
1625 2118 1681 2147 Gu.
1700 2121 1724 2149 1.
1742 2120 1771 2149 2.
1824 2118 2036 2155 interpretatur

82 2183 118 2187 -
142 2166 191 2201 48)
214 2162 280 2202 qui]
304 2163 352 2191 sic
369 2163 399 2191 L.
417 2163 448 2193 B.
464 2164 501 2191 M.
519 2163 574 2192 Gu.
586 2168 611 2196 1.
623 2167 651 2196 2.
668 2175 712 2203 pr.
732 2166 759 2193 S.
805 2162 889 2202 quod
901 2164 981 2201 vulg.
996 2179 1038 2185 —
1081 2163 1160 2200 vulg.
1182 2179 1224 2184 —
1245 2160 1290 2201 66)
1313 2160 1383 2191 νέον
1397 2161 1516 2198 dicunt]
1539 2161 1588 2190 Sic
1607 2161 1663 2189 Gu.
1679 2163 1707 2192 2.
1752 2159 1859 2188 dicunt
1871 2160 1942 2189 νέον
1955 2159 2032 2196 vulg.

79 2209 126 2247 49)
145 2207 248 2235 liberis
263 2205 408 2244 sublatis]
432 2205 481 2234 Sic
497 2206 527 2234 L.
543 2206 575 2235 B.
594 2206 631 2235 M.
647 2207 702 2235 Gu.
718 2209 783 2237 1.2.
800 2215 846 2245 pr.
891 2205 966 2234 subl.
985 2205 1036 2234 lib.
1080 2206 1113 2234 B.
1135 2204 1217 2234 addit
1235 2203 1305 2232 inde
1322 2203 1436 2243 νὲοτης.
1488 2214 1546 2234 om.
1569 2204 1716 2233 Graecum
1738 2203 1769 2231 L.
1793 2203 1846 2231 Gu.
1867 2205 1893 2233 1.
1917 2217 1958 2223 —
1987 2202 2032 2236 67)

79 2250 158 2289 vulg.
188 2265 229 2271 ——
257 2250 302 2286 50)
331 2247 496 2284 arcendae]
521 2248 667 2277 creandae
688 2249 718 2278 L.
762 2247 918 2287 augendae
938 2249 966 2276 S.
996 2264 1038 2270 -—-
1083 2246 1280 2287 Narnienses]
1304 2248 1379 2286 quia
1402 2253 1493 2276 antea
1513 2249 1627 2275 narnia
1651 2247 1816 2284 nequinum
1831 2244 1985 2272 dicebatur
2003 2242 2031 2269 [ι.

80 2292 124 2332 51)
148 2290 358 2332 significabat]
379 2292 534 2330 significat
553 2292 584 2319 B.
603 2292 630 2320 S.
654 2308 695 2313 —
717 2292 765 2330 52)
785 2293 921 2329 peccato]
945 2291 1038 2330 culpa
1081 2291 1147 2321 add.

80 2336 112 2364 B.
135 2352 174 2357 —-—
198 2334 245 2372 53)
264 2333 340 2373 pro]
362 2344 419 2363 om.
439 2344 486 2373 pr.
514 2350 556 2355 —
585 2332 633 2374 54)
656 2333 792 2373 dicitur]
815 2339 857 2362 est
873 2335 900 2363 S.
923 2350 964 2355 --
988 2331 1036 2373 55)
