2263 2668
241 166 316 200 52⁰
667 160 1011 196 COMMENTARH
1036 160 1084 193 IN
1109 160 1253 195 PAULI
1278 161 1474 196 DIACONI
1499 161 1755 196 EXCERPTA

235 260 284 290 ἇοί
305 260 443 294 suerunt,
468 257 548 294 quod
571 255 675 284 crebro
699 254 729 282 in
751 252 966 291 prophetarum
990 252 1071 280 libris
1095 255 1243 290 occurrit;
1268 255 1335 283 vide
1359 264 1435 292 quae
1457 254 1570 283 utiliter
1592 254 1664 282 olim
1687 263 1775 292 super
1797 253 1844 283 his
1866 256 2034 286 notavimus
2057 258 2088 287 in
2111 269 2182 287 cou-

236 302 375 330 iectaneis
397 299 503 328 nostris
523 298 617 334 (1.c.).
645 297 738 325 Porro
762 305 919 334 perperam
942 292 1049 330 νεάτας
1070 305 1126 333 pro
1148 295 1240 335 νήτας
1262 302 1322 325 tam
1346 297 1376 324 in
1394 297 1524 334 epitome
1541 306 1629 334 quam
1644 297 1675 325 in
1690 297 1784 335 ipsius
1797 297 1877 325 Festi
1893 297 2027 336 reliquiis
2040 310 2184 330 excusum

237 344 302 373 fuit.
326 340 425 371 Scal.
467 339 566 368 Finem
593 339 763 378 signficari.
802 338 907 366 Nescio
938 347 975 365 an
1004 336 1053 365 hic
1075 338 1170 368 Plauti
1201 340 1291 368 verba
1322 339 1451 367 laudarit
1473 339 1576 367 Fenus
1604 349 1639 367 ex
1661 339 1799 368 Pseudol.
1817 339 1858 376 V,
1883 344 1917 375 1,
1941 340 2035 379 (32.):
2065 340 2104 370 Id
2119 341 2184 383 fuit

238 386 341 415 naenia
363 381 442 412 ludo.
487 382 532 410 lbi
554 382 632 410 enim
655 382 758 409 naenia
775 381 861 420 finis.
905 380 980 408 Inde
1003 384 1098 408 autem
1121 386 1217 410 tracta
1241 387 1285 410 est
1305 380 1379 410 haec
1401 382 1542 419 loquendi
1564 381 1660 417 ratio,
1696 381 1776 419 quod
1799 381 1835 410 iis
1858 382 1911 420 qui
1934 383 2026 411 vitam
2048 383 2184 414 finierant

237 427 322 456 nenia
346 424 538 461 cantabatur,
569 429 624 453 etc.
669 423 749 452 Haec
771 423 859 451 verba
882 421 933 451 abi
954 432 1039 461 ergo,
1072 432 1130 461 quo
1153 425 1338 462 pertineant,
1370 425 1479 452 nescio.
1522 424 1584 451 lmo
1608 424 1738 452 eiusdem
1763 423 1859 452 Plauti
1882 429 1965 462 sunt,
2002 425 2054 454 sed
2076 426 2184 456 leviter

238 472 387 506 corrupta.
432 468 522 504 Lego:
563 466 620 495 Ubi
647 477 699 505 ego
728 466 948 499 circumvertor‚
985 463 1077 501 cado,
1113 465 1147 494 id
1166 466 1234 507 fuit
1264 467 1368 495 naenia
1398 465 1477 495 ludo.
1525 466 1561 495 Et
1583 466 1624 495 ita
1647 467 1766 495 Festum
1792 466 1895 504 legisse
1916 477 2004 496 nemo
2027 467 2183 507 dubitabit,

236 520 322 548 quem
347 519 426 537 nune
448 510 487 537 ita
511 509 597 537 facile
619 508 788 546 supplebis:
811 506 935 536 Plautus
957 507 987 535 in
1010 505 1172 545 Pseudolo,
1197 508 1247 537 ubi
1269 519 1321 547 ego
1345 509 1567 544 circumuertor,
1591 507 1683 545 caclo,
1708 507 1740 537 id
1750 507 1819 549 fuit
1841 510 1947 538 naenia
1969 508 2050 541 ludo.
2089 509 2184 549 Idem,

236 558 290 581 etc.
321 551 416 580 Hodie
438 551 469 580 in
492 551 641 591 impressis
655 551 753 578 Plauti
776 549 845 579 libb.
864 550 947 577 abest
969 559 1031 577 vox
1051 550 1212 589 ego.Dac.
1243 550 1326 580 Huic
1349 550 1460 579 homini
1475 552 1596 579 amanti.
1628 552 1673 580 Ex
1687 550 1786 580 Plauti
1799 551 1981 580 Truculento
1997 552 2046 589 (II,
2073 555 2100 590 1,
2123 555 2182 591 3.):

626 600 709 630 Huic
730 600 843 629 homini
865 600 979 629 amanti
1000 611 1063 628 mea
1086 600 1155 630 lzera
1176 600 1257 641 apud
1278 612 1331 630 nos
1357 600 1438 630 dixit
1462 601 1595 629 naeniam
1619 600 1655 629 de
1678 601 1769 631 bonis.

235 655 293 682 Ista
316 653 391 682 enim
415 651 494 681 domi
517 657 544 681 et
567 659 656 680 mesto
681 662 696 679 a
719 652 805 680 Festo
829 651 926 690 posita
949 661 1039 689 supra
1062 651 1134 681 haec
1157 653 1247 681 verba
1271 650 1352 691 apud
1374 662 1442 688 nos,
1479 656 1507 679 et
1535 650 1604 681 huic
1634 651 1747 681 homini
1770 651 1806 680 ad
1830 652 2003 681 sententiam
2027 653 2183 692 explican-

237 697 321 731 dam,
350 699 384 723 ut
407 695 518 733 optime
543 694 750 723 animadvertit
773 694 912 731 Scaliger.
956 693 1001 721 Ibi
1025 700 1120 723 aulem
1144 696 1258 723 neniam
1283 694 1376 731 dixit,
1413 695 1490 722 iden]
1516 699 1561 722 est
1584 694 1664 732 quod
1687 705 1852 733 supremam
1875 693 1972 732 dixit,
2007 696 2073 724 vale
2096 696 2183 733 dixit,

237 738 318 768 abire
346 738 448 773 iussit,
484 737 585 766 eadem
616 737 731 765 ratione
761 747 818 774 qua
847 746 936 774 supra
960 736 1104 773 diximus3
1143 748 1201 765 non
1225 747 1296 765 vero
1321 741 1353 765 ut
1377 737 1534 764 Lambinus
1558 736 1787 775 interpretatur,
1823 739 1953 766 cantavit
1976 748 2091 767 carmen
2112 736 2181 774 leve,

236 788 321 821 atque
342 781 443 815 inane,
475 784 530 808 etc.
554 779 634 819 quod
656 779 816 808 ridiculum
841 783 892 808 est.
918 778 972 806 Da
983 790 1006 808 c.
1051 778 1146 808 Plaut.
1171 781 1201 808 in
1223 778 1435 809 Bacchidibus.
1452 779 1506 816 lV,
1532 782 1566 816 8,
1590 778 1655 818 (48.
1669 780 1782 819 seqq.);
1813 780 1866 808 sed
1895 780 1982 810 aliter
2010 781 2041 809 iu
2070 780 2183 809 nostris

238 822 473 861 exemplaribus:

607 864 642 894 Si
663 863 718 893 tibi
740 871 780 892 est
801 862 972 899 machaera,
997 871 1027 892 at
1050 863 1134 893 nobis
1156 864 1272 892 vervina
1295 870 1335 892 est
1361 862 1442 892 domi

609 906 675 945 Qua
699 905 813 947 quidem
837 917 888 944 ego
912 913 938 933 te
951 905 1091 947 faciam,
1115 907 1141 935 si
1162 918 1206 935 me
1228 907 1396 943 irritaveris,

609 948 825 991 Confessiorem
848 948 976 977 soricina
999 950 1113 979 naenia,

235 1000 289 1029 Hic
312 1005 408 1028 autem
433 1003 532 1028 censet
553 999 656 1028 Festus
679 1000 800 1028 Neniam
824 1009 885 1027 esse
907 999 1136 1028 minutissimum
1160 999 1348 1036 intestinum,
1386 1000 1467 1038 quod
1497 1000 1581 1029 aliter
1605 999 1710 1029 billum
1735 1000 1847 1030 dicunt.
1893 1000 1930 1029 Et
1951 1001 2020 1031 inde
2044 1001 2181 1031 Plautum

236 1043 345 1071 dixisse
363 1042 572 1071 confossiorem
588 1043 716 1071 soricina
739 1042 838 1079 nenia,
861 1041 919 1069 hoc
943 1046 987 1070 est
1009 1047 1068 1070 tam
1093 1043 1258 1070 consectum
1282 1043 1472 1079 vulneribus,
1495 1048 1529 1071 ut
1551 1053 1587 1071 ex
1610 1053 1644 1071 eo
1668 1042 1742 1071 nihil
1764 1044 1983 1082 relinqueretur
2005 1045 2085 1083 quod
2106 1043 2182 1073 hilla

236 1085 361 1113 soricina
385 1095 443 1113 non
467 1089 541 1113 esset
564 1085 714 1113 minutius.
758 1084 813 1112 Sed
846 1085 931 1122 longe
960 1083 1009 1112 hic
1033 1095 1131 1113 errare
1155 1086 1272 1113 Festum
1297 1085 1371 1113 dicit
1393 1086 1540 1123 Scaliger,
1576 1095 1671 1124 neque
1694 1091 1790 1114 tamen
1814 1088 1876 1124 ipse
1900 1096 1982 1115 suam
2004 1087 2089 1115 nobis
2111 1096 2182 1115 seu-

234 1128 356 1156 tentiam
386 1127 491 1166 aperit.
535 1127 607 1156 Mihi
638 1137 707 1156 vero
729 1138 787 1155 non
812 1127 912 1155 Festus
934 1131 1065 1164 tantum,
1101 1128 1151 1155 sed
1174 1128 1194 1155 ii
1216 1138 1317 1156 omnes
1342 1138 1415 1166 quos
1439 1127 1489 1156 hic
1512 1127 1627 1166 aliquid
1649 1133 1777 1158 tentasse
1800 1128 1902 1166 video,
1941 1129 2028 1168 longe
2051 1139 2066 1157 a
2089 1139 2181 1168 scopo

235 1170 375 1199 videntur
404 1170 573 1207 aberrasse,
613 1180 740 1208 quorum
770 1169 818 1197 alii
850 1180 885 1198 ex
909 1169 1041 1198 Arnobio
1072 1170 1185 1198 neniam
1214 1171 1380 1199 intestinum
1410 1171 1495 1199 etiam
1519 1171 1763 1209 interpretantur.
1808 1171 1867 1199 Alii
1888 1172 2045 1201 soricinam
2067 1172 2182 1200 neniam

235 1223 340 1241 vocem
368 1223 429 1242 esse
458 1212 563 1241 dicunt
592 1223 679 1250 quain
711 1212 815 1240 emittit
844 1222 947 1249 sorex,
986 1223 1060 1250 quae
1085 1223 1170 1250 saepe
1194 1212 1230 1241 ad
1253 1213 1334 1241 illam
1357 1224 1460 1242 vocem
1487 1213 1719 1252 deprehenditur
1744 1218 1771 1242 et
1795 1213 1975 1245 confoditur.
2020 1214 2112 1250 Quod
2134 1213 2182 1245 cui

236 1265 365 1294 unquam
387 1255 509 1295 probari
532 1255 647 1294 possit?
672 1254 728 1283 Sed
752 1265 789 1283 ne
813 1254 876 1282 aliis
901 1254 1057 1292 arguendis
1081 1255 1273 1283 immoremur
1296 1255 1423 1292 diutius,
1448 1256 1567 1285 tandem
1588 1256 1741 1284 videamus
1763 1267 1797 1284 an
1816 1256 1898 1284 nobis
1921 1256 2052 1295 aliquid,
2075 1256 2099 1284 si
2121 1266 2182 1285 non

235 1298 349 1334 verius,
388 1297 577 1326 verisimilius
607 1297 710 1326 saltem
734 1302 882 1336 repertum
906 1297 952 1326 sit.
999 1298 1068 1325 [lem
1092 1297 1187 1326 tribus
1210 1297 1308 1326 verbis
1331 1299 1496 1327 consectam
1522 1298 1608 1327 dabo.
1654 1299 1707 1326 Per
1728 1299 1887 1327 suricinum
1912 1300 2045 1328 naeniam
2067 1298 2182 1327 machi-

234 1340 334 1369 nulam
356 1340 489 1378 intelligo
513 1339 662 1379 capiendis
687 1340 831 1368 soricibus
855 1340 1059 1368 denticulatim
1083 1340 1191 1368 aculeis
1216 1339 1377 1377 confixam,
1407 1351 1481 1379 quae
1501 1341 1569 1369 inde
1592 1341 1676 1369 nenia
1700 1341 1780 1369 dicta
1804 1345 1863 1377 est,
1889 1341 1969 1379 quod
1990 1341 2032 1369 ibi
2055 1341 2180 1378 neniam,

233 1383 386 1412 funebrem
411 1387 528 1411 cantum
552 1384 660 1411 sorices
684 1387 786 1421 captae
808 1387 927 1410 canunt.
965 1382 1048 1417 Quae
1072 1383 1220 1420 eleganter
1242 1387 1270 1410 et
1293 1388 1415 1411 venuste
1439 1383 1511 1411 dicit
1535 1383 1670 1411 Plautus:
1696 1382 1909 1422 Confossiorem
1933 1383 2062 1412 soricina
2084 1383 2179 1413 nenia.

233 1425 323 1455 Dae.
355 1424 479 1454 Naem'a.
514 1425 555 1453 Ita
579 1425 693 1454 Nonius
717 1425 794 1464 (pag.
810 1425 880 1456 145.
905 1423 1006 1463 Mero.)
1031 1429 1059 1453 et
1083 1425 1178 1453 Gloss.
1203 1425 1322 1453 Graec.:
1345 1424 1456 1462 Nenia,
1481 1422 1595 1456 ἄτονία.
1630 1425 1698 1453 Dixi
1721 1425 1759 1452 ad
1782 1425 1956 1455 Varronem.
1981 1424 2088 1454 Aiunt.
2117 1425 2180 1453 Au-

233 1472 301 1496 tem.
331 1467 457 1496 Dicitur.
490 1468 615 1496 Dictum.
647 1467 743 1498 Ne'rov
766 1474 937 1496 extremum.
969 1467 1096 1498 Νὲατον.
1127 1467 1203 1496 Alii:
1228 1467 1348 1507 Νέστην
1370 1475 1531 1496 eoetremum
1555 1468 1719 1496 intestinum
1743 1465 1854 1496 dicunt.
1882 1467 1971 1507 Νὲτη.
1999 1467 2057 1495 Δ]Ξί
2080 1465 2178 1507 νεάτη.

232 1509 346 1538 Naenia
369 1517 418 1539 cst.
451 1510 586 1538 Fortasse
606 1510 636 1538 in
657 1510 850 1538 Truculento.
900 1508 1005 1540 Goth,

396 1559 567 1589 Naeuiae
588 1560 697 1590 Deae.
741 1561 834 1590 Nenia
859 1560 912 1589 dea
936 1560 1075 1588 funerum
1098 1560 1150 1588 ubi
1171 1561 1258 1589 nenia
1282 1559 1453 1589 canebatur.
1483 1559 1637 1598 Augustin.
1660 1561 1697 1589 (le
1718 1560 1836 1590 civitat.
1860 1559 1912 1588 Dei
1933 1559 1984 1588 lib.
1997 1559 2031 1590 V.
2055 1570 2120 1599 cap.
2133 1563 2179 1593 9.:

232 1601 269 1631 Et
290 1602 367 1632 Deos
389 1601 430 1631 ad
452 1603 545 1641 ipsum
568 1602 710 1632 hominem
731 1604 903 1643 pertinentes
927 1601 1033 1630 clausit
1056 1601 1097 1630 ad
1118 1602 1267 1631 Naeniam
1289 1602 1384 1630 Deam
1407 1613 1481 1642 quae
1509 1603 1538 1631 in
1559 1602 1721 1643 funeribus
1749 1613 1847 1630 senum
1877 1608 2021 1631 cantatur.
2066 1602 2178 1634 Arnob.

234 1645 282 1675 lib.
298 1645 335 1674 l.;
358 1643 393 1673 In
417 1643 506 1673 tutela
528 1653 595 1674 sunt
616 1644 751 1675 Orbonae
770 1644 875 1674 Orbati
897 1643 996 1672 liberis
1016 1652 1169 1684 parentes‚·
1192 1646 1223 1674 in
1245 1645 1355 1682 neniae,
1379 1644 1483 1684 quibus
1505 1652 1637 1674 extrema
1660 1652 1726 1674 sunt
1748 1652 1885 1684 tempora.
1918 1644 1966 1672 Sic
1988 1644 2105 1682 tibicen,
2128 1645 2181 1684 qui

236 1687 348 1716 neniam
372 1687 509 1724 canebat,
539 1688 635 1716 dictus
658 1689 744 1717 etiam
770 1687 863 1717 nenia.
909 1686 998 1715 Dac.

397 1736 542 1766 Navali
569 1748 720 1768 corona.
768 1738 842 1767 Plin.
864 1737 916 1767 lib.
929 1737 1008 1766 XVI.
1032 1748 1096 1776 cap.
1110 1738 1158 1770 4.:
1196 1735 1308 1767 Cedunt
1335 1744 1361 1765 et
1389 1744 1533 1766 rostratae
1558 1738 1674 1774 civicis,
1709 1737 1843 1778 quamvis
1864 1737 1894 1765 in
1917 1734 2030 1766 duobus
2050 1737 2182 1774 maxima

237 1778 276 1807 act
298 1779 353 1809 lzoc
375 1781 439 1809 aevi
462 1779 584 1809 celebres
607 1780 654 1810 M.
675 1780 809 1810 Varrone
832 1792 845 1808 e
865 1781 1002 1819 piraticis
1025 1779 1126 1817 bellis,
1150 1779 1238 1809 dante
1259 1779 1376 1819 Magno
1399 1779 1553 1818 Pompeio,
1576 1781 1699 1820 itemque
1720 1779 1768 1809 M.
1784 1779 1923 1819 Agrippa
1945 1777 2085 1808 tribuente
2108 1777 2182 1809 Gae-

238 1832 300 1849 sare
321 1833 335 1849 e
356 1821 482 1858 Siculis,
511 1834 586 1862 quae
608 1830 633 1851 et
656 1824 720 1862 ipsa
741 1823 886 1863 piratica,
915 1830 941 1851 et
962 1830 1063 1862 postea
1086 1821 1167 1851 dedit
1188 1822 1265 1851 hanc
1284 1822 1439 1860 Augustus
1460 1833 1598 1851 coronam
1619 1823 1787 1862 Agrippae,
1822 1820 1874 1850 sed
1896 1821 2020 1851 civicam
2043 1831 2062 1849 a
2080 1832 2182 1860 genera

239 1861 362 1893 humano
385 1866 497 1903 accepit
519 1867 588 1905 ipse.
632 1865 713 1894 Idem
737 1866 787 1894 hb.
803 1865 864 1894 VH.
890 1867 1036 1904 cap.30.:
1070 1865 1118 1895 M.-
1143 1865 1275 1894 Varroni
1295 1863 1429 1903 Magnus
1450 1863 1605 1904 Pompeius
1625 1866 1752 1904 piratico
1775 1875 1815 1893 εει·
1837 1862 1912 1893 bello
1935 1862 2070 1892 navalem
2091 1862 2180 1894 dedit.

241 1903 284 1930 Ex
312 1904 356 1933 his
386 1907 530 1945 intelliges
556 1908 634 1936 Festi
664 1909 772 1945 verba,
812 1908 916 1946 paucis
946 1908 1096 1945 exceptis,
1135 1918 1210 1946 quae
1240 1907 1326 1945 plane
1355 1908 1468 1943 ignoro.
1513 1907 1595 1936 Adde
1620 1907 1694 1936 Gell.
1717 1907 1767 1937 lib.
1781 1907 1814 1937 V.
1838 1906 1944 1945 cap.5.
1973 1905 2063 1936 Am.
2085 1905 2180 1946 Aug.

243 1945 336 1973 Prima
358 1948 434 1976 Festi
465 1950 554 1978 verba
585 1951 749 1989 incipiunt:
791 1949 849 1987 Qui
873 1951 987 1989 primus
1014 1951 1045 1979 in
1072 1949 1207 1980 hostium.
1253 1949 1466 1978 Desiderantur
1497 1960 1565 1987 ergo
1596 1949 1802 1988 praecedentia
1827 1959 1901 1986 quae
1927 1958 1965 1977 ex
1988 1947 2118 1987 epitome
2140 1948 2181 1977 ita

242 1988 454 2024 supplebimus:
490 1991 600 2021 Navali
630 2004 739 2022 corona
766 1991 839 2021 solet
868 1991 992 2029 donari,
1028 1993 1078 2033 qui
1103 1993 1217 2031 primus
1244 1993 1273 2020 in
1300 1991 1425 2020 hostium
1454 2002 1555 2020 navem
1578 2000 1709 2021 armatus
1731 1990 1919 2027 transilierit,
1957 1991 2073 2020 cuiusve
2093 2001 2182 2030 opem

241 2039 362 2076 manuve
384 2033 464 2060 navis
486 2033 608 2063 hostium
633 2043 721 2074 capta
741 2034 849 2076 fuerit.
893 2034 997 2074 Itaque
1019 2034 1141 2074 adeptus
1163 2043 1203 2063 est
1227 2045 1291 2062 eam
1314 2033 1363 2063 M.
1387 2033 1485 2062 Varro
1509 2033 1635 2063 donante
1659 2033 1710 2064 Cn.
1734 2033 1838 2073 Pomp.
1860 2032 1992 2073 Magno,
2029 2031 2105 2062 bello
2125 2033 2180 2073 pi·-

244 2077 346 2100 rauco.
387 2071 455 2101 Item
478 2075 518 2102 A.
541 2076 684 2114 Attilius,
716 2076 791 2106 hello
816 2084 919 2106 contra
940 2076 1058 2108 Nabim.
1099 2078 1182 2113 Quae
1204 2081 1372 2115 sequuntur
1393 2077 1452 2104 alio
1475 2078 1631 2115 pertinent.
1669 2077 1707 2105 M.
1728 2077 1855 2105 Varroni
1884 2085 2024 2104 coronam
2045 2075 2181 2104 navalem

242 2111 341 2159 datam
364 2119 466 2142 auctor
490 2117 616 2155 Plinius,
648 2125 676 2148 et
693 2120 786 2149 Varro
810 2120 873 2157 ipse
895 2120 926 2148 in
948 2120 985 2149 ΙΙ.
1010 2121 1046 2149 de
1068 2130 1100 2149 re
1123 2124 1197 2149 rust.
1221 2119 1325 2147 scribit
1346 2119 1424 2147 bello
1447 2120 1574 2158 piratico
1596 2120 1674 2148 inter
1696 2119 1817 2155 Delum,
1846 2124 1875 2146 et
1891 2117 2023 2147 Ciliciam
2041 2117 2182 2147 Graeciae

242 2154 381 2201 classibus
412 2166 440 2183 se
468 2160 636 2193 praefuisse.
681 2164 713 2190 A.
738 2162 857 2191 Attilius
886 2167 1006 2201 praetor
1035 2173 1102 2190 cum
1131 2163 1224 2191 classe
1255 2162 1360 2190 missus
1390 2167 1435 2190 est
1464 2162 1494 2190 in
1523 2162 1676 2191 Graeciam
1705 2161 1741 2190 ad
1772 2161 1898 2190 tuendos
1927 2160 2035 2190 socios.
2079 2159 2181 2189 Livius

243 2197 292 2226 hb.
307 2197 436 2244 KXXV,
462 2199 498 2235 (C-
513 2201 583 2237 20-)-
614 2203 696 2236 Quae
720 2209 902 2243 sequuntur,
925 2210 959 2233 ut
980 2204 1060 2242 dixi,
1084 2206 1239 2233 manifesto
1263 2204 1300 2232 ad
1323 2204 1379 2232 alia
1401 2205 1556 2243 pertinent.
1589 2205 1626 2233 Et
1650 2214 1782 2241 carmen,
1806 2209 1879 2243 puto
1895 2203 2022 2239 Saliare,
2043 2202 2075 2231 in
2097 2201 2180 2231 testi-

243 2249 373 2267 monium
397 2241 624 2277 producebatur.
649 2244 749 2275 Scal.
794 2247 911 2275 Corona
933 2248 1047 2276 navalis
1071 2253 1132 2276 tota
1156 2258 1192 2276 ex
1216 2257 1305 2282 auro,
1330 2247 1435 2275 rostris
1458 2247 1560 2276 avium
1584 2247 1732 2285 insignita.
1776 2247 1817 2275 Ea
1840 2246 1983 2275 donatum
2005 2244 2043 2274 M.
2068 2244 2180 2274 Varro-

243 2291 307 2327 ffflm
331 2286 457 2310 testatur
478 2284 554 2311 Plin-
577 2284 681 2322 (XVI,
704 2288 733 2316 4.
757 2288 825 2324 VH,
849 2287 927 2329 30.).
972 2290 1009 2318 Et
1030 2290 1094 2328 ipse
1117 2290 1211 2319 varro
1234 2289 1284 2319 lib.
1297 2289 1339 2325 11,
1364 2289 1431 2326 (fin.
1455 2290 1563 2328 praef.)
1587 2290 1623 2318 de
1646 2300 1678 2318 re
1700 2293 1775 2319 rust.
1820 2289 1931 2318 Scribit
1952 2287 2032 2316 beno
2053 2285 2178 2325 piratico

241 2328 320 2370 mter
343 2323 445 2352 Delum
469 2331 496 2353 et
518 2326 648 2353 Ciliciam
673 2329 811 2357 Graeciae
834 2332 976 2360 classibus
1000 2342 1029 2360 se
1052 2333 1225 2371 praefuisse.
1271 2335 1304 2360 A.
1328 2331 1449 2360 Attilius
1480 2338 1598 2371 praetor
1627 2343 1693 2360 cum
1722 2332 1816 2360 classe
1841 2332 1945 2360 missus
1967 2328 2061 2358 estin
2085 2327 2179 2356 Grae-

243 2376 319 2393 cmm
348 2366 385 2393 ad
412 2368 535 2396 tuendos
564 2369 674 2403 socios,
708 2370 770 2398 Liv.
793 2371 977 2403 liuxxxv.
1002 2374 1034 2412 (l.
1053 2374 1092 2412 c.)
1123 2376 1159 2404 de
1181 2374 1320 2403 Saturnio
1350 2375 1480 2403 carmine
1508 2375 1588 2413 quod
1617 2375 1647 2403 in
1678 2374 1783 2403 tabulis
1812 2374 1902 2403 duces
1932 2371 2050 2411 publice
2070 2378 2179 2408 ponere

244 2407 390 2444 solebant,
418 2410 535 2438 Attilius
549 2410 778 2439 'fortunatianus
797 2412 832 2440 de
848 2414 985 2443 Saturnio
1003 2422 1111 2445 metro:
1135 2416 1230 2455 Apud
1247 2423 1361 2446 nostros
1377 2424 1490 2454 autem,
1513 2418 1628 2455 inquit,
1651 2417 1681 2446 in
1703 2414 1811 2445 tabulis
1833 2415 1962 2455 antiquis
1982 2423 2055 2453 quas
2077 2411 2177 2440 trium-
