2263 2668
534 128 598 162 DE
624 125 1008 163 SIGNIFICATIONE
1035 124 1318 163 VERBORUM.
1371 127 1516 162 LIBER
1540 128 1598 163 lx.
1961 136 2038 173 457

99 222 270 253 auctoribus
299 226 402 250 notum
425 225 478 250 est.
519 221 628 250 Tamen
651 220 726 250 nihil
748 220 930 250 mutandum.
969 218 1042 247 Nam
1065 223 1145 247 recte
1168 217 1270 248 tabula
1292 219 1414 250 dicitur.
1452 221 1564 249 Tabula
1588 225 1632 250 est
1656 220 1776 261 στορεύς
1797 224 1846 253 vel
1869 223 1978 266 ἐσχάρα
2000 230 2036 259 li-

98 276 187 305 gnum
211 265 389 303 quadratum
413 263 506 292 felicis
529 265 685 300 materiae,
711 264 790 302 quod
814 263 850 292 ad
872 261 1077 291 excudendum
1101 261 1197 299 ignem
1223 261 1352 291 Vestales
1375 263 1489 292 terebra
1513 264 1607 293 ferrea
1632 265 1833 303 perforabant.
1874 270 1931 298 Sed
1954 273 2036 310 quod

98 308 180 337 addit
200 308 320 336 Festus:
360 305 515 346 Quousque
536 314 687 346 eaecepfflm
712 307 804 345 ignem
828 304 923 334 cribro
946 314 1032 332 aeneo
1054 304 1135 342 virgo
1158 305 1188 332 in
1210 303 1308 333 aedem
1329 304 1435 346 ferrei,
1469 306 1499 334 id
1522 307 1664 336 Salmasio
1686 313 1855 346 suspectum
1878 317 1930 342 est.
1975 315 2036 344 Nec

98 351 175 379 enim
200 350 345 385 cribrum,
377 349 491 387 inquit,
520 348 557 377 ad
579 347 656 377 hanc
677 359 740 377 rem
762 353 873 387 aptum.
915 346 976 375 Nec
999 346 1129 374 cribrum
1154 357 1189 374 ex
1215 357 1295 384 aere,
1327 352 1454 385 σκαφεῖα
1475 346 1566 387 χαλκά
1590 355 1678 378 vocat
1700 351 1853 383 Plutarch,
1877 354 1908 382 in
1934 355 2024 386 Numa

98 393 168 422 licet
190 393 280 432 paulo
304 393 388 420 aliter
410 396 512 420 narret
532 391 608 429 ignis
633 391 760 419 Vestalis
784 389 906 420 extincti
928 388 1124 417 resuscitandi
1147 399 1266 417 morem.
1298 390 1418 426 Scribe,
1441 391 1554 429 inquit,
1577 392 1606 420 in
1630 402 1703 421 cavo
1725 403 1812 423 aeneo
1835 400 1887 424 aut
1910 397 1940 426 in
1963 382 2036 429 cami

98 446 179 464 aeno.
213 436 297 464 Certe
318 435 348 462 in
371 434 462 462 veteri
484 433 536 463 lib.
560 434 703 472 scriptum
729 438 772 462 est
793 432 883 462 cribo.
905 431 961 460 Da
972 442 996 462 c.
1033 431 1101 459 Dixi
1125 431 1161 459 ad
1185 431 1239 469 leg.
1254 431 1319 460 ΧΗ.
1342 433 1402 461 tab.
1434 433 1516 461 Adde
1538 434 1654 462 Livium
1673 435 1808 467 XXVIII.
1836 436 1942 468 Goth.
1981 441 2036 470 Te.

98 476 214 506 rebrare
236 478 272 506 al.
297 484 390 506 terere.
415 473 527 505 Idem.
564 474 645 515 Ignis
669 475 775 504 Vestae
797 476 826 503 in
849 492 887 496 —
910 472 1008 502 aedem
1022 472 1129 514 firret.
1165 473 1308 502 Emendat
1331 475 1427 502 locum
1452 475 1573 504 casaub.
1597 476 1677 505 Lect.
1701 476 1824 508 Theocr.
1848 483 1934 512 c.20,

262 518 389 558 Ignem
411 529 457 547 ex
480 517 584 547 domo
610 516 807 546 Flaminia.
851 517 907 545 Hic
928 526 989 545 vox
1009 515 1096 544 domo
1119 515 1240 544 videtur
1262 516 1428 553 abundare,
1463 528 1527 546 nam
1551 516 1700 547 Flaminia
1725 519 1859 550 absolute
1882 523 2036 555 dicebatur

99 561 209 589 Domus
232 561 383 591 Flaminis.
429 561 477 589 Sic
501 560 575 588 Gell.
598 560 649 591 lib.
665 561 702 590 X.
725 570 789 599 cap.
804 561 851 591 15.
893 559 989 598 Ignem
1012 568 1026 588 e
1049 558 1207 595 Flaminia,
1240 558 1270 587 id
1294 564 1336 588 est
1360 559 1499 589 Flaminis
1527 560 1615 589 Dialis
1636 561 1725 590 domo
1748 562 1804 591 nisi
1826 573 1961 602 sacrum,
1992 568 2035 597 ef-

99 603 170 632 ferri
191 604 235 632 ius
256 614 316 632 non
341 608 394 632 est.
437 602 524 632 Dac.

260 644 431 675 Icadion.
476 645 549 674 Vide
571 643 719 674 Rhoncles.
766 644 852 674 Dae.

262 686 481 717 Iracundia.
525 688 568 716 Ab
591 688 637 715 ira
663 692 693 715 et
714 688 810 716 veteri
830 685 943 725 cando,
968 686 1047 715 unde
1069 684 1209 724 incend03
1233 686 1273 714 ita
1297 686 1411 716 Festus.
1448 687 1530 717 Male.
1567 687 1732 718 Iracundus
1754 689 1789 718 ab
1813 690 1937 729 iratum,
1963 698 1996 722 ut
2018 705 2033 722 a

95 727 196 769 fatum
212 729 381 771 facundus,
410 740 425 758 a
447 730 565 759 veritum
588 728 773 759 verecundus.
818 729 872 757 Da
882 741 905 759 c.

262 771 394 801 Italia.
440 772 521 800 Licet
544 784 558 801 a
581 772 700 805 vitulis,
736 772 783 800 vel
812 771 848 799 ab
872 772 946 800 Italo
973 781 1041 809 rege
1070 770 1155 799 multi
1179 770 1276 799 dicant
1299 771 1413 799 Italiam
1437 781 1497 800 esse
1520 772 1713 811 appellatam,
1748 774 1783 802 de
1806 774 1937 804 Attelido
1959 774 2033 806 nihil

98 813 179 842 aliud
197 815 308 853 accepi.
330 815 466 853 Tbucyd.
483 815 533 843 lib.
546 815 595 844 VI.
613 814 691 853 (cap.
704 813 745 853 2.)
769 814 863 843 Varro
887 814 937 845 lib.
949 814 984 842 11.
1007 824 1071 852 cap.
1083 814 1111 845 5.
1135 813 1169 841 de
1193 823 1223 841 re
1246 819 1319 843 rust.
1343 814 1495 842 Columell.
1518 815 1565 843 lib.
1583 815 1627 843 VI.
1650 816 1680 844 in
1705 817 1799 854 princ.
1825 817 1926 855 virgil.
1947 819 1998 848 lib.
2010 820 2033 850 I.

98 856 168 885 Aen.
194 858 313 896 Dionys,
335 857 389 886 lib.
406 858 426 886 l.
456 858 574 896 Antiqq.
599 857 675 885 Gell.
698 857 746 886 lib.
762 857 799 885 11.
824 867 885 895 cap.
903 859 931 887 1.
958 856 1160 895 Apollodorus
1183 856 1212 883 in
1236 855 1375 886 Biblioth.
1400 856 1500 895 steph.
1524 857 1559 885 de
1582 857 1711 886 urbibus.
1733 859 1819 888 Ant.
1841 860 1936 899 Aug.
1980 861 2033 890 Ab

96 897 243 928 Amlido.
289 900 363 928 Puto
388 900 628 938 distinguendum
656 899 691 927 ab
715 899 789 928 Aue
809 897 912 939 Lydo,
947 900 1030 937 quasi
1052 897 1183 927 Attalia.
1228 899 1303 927 Sane
1333 897 1421 936 ἄττης
1451 904 1494 927 est
1524 909 1629 927 nomen
1652 900 1777 939 Lydium
1808 907 1837 930 et
1860 901 2031 941 Phrygium.

96 940 195 978 Lydos
219 952 290 970 vero
314 943 342 970 in
361 943 473 971 ltaliam
497 943 611 971 venisse
632 953 718 970 nemo
742 941 868 970 dubitat.
898 942 977 977 Quin
1000 946 1028 970 et
1045 941 1219 970 Strabonem
1241 941 1395 970 nobiscum
1418 941 1516 970 facere
1538 947 1642 980 postea
1666 942 1915 981 deprehendimus
1933 946 1984 975 lib.
1999 947 2031 975 V.

98 982 177 1021 (pag.
192 986 263 1015 219.
290 985 348 1023 C.):
388 987 427 1015 Οἱ
453 985 603 1023 Τυῤῥηνοὶ
625 985 728 1015 τοίνυν
750 982 832 1023 παρὰ
854 987 915 1019 τοῖς
935 982 1090 1023 Ῥωμαίοις
1107 979 1282 1023 Ἐτροῦσκοι
1304 984 1353 1014 καὶ
1381 984 1508 1014 Τοῦσκοι
1530 983 1812 1025 προσαγορεύονται.
1860 988 1898 1017 Οἵ
1918 985 1947 1018 δ’
1962 985 2032 1019 ’Έλ-

96 1027 183 1063 ames
212 1024 306 1061 οὕτως
335 1025 494 1065 ὠνόμασαν
522 1025 582 1057 ἐπὸ
611 1030 663 1057 τοῦ
690 1026 852 1066 Τυρῤηνοῦ
878 1029 933 1056 τοῦ
948 1025 1069 1061 Ἄτυος,
1109 1023 1148 1060 ὥς
1172 1036 1263 1064 φασι,
1304 1029 1358 1056 τοῦ
1382 1027 1550 1061 στείλαντος
1573 1026 1603 1057 ἐκ
1626 1029 1741 1063 Λυδίας
1763 1024 1912 1064 ἐποίκους
1934 1031 2031 1071 δεῦρο.

98 1067 172 1096 Vide
195 1073 319 1100 caetera.
359 1070 431 1098 Vide
454 1070 596 1098 Herodot.
619 1070 668 1099 lib.
681 1070 703 1099 I.
727 1071 858 1106 (c.94.).
890 1068 989 1099 Scal.
1035 1070 1159 1097 Primam
1183 1069 1260 1097 festi
1290 1070 1463 1097 sententiam
1488 1068 1644 1097 confirmat
1669 1070 1780 1098 Gellius
1802 1071 1852 1100 lib.
1865 1072 1899 1103 II.
1923 1082 1986 1111 cap.
2002 1076 2030 1105 1.

100 1109 236 1139 Timaeus
259 1113 289 1140 in
311 1111 456 1149 historiis,
493 1123 566 1152 quas
596 1112 727 1141 oratione
753 1110 867 1140 Graeca
896 1110 930 1140 de
955 1110 1037 1140 rebus
1057 1122 1125 1151 pop.
1148 1110 1236 1140 Rom.
1260 1113 1420 1150 composuit
1443 1119 1468 1139 et
1489 1110 1537 1140 Μ.
1563 1110 1661 1140 Varro
1685 1113 1714 1140 in
1737 1113 1960 1153 antiquitatibus
1982 1127 2032 1143 re-

98 1163 160 1181 rum
189 1153 382 1183 humanarum
412 1162 517 1183 terram
546 1153 667 1183 Italiam
697 1152 732 1182 de
764 1152 875 1183 Graeco
905 1152 1048 1183 vocabulo
1076 1153 1254 1193 appellatam
1288 1155 1478 1193 scripserunt,
1522 1154 1660 1193 quoniam
1691 1153 1774 1183 boves
1807 1154 1920 1185 Graeca
1946 1158 2032 1186 veteri

97 1192 199 1234 lingua
229 1196 320 1227 ἰταλοὶ
348 1198 471 1226 vocitati
497 1204 571 1226 sunt.
617 1196 697 1225 Idem
728 1201 757 1224 et
785 1196 863 1234 apud
886 1196 1048 1225 Varronem
1077 1196 1155 1233 legas
1178 1197 1214 1225 de
1236 1206 1268 1225 re
1289 1201 1363 1226 rust.
1386 1196 1434 1225 lib.
1448 1196 1483 1225 II.
1507 1206 1571 1234 cap.
1584 1196 1628 1227 5.:
1654 1194 1779 1226 Graecia
1802 1199 1874 1226 enim
1898 1200 2031 1239 antiqua,

97 1244 128 1265 ut
151 1237 253 1267 scribit
276 1239 428 1276 Timaeus,
458 1246 557 1268 tauros
579 1238 705 1267 vocabat
727 1236 862 1275 ἰταλούς,
894 1249 911 1265 α
935 1250 1056 1278 quorum
1077 1237 1296 1278 pulchritudine
1317 1246 1342 1267 et
1356 1238 1445 1279 foetu
1464 1237 1620 1266 vitulorum
1645 1237 1763 1267 Italiam
1789 1238 1936 1270 dixerunt.
1979 1242 2031 1270 Se—

97 1280 225 1308 cundam
248 1282 284 1309 de
307 1282 380 1310 Italo
403 1291 470 1319 rege
493 1281 587 1309 secuti
608 1281 815 1319 Thucydides,
842 1282 987 1309 Antonius
1010 1282 1225 1320 Syracusanus,
1255 1281 1399 1320 Hyginus.
1445 1281 1579 1316 Quorum
1603 1281 1716 1319 primus
1740 1291 1807 1310 eum
1830 1283 1962 1311 Siculum
1986 1283 2032 1312 di'-

97 1322 152 1359 cit,
175 1323 248 1352 alter
270 1323 461 1360 Oenotriam,
491 1323 625 1362 Hyginus
646 1323 761 1361 Ulyssis
784 1333 820 1351 ex
841 1324 989 1361 Telegono
1013 1328 1157 1362 nepotem.
1201 1324 1280 1353 lnsra
1302 1322 1340 1353 ab
1362 1322 1499 1352 Atteliclo
1521 1324 1630 1361 optime
1653 1323 1893 1361 distinguendum
1917 1326 2033 1355 monuit

95 1364 244 1402 Scaliger:
277 1365 330 1395 Ab
352 1365 426 1394 Aue
448 1364 543 1407 Lydo.
586 1367 659 1395 Sane
683 1363 771 1404 ἄττης
799 1371 842 1395 est
870 1376 978 1394 nomen
1003 1367 1129 1405 Lydium
1158 1372 1186 1395 et
1213 1367 1269 1395 suit
1284 1364 1392 1404 ’Ἄττης
1415 1366 1462 1394 vel
1485 1366 1570 1403 Attys
1592 1366 1686 1394 Manis
1711 1366 1819 1404 Lydiae
1842 1368 1917 1404 regis
1940 1368 2031 1405 filius;

95 1406 147 1435 sed
169 1406 243 1436 haec
265 1408 363 1437 omnia
388 1419 484 1438 merae
506 1418 609 1446 nugae.
654 1409 688 1437 Et
712 1409 823 1447 optime
847 1409 967 1438 doctiss.
990 1409 1171 1445 Bocbartus,
1201 1410 1267 1448 qui,
1290 1414 1448 1448 postquam
1470 1408 1612 1447 probavit
1632 1409 1732 1437 ltaliae
1754 1409 1854 1438 littora
1877 1410 2033 1439 Phoenici-

95 1449 152 1478 bus
174 1450 266 1479 fuisse
287 1451 419 1489 cognita,
442 1452 570 1490 priscam
593 1451 706 1480 Italiam
729 1450 804 1480 nihil
827 1451 908 1480 aliud
931 1452 1020 1480 fuisse
1042 1462 1128 1490 quam
1147 1452 1319 1481 Brutiorum
1343 1460 1446 1489 agrum
1471 1461 1537 1479 cum
1561 1456 1643 1489 parte
1667 1452 1827 1488 Lucaniae,
1850 1453 2033 1481 Brutiorum-

96 1501 154 1530 que
177 1503 278 1531 agrum
302 1494 366 1532 pice
390 1494 569 1530 abundasse,
593 1493 712 1522 tandem
736 1495 919 1532 apertissime
943 1494 1158 1522 domonstravit
1174 1495 1291 1523 Italiam
1314 1494 1423 1522 dictam
1447 1494 1482 1522 ab
1507 1493 1639 1521 Hebraeo
1662 1494 1736 1529 ilar,
1760 1495 1792 1523 id
1816 1499 1859 1523 est
1878 1495 1951 1534 pix.-
1977 1496 2034 1524 ita-

96 1535 142 1563 ria
165 1536 249 1574 quasi
272 1537 382 1565 dixeris
402 1537 533 1575 picearia
555 1537 641 1575 regio.
686 1536 791 1564 Graeci
820 1537 932 1564 mollito
955 1546 1029 1564 sono
1054 1535 1176 1564 Italiam
1199 1536 1317 1571 dixere,
1355 1546 1420 1564 nam
1446 1537 1470 1563 R
1494 1540 1522 1564 et
1545 1536 1566 1563 L
1589 1536 1675 1564 facile
1699 1542 1928 1566 commutantur.
1971 1536 2035 1565 Itar

96 1577 150 1616 pix
173 1578 230 1606 alio
253 1579 370 1607 nomine
393 1578 536 1607 Hebraeis
559 1578 729 1606 doctoribus
754 1577 841 1606 calab
866 1578 992 1614 dicitur,
1015 1589 1030 1605 a
1053 1588 1111 1616 quo
1134 1579 1249 1607 vicinae
1272 1577 1383 1606 Brutiis
1407 1577 1559 1606 Calabriae
1582 1589 1705 1615 nomen,
1730 1589 1803 1617 quae
1826 1585 1854 1608 et
1875 1580 1939 1618 ipsa
1961 1579 2035 1619 pinu

97 1624 127 1648 et
148 1620 233 1658 picea
257 1621 377 1658 aliisque
400 1620 554 1648 arboribus
576 1620 708 1658 piciferis
731 1625 774 1648 est
802 1620 888 1648 valde
916 1621 1014 1654 ferax,
1051 1620 1130 1648 unde
1153 1625 1181 1648 et
1203 1620 1302 1648 eadem
1327 1621 1439 1648 Graece
1467 1621 1611 1650 Πευκετία
1635 1619 1770 1649 Peucetia
1791 1621 1870 1650 dicta
1894 1619 1953 1652 οἷπὸ
1977 1624 2035 1652 τῶν

97 1665 217 1692 πευκῶν
240 1672 254 1690 a
278 1663 368 1701 piceis
392 1662 554 1690 arboribus.
577 1662 663 1691 Dac.
703 1660 807 1691 Italos.
839 1662 964 1692 vitulos.
991 1660 1096 1691 Goth.
1129 1661 1209 1692 Itali.
1244 1663 1287 1691 Ab
1311 1662 1398 1690 italis.
1424 1660 1531 1690 Idem.
1565 1660 1660 1690 Italus
1680 1663 1755 1691 nihil
1779 1669 1836 1699 est,
1862 1664 1918 1693 nisi
1941 1665 2034 1693 varie·

98 1708 165 1741 gata
189 1705 299 1740 forma,
332 1705 380 1733 sed
406 1705 536 1734 eiusdem
559 1705 609 1732 illa
633 1704 769 1741 originis,
805 1709 893 1743 atque
917 1702 1088 1740 Σικελός,
1128 1703 1254 1734 Siculus.
1298 1704 1362 1733 Alia
1387 1704 1500 1733 ratione
1521 1704 1679 1733 formatum
1704 1711 1746 1733 est
1770 1705 1930 1743 Sicanus,*
1946 1709 2034 1736 Σικα-

97 1745 168 1782 νός,
195 1747 271 1784 quod
294 1746 370 1775 idem
394 1752 491 1776 tamen
515 1751 556 1775 est
579 1747 766 1776 vocabulum.
797 1747 892 1785 Atque
914 1747 987 1776 haec
1011 1747 1214 1785 antiquissima
1237 1747 1354 1776 videtur
1377 1757 1439 1775 esse
1461 1746 1575 1784 forma,
1598 1747 1780 1776 descendens
1797 1759 1811 1776 a
1828 1749 1938 1777 Graeca
1961 1759 2035 1777 voce

97 1789 168 1825 ἵκω,
195 1794 228 1818 ut
250 1791 411 1820 Σικανοί
433 1790 592 1818 videantur
613 1789 736 1827 intellugi
758 1788 894 1820 advenae.

263 1830 303 1860 In
313 1830 425 1861 doles.
469 1833 685 1860 lucrementum
709 1832 853 1870 significat
874 1832 1046 1871 primigenia
1072 1832 1208 1870 notione,
1240 1838 1272 1861 ut
1295 1832 1374 1871 apud
1399 1831 1527 1860 Gellium
1550 1829 1638 1870 (XX,
1662 1834 1689 1863 6.
1710 1830 1816 1872 extr.):
1855 1831 1962 1862 Mendi
1983 1833 2035 1861 in-

99 1872 187 1904 doles.
237 1873 320 1902 Olere
342 1876 417 1902 enim
442 1885 574 1903 crescere
597 1875 743 1912 significat
767 1879 795 1903 ct
817 1885 913 1913 spem,
940 1885 1026 1913 quam
1050 1885 1086 1902 ex
1111 1876 1196 1903 vultu
1219 1875 1386 1913 colligimus
1410 1874 1528 1902 virtutis
1553 1874 1669 1902 suturae
1692 1875 1721 1901 in
1746 1875 1863 1912 pueris,
1887 1884 1961 1913 quae
1982 1884 2034 1902 vo-

99 1921 186 1944 catur
207 1914 355 1955 χαρακτήρ
377 1928 392 1945 a
414 1918 551 1954 Graecis,
581 1922 612 1945 ut
636 1917 715 1956 apud
737 1917 908 1956 Euripidem
932 1918 1045 1945 dictum
1070 1914 1109 1953 aig
1132 1915 1229 1952 δεινὸς
1252 1915 1399 1957 εὐγενείας
1420 1913 1579 1955 χαρακτήρ.
1626 1917 1764 1945 messae:
1797 1915 1927 1952 Ῑηιῖοἶεε,
1958 1914 2034 1955 καλὴ

99 1959 181 1995 ἐλπὶς
203 1959 234 1988 ἐν
256 1960 396 2001 νεωτέρῳ.
420 1958 520 1989 Scal.
566 1960 649 1988 Adde
670 1960 746 1989 infra
770 1959 910 1997 suboles,
942 1959 1068 1988 Nonium
1092 1960 1255 1998 (pag.456.
1278 1961 1379 1996 Mero.)
1403 1959 1432 1987 in
1455 1957 1595 1988 Indolem.
1623 1957 1726 1988 Goth.
1767 1957 1925 1988 Industria.
1963 1959 2034 1987 Ser-

98 2002 164 2030 vius
188 2001 225 2029 ad
246 2001 321 2030 illud
342 2003 380 2032 X.
405 2002 522 2032 Aeneid.
547 2002 657 2041 (826.):

673 2043 754 2082 Quid
773 2045 840 2083 pius
860 2044 978 2074 Aeneas
999 2051 1081 2072 tama
1106 2042 1189 2072 dabit
1209 2043 1309 2072 indole
1331 2042 1460 2083 dignum.

99 2084 233 2123 latiales,
256 2086 368 2124 inquit,
389 2087 506 2126 proprie
527 2087 624 2125 imago
647 2085 790 2126 quaedam
813 2086 929 2115 virtutis
942 2085 1076 2128 futurae.
1103 2086 1188 2116 Dac.
1236 2085 1322 2123 oleo,
1354 2084 1449 2115 olesco
1472 2095 1526 2124 per
1547 2084 1776 2114 demutationem
1802 2084 1913 2112 vocalis
1936 2089 2033 2113 ortum

98 2138 134 2157 ex
156 2127 222 2164 alo,
253 2129 360 2158 nutrio.
405 2129 448 2157 Cs.
472 2138 546 2166 quae
568 2139 656 2167 supra
679 2129 809 2157 diximus
833 2129 869 2157 ad
891 2139 918 2157 v.
940 2127 1095 2157 Adolescit
1920 2137 1921 2144 ³

262 2170 461 2210 Indigetes.
508 2171 565 2207 Qui
598 2181 634 2199 ex
662 2171 830 2199 hominibus
860 2173 889 2199 in
916 2172 1039 2199 Deorum
1070 2180 1220 2199 numerum
1248 2170 1334 2199 relati
1363 2170 1449 2198 simul
1480 2180 1546 2198 cum
1574 2169 1609 2198 iis
1637 2168 1825 2197 invocantur.
1873 2166 2034 2207 Indigitare

99 2213 174 2242 enim
201 2219 243 2241 est
266 2214 416 2242 invocare.
461 2214 551 2242 Aliter
573 2218 669 2242 tamen
694 2214 812 2249 Festus,
843 2214 927 2242 aliter
950 2218 979 2241 et
1002 2213 1067 2248 alii,
1099 2213 1148 2251 qui
1172 2214 1213 2241 sic
1237 2213 1332 2241 dictos
1356 2213 1460 2241 volunt
1483 2212 1641 2249 indigetes,
1675 2210 1756 2248 quod
1780 2210 1854 2238 nihil
1877 2210 2032 2248 indigeant,

98 2256 145 2284 vel
169 2256 250 2294 quod
273 2256 300 2283 in
325 2256 380 2284 diis
404 2261 498 2294 agant.
542 2257 598 2284 Sed
623 2256 740 2284 omnino
763 2255 902 2295 indigetes
929 2260 997 2284 sunt
1026 2253 1163 2294 χθόνιοι,
1203 2254 1346 2295 ἐγχώριοι.
1390 2255 1435 2283 Ab
1459 2253 1529 2283 indu
1551 2258 1579 2282 et
1601 2264 1657 2292 ago
1681 2252 1812 2291 indiges,
1849 2257 1883 2281 ut
1905 2252 1939 2280 ab
1962 2249 2031 2297 indu

98 2302 127 2326 et
146 2309 221 2337 gena
245 2297 398 2337 indigena,
430 2294 611 2338 αὐθιγενής,
643 2299 692 2337 qui
717 2298 756 2326 ibi
781 2299 894 2335 genitus
918 2303 970 2327 est.
1017 2298 1060 2326 nii
1084 2298 1229 2335 indigetes
1252 2303 1319 2326 sunt
1342 2297 1394 2326 Dii
1415 2297 1513 2336 topici.
1557 2295 1645 2324 Aliud
1670 2300 1788 2334 etymon
1812 2295 1896 2323 etiam
1921 2297 2028 2329 cogita-

98 2341 141 2368 vit
164 2340 309 2369 eruditiss.
333 2341 500 2370 Salmasius.
543 2343 666 2378 Dicere,
690 2341 800 2379 inquit,
825 2346 869 2369 est
891 2341 1028 2379 ἱεραῖσαι,
1055 2341 1132 2369 unde
1155 2339 1286 2369 indicare
1307 2340 1383 2369 idem
1407 2339 1487 2378 quod
1511 2337 1624 2374 dicare,
1648 2343 1682 2366 ut
1704 2349 1841 2377 coquere,
1865 2337 2028 2379 incoquere:

98 2383 202 2422 sepire,
225 2384 347 2422 insepire
368 2388 397 2412 et
419 2383 522 2412 similia
545 2389 693 2413 sexcenta.
738 2383 780 2411 Ab
804 2382 920 2420 indico,
950 2383 1030 2422 quod
1053 2388 1097 2412 est
1121 2383 1238 2423 ἐνιερῶ,
1266 2383 1388 2412 verbum
1411 2380 1538 2417 indices,
1562 2379 1713 2416 indicetis,
1739 2378 1756 2410 ὗ
1778 2377 1960 2416 ἆφιερωθείς
1981 2384 2027 2402 ¹¹¹·

141 2434 306 2463 GRAMMAT.
328 2445 395 2463 LAT.
418 2434 451 2463 Il.
1492 2433 1532 2465 M
1546 2444 1578 2465 m
1594 2443 1626 2464 m
