2263 2668
512 143 577 177 DE
603 140 991 177 SIGNIFICATIONE
1018 142 1301 180 VERBORUM.
1352 144 1498 179 LIBER
1522 143 1612 179 XIX.
1957 148 2030 182 747

83 246 143 264 non
171 235 279 273 legitur
307 235 335 264 in
359 235 451 264 Milite
475 235 623 274 glorioso,
662 235 691 264 h.
711 245 734 264 e.
757 244 852 273 neque
875 234 907 263 in
930 235 1024 264 codd.
1048 246 1143 275 neque
1165 238 1195 266 in
1220 238 1291 267 Edd.
1315 243 1400 274 veth,
1440 247 1535 276 neque
1558 247 1629 265 vero
1653 236 1683 264 in
1708 236 1815 266 Codice
1839 237 2031 270 Ambrosiam

82 278 230 317 rescripto
256 283 423 317 comparet,
452 279 504 307 sed
527 289 542 308 e
566 279 650 307 Festo
674 278 791 307 demum
814 277 845 306 in
867 279 1048 307 recentiores
1074 280 1168 308 Plauti
1193 281 1336 309 editiones
1359 280 1516 310 traductus
1540 284 1600 317 est3
1632 290 1646 307 a
1671 290 1799 318 quonam
1825 291 1894 310 vero
1918 282 2032 312 editore.

83 321 214 360 primum
237 320 312 349 illud
336 321 446 349 sactum
471 323 526 357 sit,
557 321 676 359 ignoro,
706 330 799 358 neque
822 321 974 349 constabat
997 322 1209 359 'saubmanno‚
1240 324 1291 362 qui
1315 324 1351 352 ad
1374 324 1471 352 locum
1494 323 1577 351 illum
1602 322 1777 361 simpliciter
1798 324 1929 362 notavit,
1954 325 2030 354 duos

83 366 154 392 istos
178 373 280 391 versus
305 373 366 391 non
389 373 560 402 comparere
583 373 677 402 neque
700 363 731 391 in
755 361 847 391 codd.
869 373 965 400 neque
987 363 1017 391 in
1039 364 1129 393 Editt.
1723 399 1725 402 .

255 405 367 434 Viere.
413 407 545 444 Amplius
567 406 597 433 in
621 405 758 434 Schedia:
794 405 870 434 l‘iere
892 404 1017 444 alligare
1038 407 1201 447 signficat‚
1232 415 1263 435 ut
1286 407 1334 436 hic
1355 419 1452 436 versus
1475 405 1661 436 demonstrat.
1706 405 1794 436 Ibant
1816 406 1937 438 Mazaci
1957 410 2031 438 viere

83 448 226 475 veneriam
251 446 404 476 corollam.
455 447 539 477 Unde
559 449 669 476 vimina
692 455 717 476 et
738 458 811 476 vasa
833 448 974 484 viminea,
1011 448 1091 488 quod
1120 451 1286 478 vinciuntur
1313 449 1415 489 ligata.
1459 449 1546 478 Hunc
1575 459 1694 477 versum
1718 450 1803 478 affert
1825 451 1912 479 etiam
1936 451 2029 481 Varro

82 488 135 518 lib.
147 488 195 517 IV.
220 488 272 528 (V.
295 500 359 528 pag.
373 492 424 521 68.
448 489 532 529 Sp.):
574 491 651 518 l'iere
673 491 798 526 vincire,
828 500 846 518 α
869 501 926 530 quo
948 498 988 519 est
1011 492 1041 518 in
1063 491 1161 520 Asoto
1186 493 1362 528 (Sotadico,
1395 497 1429 521 ut
1452 492 1548 528 Scal.)
1574 490 1680 521 Ennii:
1717 490 1803 520 Ibant
1826 491 1935 522 malaci
1956 495 2030 523 viere

82 531 227 560 veneriam
259 531 410 561 corollam.
457 533 508 561 Ubi
534 533 677 570 S'caliger:
713 532 796 561 ibant
823 532 969 561 malacum
999 534 1073 561 viere
1101 535 1242 564 veneriam
1273 534 1431 570 corollam,
1470 536 1568 573 aitque
1595 544 1657 563 esse
1683 544 1721 563 ex
1743 535 1882 563 Sotadico
1907 536 2030 573 Graeco,

83 574 134 612 qui
157 573 268 603 citatur
291 574 326 603 ab
350 573 568 613 Hephaestione
592 575 695 612 (ext.
718 584 783 613 pag.
797 576 846 606 65.
872 574 917 604 ed.
942 575 1067 611 Gaisf.):

726 618 826 656 Ποίης
847 618 928 656 τέρεν
951 616 1047 653 ἄνθος
1070 617 1202 655 μαλακὸν
1224 622 1376 658 ματεῦσαι.

85 659 110 686 Δ
131 658 206 687 viere
228 664 324 688 autem
349 665 392 688 est
415 661 529 697 vimen,
554 660 634 698 quod
659 664 724 688 ante
748 659 872 688 cannabi
896 670 980 688 usum
1004 661 1142 689 viticnbus
1167 667 1195 690 et
1218 663 1353 700 virgultis
1376 673 1432 701 pro
1455 661 1575 690 funibus
1598 665 1762 690 uterentur.
1791 661 1926 690 Tzetzes:
1949 660 2029 700 πρό-

82 711 168 739 τερον
190 697 250 731 οἷπὸ
275 699 367 741 λύγου
399 704 539 741 σχοίνους
569 702 694 732 ἐποίουν
724 701 782 739 πρὸ
814 699 954 741 εὑρέσεως
983 705 1033 741 τῆς
1062 703 1245 743 καννάβεως,
1292 706 1362 733 inde
1387 705 1506 733 Graecis
1528 704 1670 743 λυγίζειν,
1708 703 1789 742 quod
1812 704 1923 732 Latinis
1945 705 2028 736 viere,

83 743 173 772 Dac.
208 744 250 772 De
273 744 359 772 Ennii
381 754 471 774 versu
494 745 622 774 Sotadeo
647 745 683 772 cs.
708 745 892 773 Hermannus
914 745 1005 774 Elem.
1031 745 1125 775 doctr.
1150 752 1231 775 metr.
1255 758 1320 786 pag.
1337 749 1408 778 453.

256 786 432 817 Vermina.
484 788 621 816 Vermina
651 792 730 816 recte
760 785 911 826 στρόφους
939 788 1037 819 vertit.
1089 789 1159 817 Nam
1189 800 1262 828 quae
1291 794 1394 829 postea
1422 789 1562 824 tormina,
1600 788 1682 827 prius
1711 789 1844 817 vermina
1872 788 2028 817 vocabant.

83 826 156 856 Inde
179 829 347 858 verminare
370 831 497 859 tormina
521 831 595 868 pati.
642 830 820 868 Pomponius
843 829 943 858 hernia
968 831 1076 869 Pappi:

519 872 665 901 Decumus
688 873 792 901 mensis
815 880 870 909 est,
894 884 957 901 cum
971 871 1095 913 facium
1118 881 1167 901 est.
1192 875 1234 902 iia
1246 873 1297 913 fit.
1321 874 1363 902 ita
1385 885 1494 912 semper
1515 871 1597 902 solet.

518 915 648 944 Decumo
671 926 765 943 mense
787 913 900 943 demum
923 922 1038 954 surgens
1060 917 1250 953 verminatur,
1273 917 1410 955 parturit.

83 956 160 983 Sane
182 956 304 994 pulsus,
336 958 386 995 qui
409 957 531 986 medicis
555 954 694 997 σφυγμὸς
714 960 892 997 μυρμηκιῶν
915 957 1039 994 dicitur,
1069 959 1150 986 nulla
1173 958 1376 988 controversia
1401 958 1503 997 pulsus
1526 957 1696 986 verminans
1719 955 1779 985 dici
1801 961 1908 994 potest.
1952 956 2029 985 Mar-

82 997 160 1026 tialis
183 997 281 1037 (XIV,
305 1000 386 1037 23.):

518 1041 554 1072 Si
575 1041 630 1072 tibi
651 1053 766 1072 morosa
788 1043 937 1082 prurigine
957 1043 1097 1071 verminat
1121 1044 1209 1072 auris.

85 1080 185 1111 Scal.
209 1082 326 1113 Lucret.
344 1085 396 1114 lib.
411 1085 450 1121 V,
474 1086 583 1122 (995.):
612 1086 743 1114 Vermina
766 1096 851 1113 saeva
874 1086 973 1113 eadem
998 1090 1025 1114 et
1047 1086 1183 1114 tormina.
1219 1086 1349 1114 Vermina
1372 1090 1469 1113 autem
1494 1090 1522 1113 et
1544 1095 1656 1113 vermen
1674 1095 1689 1112 a
1706 1083 1865 1119 vertendo,
1891 1087 1924 1111 ut
1940 1083 2030 1112 Grae-

84 1125 125 1152 cis
149 1124 282 1164 στροφός
304 1138 318 1155 a
343 1127 459 1167 στρέφω
482 1135 569 1156 verto.
602 1127 687 1158 Dae.
732 1127 808 1156 Hinc
830 1128 987 1156 verminari
1009 1128 1105 1157 Nonio
1129 1128 1205 1166 (pag.
1221 1128 1270 1158 40.
1296 1127 1406 1167 Merc.).
1455 1126 1558 1156 Goth.

256 1169 389 1199 Veruia
412 1169 506 1210 pila.
552 1170 633 1199 Haec
655 1174 725 1199 sunt
748 1170 841 1198 Pauli.
885 1170 980 1199 Verba
1003 1170 1079 1199 Festi
1104 1171 1146 1198 sic
1169 1170 1312 1199 Scliedae:
1351 1171 1449 1198 Verum
1470 1169 1533 1209 pila
1557 1167 1708 1203 dicuntur,
1733 1166 1812 1207 quod
1834 1165 1923 1196 veluti
1943 1177 2030 1195 verua

82 1208 189 1238 habent
204 1212 352 1251 praefixa.
382 1211 494 1241 Ennius
511 1211 562 1243 lib.
575 1213 612 1242 ,Χ
611 1234 708 1243 .....
723 1223 823 1241 cursus
846 1213 1016 1252 quingentos
1037 1224 1121 1252 saepe
1141 1214 1241 1242 veruti.
1278 1213 1346 1240 l'eru
1363 1211 1514 1241 Sabellum
1531 1216 1619 1240 vocat
1636 1211 1740 1248 virgil.
1755 1210 1813 1239 vll.
1831 1211 1902 1238 Aen.
1919 1210 2030 1246 (665.):

661 1253 697 1282 Et
721 1256 799 1283 tenui
817 1263 949 1293 pugnant
971 1266 1107 1284 mucrone
1129 1266 1250 1296 veruque
1273 1254 1402 1284 Sabello.

83 1294 170 1324 Dae<
201 1296 287 1324 Adde
310 1298 438 1325 Nonium
464 1296 540 1336 (pag⁴
553 1299 626 1329 554.
652 1296 754 1336 Mero.)
778 1297 807 1324 in
838 1297 977 1325 temtum.
1025 1296 1133 1326 Goth.

252 1337 377 1369 Urvat.
428 1339 536 1368 Urvum
551 1338 732 1374 vocabatur,
756 1339 899 1376 quicquid
918 1339 956 1367 ita
973 1340 1083 1368 flexum
1102 1345 1181 1376 erat,
1206 1345 1239 1368 ut
1261 1340 1370 1368 rediret
1393 1349 1507 1367 sursum
1533 1347 1633 1366 versus
1657 1342 1684 1365 et
1708 1337 1777 1365 inde
1795 1336 1917 1365 Romani
1941 1335 2031 1365 aratri

83 1384 273 1409 curvaturam
296 1392 396 1410 urvum
421 1382 534 1410 dixere.
577 1382 683 1410 Festus
711 1381 916 1410 curvationem
946 1383 1026 1410 buris
1057 1387 1086 1410 et
1114 1382 1225 1418 dentis,
1267 1383 1313 1410 cui
1343 1392 1447 1410 vomer
1472 1380 1619 1420 praefixus
1643 1384 1722 1415 erat,
1759 1385 1852 1407 totum
1876 1378 1906 1406 id
1929 1389 2031 1406 urvum

82 1422 264 1460 appellatum
288 1423 376 1460 dicit,
408 1429 435 1452 et
457 1424 580 1462 figuram
601 1423 739 1452 habuisse
762 1424 939 1452 simillimam
964 1425 1074 1453 uncini.
1120 1425 1186 1460 Quo
1209 1425 1327 1453 nomine
1351 1425 1437 1453 etiam
1462 1433 1607 1452 vomerem
1633 1421 1872 1460 comprehendit,
1895 1421 1964 1450 ideo
1987 1420 2031 1449 di-

81 1464 126 1493 xit
147 1463 260 1494 sulcum
284 1467 314 1494 in
337 1466 406 1495 urbe
428 1465 582 1496 condenda
594 1467 668 1506 fieri
690 1477 760 1495 urvo
785 1467 888 1495 aratri.
934 1467 977 1495 Ab
1002 1478 1101 1496 arvum
1126 1472 1168 1496 est
1192 1478 1309 1503 urvare,
1346 1467 1426 1505 quod
1450 1471 1494 1495 est
1515 1467 1545 1494 in
1571 1465 1642 1493 urbe
1665 1464 1818 1493 condenda
1841 1473 1916 1492 urvo
1941 1463 2032 1492 aratri

81 1506 277 1536 circumdare.
321 1509 394 1537 Nam
425 1510 476 1548 qui
504 1509 608 1538 urbem
638 1514 723 1538 erant
751 1508 902 1537 condituri
933 1515 1031 1538 aratro
1062 1510 1161 1537 locum
1187 1510 1486 1544 circumscribebant,
1523 1513 1554 1536 ut
1577 1513 1678 1536 notum
1702 1512 1753 1536 est.
1799 1506 1908 1535 Deinde
1930 1516 2032 1534 urvare

82 1550 256 1589 simpliciter
278 1562 334 1590 pro
358 1550 549 1580 circumdare.
582 1552 661 1580 Infra
686 1552 766 1580 locus
790 1551 877 1579 Ennii
902 1552 941 1580 ita
963 1552 992 1580 in
1015 1551 1152 1580 schedis:
1178 1551 1292 1581 Circum
1316 1564 1375 1580 sese
1397 1559 1498 1584 uruat,
1522 1549 1563 1579 ad
1584 1549 1670 1589 pedes
1691 1562 1709 1578 a
1731 1557 1806 1578 terra
1828 1547 2032 1589 quadringen-

82 1609 127 1630 tos
149 1610 244 1640 caput.
291 1603 443 1641 Scriptum
470 1603 565 1631 suerat
586 1613 605 1630 a
628 1609 703 1630 terra
729 1601 837 1632 CCCC.
858 1610 955 1641 caput.
1003 1603 1042 1631 De
1066 1608 1148 1638 ceto,
1178 1603 1226 1630 cui
1250 1603 1384 1641 exposita
1410 1602 1616 1638 Andromeda,
1645 1601 1779 1639 loquitur
1799 1599 1928 1635 Ennius,
1951 1597 2033 1636 quod

82 1643 306 1682 quadringentis
329 1645 456 1683 pedibus
478 1655 493 1672 a
516 1646 603 1673 litore
626 1650 772 1674 remotum
796 1646 909 1673 circum
932 1655 994 1673 sese
1017 1651 1107 1683 caput
1130 1650 1226 1673 urvat.
1272 1646 1395 1673 Doctiss.
1419 1646 1541 1673 Salmas.
1564 1643 1692 1682 legebat:
1726 1644 1834 1672 circum
1859 1653 1916 1670 sese
1938 1647 2031 1676 uruat,

81 1684 122 1714 ad
143 1685 229 1724 pedes
242 1686 310 1728 fir!
331 1685 485 1716 occultans
507 1694 604 1727 caput.
639 1687 727 1722 Quod
753 1698 804 1724 ego
828 1688 867 1715 ita
890 1687 1089 1726 interpretor:
1115 1688 1200 1716 Videt
1220 1687 1406 1716 Andromeda
1431 1693 1528 1716 cetum
1553 1687 1664 1715 circum
1688 1696 1750 1713 sese
1774 1694 1896 1720 urvare,
1920 1688 1949 1711 at
1970 1682 2033 1721 ipsa

82 1739 153 1767 prae
176 1730 283 1758 timore
307 1734 397 1768 caput
420 1730 456 1757 ad
478 1730 566 1768 pedes
591 1730 735 1766 demittit,
760 1736 792 1758 ut
815 1730 953 1758 occultet.
979 1730 1065 1760 Dae.
1108 1730 1179 1758 Vide
1202 1730 1362 1759 Varronem
1380 1731 1426 1758 IV.
1450 1730 1486 1758 de
1508 1730 1539 1757 L.
1559 1730 1588 1758 L.
1614 1729 1660 1767 (V.
1685 1738 1714 1766 p.
1732 1729 1800 1759 145.
1825 1725 1897 1765 Sp.).
1927 1723 2032 1753 Goth·

253 1771 432 1811 Ungulus.
479 1773 552 1800 Plin.
573 1772 621 1800 lib.
635 1773 775 1802 XXXIII.
799 1783 862 1811 cap.
879 1776 923 1802 1.:
954 1773 1056 1802 Miror
1084 1773 1238 1813 Tarquinii
1260 1773 1318 1801 eius
1341 1780 1467 1801 statuam
1490 1773 1551 1801 sine
1573 1769 1683 1799 annulo
1705 1781 1779 1805 esse,
1808 1778 1985 1808 quamquam
2007 1772 2034 1794 et

83 1812 119 1841 de
146 1815 262 1843 nomine
290 1815 354 1853 ipso
385 1814 497 1854 ambigi
525 1813 618 1843 video.
667 1813 773 1843 Graeci
795 1826 813 1843 a
836 1814 937 1853 digitis
966 1814 1162 1854 appellavere,
1200 1813 1280 1854 apud
1311 1826 1363 1844 nos
1392 1815 1484 1854 prisci
1512 1813 1650 1853 ungulum
1681 1811 1845 1847 vocabant,
1879 1817 1979 1849 postea
2007 1815 2033 1855 et

85 1854 192 1885 Graeci
213 1864 239 1885 et
262 1858 355 1885 nostri
377 1856 548 1895 symbolum.
595 1858 684 1885 Putat
706 1857 789 1886 Voss.
813 1868 872 1886 non
897 1859 1024 1893 Oscum,
1064 1858 1114 1886 sed
1142 1858 1293 1893 Latinum3
1331 1858 1366 1886 ab
1390 1868 1481 1886 uncus
1504 1855 1645 1892 miculas,
1679 1860 1782 1893 postea
1807 1851 1940 1900 unguinis.
1984 1851 2033 1878 Sic

82 1899 160 1927 infra
183 1907 324 1938 angustus
346 1909 402 1938 pro
425 1907 577 1935 amusim,
616 1900 703 1928 fustis
726 1910 830 1929 uncus.
877 1901 958 1936 Quae
981 1905 1146 1938 sequuntur
1168 1910 1262 1938 usque
1287 1900 1322 1927 ad
1347 1899 1507 1935 Pacuvius,
1537 1899 1621 1927 cuius
1645 1897 1757 1926 autoris
1781 1897 1856 1931 sint,
1885 1897 2033 1943 incertum

83 1946 135 1970 est.
180 1941 313 1970 Scliedae
335 1953 391 1982 pro
413 1954 427 1970 e
449 1940 518 1971 lirio
541 1942 652 1971 habent
673 1941 761 1972 ebrio.
806 1943 898 1981 Lego:
928 1964 1102 1972 ......
1129 1942 1164 1971 Si
1185 1941 1258 1982 quid
1279 1943 1457 1972 monumenti
1479 1950 1568 1972 nacta
1591 1947 1648 1978 est,
1676 1941 1728 1980 qui
1749 1949 1845 1967 verum
1869 1942 2032 1976 requireret,

83 1991 124 2013 est
145 1983 286 2024 ungulus,
309 1996 392 2025 quem
415 1985 440 2013 ei
464 1983 595 2014 detraxit
618 1983 706 2015 ebrio.
730 1985 819 2014 Dac.
863 1985 1029 2022 Legendum
1053 1986 1153 2024 potius
1175 1985 1312 2013 videtur:

618 2026 654 2056 Si
675 2026 748 2068 quid
770 2028 948 2056 monumenti
969 2035 1059 2056 nacta
1082 2029 1118 2056 'st
1141 2028 1192 2068 qui
1213 2039 1275 2056 eum
1299 2027 1463 2067 requireret,

619 2068 671 2098 Est
691 2069 831 2108 ungulus,
858 2081 940 2110 quem
965 2071 990 2098 ei
1013 2069 1145 2100 detraxit
1168 2069 1256 2099 ebrio.

82 2111 115 2139 ln
140 2121 199 2150 quo
223 2111 379 2151 posteriori
403 2121 493 2140 versu
515 2123 598 2151 quem
623 2122 681 2140 non
705 2113 841 2150 eliditur,
865 2118 900 2141 ut
921 2123 1017 2151 saepe.
1731 2149 1746 2154 ..

254 2151 413 2184 Vinalia.
458 2154 566 2183 Mirum
590 2165 678 2192 quam
701 2155 779 2184 inter
802 2165 833 2184 se
856 2155 1025 2193 discrepent
1048 2155 1209 2193 scriptores
1234 2154 1270 2183 de
1293 2154 1426 2191 utrisque
1449 2151 1619 2185 Vinalibus‚
1642 2155 1705 2179 tum
1728 2158 1780 2185 ns,
1804 2157 1877 2196 quae
1895 2146 1945 2196 tX.
1964 2144 2028 2172 Kal.

82 2195 168 2231 Maii,
197 2200 260 2224 tum
285 2195 399 2231 alteris,
433 2206 508 2234 quae
531 2194 610 2226 XIV.
630 2197 692 2227 Kal.
718 2197 897 2236 Septembris
920 2198 1154 2227 celebrabantur.
1200 2198 1282 2233 Quae
1308 2207 1365 2225 non
1390 2196 1526 2231 afferam,
1565 2204 1600 2222 ne
1624 2194 1765 2221 molestus
1787 2200 1848 2219 sim.
1893 2187 1949 2216 bed
1972 2186 2030 2215 hoc

82 2242 195 2266 tantum
219 2238 333 2274 dicam,
372 2238 484 2267 Vinalia
509 2249 608 2268 mense
632 2240 727 2279 Aprili
750 2250 813 2269 esse
837 2241 977 2275 Veneris,
1016 2241 1101 2279 eique
1123 2240 1226 2269 hortos
1250 2239 1416 2275 dedicatos,
1455 2247 1529 2276 quae
1552 2235 1705 2265 Veneralia
1729 2230 1903 2262 Plutarchus
1925 2233 2028 2278 voca-{3

83 2280 199 2308 Vinalia
221 2291 321 2310 mense
344 2281 451 2309 Sextili
475 2292 537 2310 esse
559 2282 632 2312 lovi.
678 2283 787 2312 Tamen
813 2287 973 2322 utrumque
997 2288 1099 2312 contra
1124 2283 1202 2322 apud
1227 2283 1389 2321 scriptores
1410 2281 1549 2320 reperies
1583 2276 1684 2308 Scal.
1732 2276 1803 2304 Vide
1824 2277 1891 2312 post
1911 2270 2026 2306 R⁰³⁰²²›

82 2328 109 2351 et
130 2322 256 2352 Rustica
277 2321 397 2352 vinalia.
442 2323 532 2354 Dac.

256 2366 441 2396 Venerari.
484 2367 546 2395 Imo
576 2367 673 2405 potius
697 2378 711 2395 a
742 2367 854 2403 Venere,
895 2372 927 2396 ut
951 2369 1073 2407 proprie
1094 2369 1224 2396 venerari
1247 2368 1286 2395 sit
1310 2366 1412 2395 Veneri
1435 2363 1617 2400 sacrificare,
1654 2363 1791 2390 Venerem
1815 2357 1948 2404 adorare.
1992 2355 2029 2383 Et

82 2407 151 2436 inde
174 2407 210 2435 ad
235 2409 308 2435 alios
332 2408 512 2439 traductum.
536 2410 625 2438 Dac.
679 2411 766 2438 renus
788 2415 832 2438 est
852 2411 948 2449 ipsum
972 2409 1003 2440 τὸ
1027 2411 1131 2451 σέβας,
1160 2412 1328 2446 veneratio,
1355 2419 1371 2437 a
1394 2407 1495 2437 radice
1518 2406 1665 2434 Sanscriia
1687 2400 1779 2438 vand,
1804 2409 1945 2428 venerari.
1992 2397 2028 2425 Ut

83 2451 158 2478 em'm
183 2461 197 2479 a
218 2449 320 2489 ganda
345 2453 424 2479 venit
441 2462 534 2490 gena,
557 2452 659 2493 γένυς,
683 2451 773 2482 Goth.
797 2451 917 2489 kinnus,
941 2457 1043 2483 contra
1067 2464 1138 2483 vero
1161 2463 1176 2481 a
1199 2452 1349 2482 Sanscrito
1371 2458 1439 2487 ian,
1463 2449 1569 2484 tendo,
1594 2447 1672 2476 unde
1693 2452 1788 2480 tenus,
1813 2441 1894 2481 quod
1917 2451 1962 2480 pr.
1983 2446 2027 2468 ie-

1399 2500 1579 2536 Bbbbb
1603 2501 1621 2523 *
