2263 2668
517 143 581 176 DE
608 139 996 176 SIGNlFlCATIONE
1024 140 1309 177 VERBORUM.
1359 141 1506 175 LIBER
1532 140 1623 175 XIV.
1969 142 2046 179 599

92 237 173 268 blico
200 236 289 266 ludos
318 236 436 265 faceret.
475 236 564 272 Quod
588 247 692 265 verum
716 241 768 264 est.
806 235 878 263 Nam
907 233 1040 271 magistri
1067 235 1260 272 collegiorum
1290 240 1320 264 et
1349 234 1481 273 magistri
1510 234 1665 271 vicorum,
1699 233 1751 272 qui
1778 234 1966 273 magistratus
1984 248 2045 268 non

93 285 194 317 erant,
219 279 306 308 ludos
329 278 478 307 faciebant
501 280 694 317 praetextati,
717 284 750 307 ut
773 283 876 306 notum
901 281 944 304 est
968 286 1005 304 ex
1029 286 1059 303 ea
1083 278 1113 304 in
1138 278 1273 306 Pisonem
1296 278 1336 314 (e.
1349 278 1394 316 4.)
1417 283 1445 306 et
1468 288 1505 306 ex
1524 277 1652 306 Asconio
1676 276 1755 316 (pag.
1771 278 1842 308 159.
1863 278 1908 309 ed.
1927 280 2044 319 Lugd,),

92 325 164 352 item
188 333 224 351 ex
248 322 330 350 Livio
354 322 431 350 libro
450 322 587 351 XXXlV.
612 324 710 359 (c.7.).
751 320 876 350 Tribuni
896 319 1008 358 plebis,
1039 325 1160 349 auctore
1183 320 1361 356 Plutarcho,
1394 325 1550 359 praetexta
1571 330 1632 348 non
1654 319 1830 356 utebantur,
1859 326 1952 360 puto,
1975 323 2045 361 quia

93 367 182 395 ludos
206 375 265 393 non
289 364 445 392 faciebant.
489 365 646 403 Sequentia
667 366 734 403 plus
758 364 852 392 minus
874 363 913 390 ita
936 360 1121 391 habuerunt:
1151 362 1223 391 Item
1243 370 1400 403 praetexta
1423 361 1591 392 consulibus
1613 370 1639 390 et
1658 361 1843 401 praetoribus
1864 371 1932 392 vota
1954 376 2045 405 quae-

94 408 163 437 dam
187 407 223 436 ob
247 408 443 445 ignorantiam
466 417 617 436 sacrorum
640 418 781 436 novorum
808 403 1044 445 nuncupantibus
1073 404 1175 433 datum
1204 413 1244 434 est
1273 406 1330 442 uti,
1365 406 1431 434 item
1462 412 1559 434 votum
1587 403 1764 434 solventibus
1792 403 1924 445 aliquod.
1970 405 2043 436 Item

97 449 235 479 Valerius
253 449 385 478 Vicanus
409 456 489 477 utens
510 461 586 488 pura
609 461 648 478 ea:
670 449 702 480 S.
720 449 845 478 Senatus
867 446 1048 487 improbatus
1070 455 1119 476 est.
1149 448 1276 477 Videtur
1298 448 1374 476 velle
1397 448 1499 476 Festus
1521 457 1606 476 usum
1630 457 1783 486 purpurae
1806 458 1923 476 sacrum
1945 449 2046 488 fuisse,

92 493 161 521 ideo
184 491 405 530 magistratibus
428 502 600 520 concessum
625 503 685 520 non
706 497 768 520 tam
791 493 854 519 iure
878 491 1081 527 magistratus,
1113 500 1179 518 nam
1204 496 1232 519 et
1255 491 1383 519 tribunis
1407 501 1568 519 concessus
1590 489 1710 526 fuisset,
1741 499 1828 527 quam
1851 491 1991 520 ludorum
2015 497 2046 521 et

92 540 232 564 votorum
257 544 369 564 caussa.
414 535 468 562 Res
492 535 570 563 enim
594 545 695 563 sacrae
718 534 783 562 ludi
805 539 834 563 et
856 538 935 561 vota.
974 532 1046 560 Ideo
1070 532 1107 559 ob
1131 534 1217 561 ludos
1241 533 1401 562 utebantur
1424 533 1541 562 Aediles
1565 538 1593 562 et
1616 532 1747 570 magistri
1770 533 1982 570 collegiorum,
2007 534 2044 563 ob

92 583 164 607 vota
189 577 333 605 Consules
357 581 385 605 et
410 578 568 606 Praetores.
615 578 691 605 Vota
716 577 782 614 illa,
807 587 882 615 quae
905 575 1155 613 nuncupabantur
1178 576 1214 604 ob
1238 586 1392 604 sacrorum
1414 586 1561 604 novorum
1585 575 1800 613 ignorantiam,
1822 575 1962 605 videntur
1984 587 2045 605 esse

93 630 171 659 quae
188 620 299 648 Consul
322 624 373 647 aut
389 619 511 648 Praetor
534 620 677 657 vovebat,
701 620 725 647 si
749 619 822 658 quid
844 618 941 647 minus
962 619 1017 646 rite
1040 623 1068 646 et
1089 628 1143 656 per
1166 618 1366 655 ignorantiam
1389 619 1575 647 committens
1596 628 1704 647 novam
1726 617 1902 655 religionem
1924 623 2045 648 contra-

91 663 192 692 xisset.
238 662 380 690 vicanum
409 662 529 690 videtur
558 673 667 691 vocare
695 664 756 690 vici
785 662 966 699 magistrum.
1010 661 1055 688 Ex
1080 661 1225 689 sententia
1249 664 1373 690 Senatus
1397 661 1599 700 improbatum
1622 661 1679 697 ait,
1713 659 1791 699 quod
1815 660 1845 690 in
1868 670 1944 699 pura
1967 666 2045 699 toga,

92 716 153 734 non
176 705 208 733 in
230 710 383 743 praetexta
407 705 493 734 ludos
517 706 735 744 Compitalitios
759 706 876 733 faceret.
913 704 955 732 lta
978 703 1054 731 enim
1079 708 1152 741 puto
1175 704 1292 732 Festum
1317 705 1471 742 scripsisse
1494 714 1530 732 ex
1552 705 1579 732 S.
1596 705 1737 740 Senatus,
1761 702 1842 741 quod
1864 703 2046 742 interpretor

93 758 131 777 ex
153 748 303 776 Sententia
327 748 461 777 Senatus.
493 747 593 776 Scal.
639 749 685 776 Ait
708 748 810 776 Festus
834 747 907 775 nulli
930 746 980 774 alii
1003 746 1122 774 licuisse
1148 752 1299 784 praetexta
1323 747 1384 781 uli,
1419 757 1507 784 quam
1530 746 1573 782 ei,
1606 746 1656 784 qui
1679 746 1770 774 sunus
1790 746 1919 783 faceret,
1951 747 2045 784 magi-

92 790 236 820 stratibus
257 791 327 818 item
352 795 381 818 et
403 791 454 826 iis,
478 790 528 828 qui
551 791 639 818 ludos
662 791 819 819 faciebant.
851 790 887 818 Et
910 799 1015 818 verum
1039 793 1090 819 est.
1118 789 1182 817 Liv.
1197 789 1246 819 lib.
1261 789 1401 818 XXXIV.
1419 795 1489 817 sect.
1502 791 1547 820 7.:
1572 789 1707 827 Purpura
1728 787 1786 816 viri
1807 793 1935 825 utemur,
1957 799 2046 826 prae-

92 833 199 862 textati
221 833 251 861 in
268 832 503 870 Magistratibus,
528 833 558 860 in
573 833 773 862 sacerdotiis:
796 832 880 861 liberi
904 831 998 860 nostri
1023 833 1184 870 praetextis
1208 842 1340 870 purpura
1366 831 1440 869 togis
1464 836 1602 865 utentur,
1625 830 1843 869 magistratibus
1866 831 1896 860 in
1919 831 2045 862 coloniis

92 875 339 914 municipiisque,
369 874 417 903 hic
441 877 548 903 Romae
571 876 670 903 infimo
695 876 794 913 generi
818 874 963 912 magistris
987 875 1121 902 vicorum
1145 878 1230 911 togae
1255 879 1424 913 praetextae
1445 873 1597 902 habendae
1620 874 1665 902 ius
1689 873 1912 912 permittemus,
1935 883 1992 902 nec
2013 873 2045 902 id

91 924 127 947 ut
148 918 209 948 vivi
232 918 326 946 solum
349 917 477 946 habeant
498 923 612 946 tantum
637 919 767 956 insigne,
790 918 840 946 sed
865 918 951 945 etiam
975 922 1008 945 ut
1029 927 1096 945 cum
1119 926 1153 944 eo
1177 922 1346 945 crementur
1369 917 1486 945 mortui.
1520 916 1608 944 Vides
1631 920 1832 955 praetextatos
1855 916 2044 954 magistratus

90 965 151 989 tam
174 961 300 996 Romae,
338 971 424 998 quam
448 961 478 989 iu
501 962 671 1000 municipiis
695 967 724 989 et
747 961 889 997 coloniis,
926 959 1092 988 sacerdotes
1115 960 1201 987 etiam
1226 965 1255 988 et
1277 959 1434 998 magistros
1463 959 1612 995 vicorum,
1650 959 1699 996 qui
1722 958 1810 987 ludos
1832 958 2045 997 compitalitios

90 1003 247 1032 faciebant.
281 1003 353 1031 Vide
368 1002 461 1032 Sar-stt
478 1003 601 1033 venales.
633 1004 788 1041 Magistros
812 1004 898 1032 etiam
921 1003 1112 1039 collegiorum
1135 1007 1287 1039 praetexta
1311 1013 1380 1030 usos
1404 1002 1483 1040 apud
1509 1002 1668 1030 Pedianum
1694 1001 1772 1040 (pag.
1789 1001 1857 1032 159.
1874 1001 1921 1030 ed.
1938 999 2044 1040 Lugd.)

92 1056 131 1075 ex
154 1046 296 1074 Cicerone
320 1046 415 1083 legere
439 1051 497 1082 est,
525 1047 592 1084 quia
616 1048 730 1075 scilicet
752 1047 772 1074 ii
796 1046 882 1074 etiam
905 1046 994 1074 ludos
1018 1045 1172 1073 faciebant.
1218 1046 1371 1073 Praeterea
1396 1049 1547 1073 senatores
1572 1043 1748 1082 praetextati
1771 1043 1911 1072 ludorum
1932 1044 2045 1072 Roma-

92 1099 199 1118 norum
222 1088 326 1117 diebus
350 1089 428 1127 apud
447 1089 618 1117 Ciceronem
635 1090 670 1117 ll.
692 1091 728 1126 (c.
744 1090 805 1125 18.)
831 1088 973 1127 Philippâ€ž
998 1093 1032 1116 ut
1055 1093 1083 1116 et
1107 1092 1307 1125 praetextatae
1332 1088 1470 1116 mulieres
1494 1087 1577 1115 nonis
1600 1086 1763 1125 caprotinis
1787 1086 1867 1124 apud
1883 1086 2045 1115 Varronem

91 1131 142 1160 lib.
155 1131 189 1161 V.
214 1130 339 1171 (lib-Vl.
363 1134 512 1169 pag-200.
534 1130 616 1170 Sp.):
648 1131 751 1160 Nonae
776 1130 966 1170 Caprotinae,
997 1129 1077 1171 quod
1099 1141 1131 1158 eo
1155 1128 1202 1158 die
1223 1131 1252 1159 in
1277 1130 1367 1159 Latio
1392 1129 1499 1158 Iunoni
1523 1128 1700 1168 Caprotinae
1720 1127 1853 1157 mulieres
1874 1129 2046 1168 sacrificant

91 1182 118 1203 et
140 1173 192 1203 sub
216 1174 299 1213 capri
323 1184 356 1202 co
370 1174 497 1215 faciunt
519 1182 545 1202 et
567 1186 581 1202 e
603 1175 743 1212 caprifico
767 1173 906 1202 adhibent
928 1174 1050 1212 virgam.
1098 1171 1143 1201 Ob
1172 1172 1228 1202 hoe
1253 1180 1321 1212 toga
1348 1179 1504 1211 praetexta
1536 1170 1609 1199 data
1637 1172 1686 1200 eis.
1732 1171 1764 1199 lu
1792 1170 1890 1199 verbis
1913 1171 1992 1200 Festi
2013 1172 2045 1198 in

91 1217 149 1245 tine
178 1227 234 1256 pro
265 1215 355 1244 isdem
385 1215 486 1244 darum
512 1223 553 1244 est
575 1217 618 1244 uti
639 1217 707 1244 emit
728 1216 876 1245 rescribo:
913 1215 994 1244 Idem
1019 1215 1120 1243 clatum
1144 1222 1185 1244 est
1207 1216 1250 1243 uti
1272 1226 1305 1243 ea
1328 1220 1384 1244 ete.
1410 1219 1464 1243 etc.
1490 1215 1537 1243 vel
1561 1224 1625 1242 cum
1650 1213 1754 1242 Ursino
1778 1214 1821 1241 uti
1843 1214 1919 1242 item.
1965 1214 2044 1251 Lego

91 1260 181 1289 etiam
204 1259 297 1287 infra:
323 1257 462 1287 Valerius
489 1258 622 1286 Vicimus
644 1266 705 1287 tum
728 1266 852 1287 uteretur
874 1263 930 1286 etc.
955 1265 1015 1286 tum
1037 1258 1068 1286 id
1092 1262 1135 1286 est
1159 1268 1226 1286 cum
1250 1263 1319 1286 vota
1342 1258 1480 1286 solveret.
1504 1256 1591 1285 Dac.
1625 1255 1795 1285 Praetexta.
1827 1255 1941 1284 Glossis
1963 1267 2045 1295 Ï€ÎµÏÎ¹-

92 1300 238 1342 Ï€á½¹ÏÏ†Ï…ÏÎ±
262 1306 290 1329 et
313 1301 371 1328 alio
396 1301 462 1328 loco
483 1298 724 1340 á½‘Ï€ÎµÏÏ€á½¸ÏÏ†Ï…ÏÎ¿Ï‚
746 1298 942 1342 ÏƒÏ…Î³ÎºÎ»Î·Ï„Î¹Îºá½µ,
966 1305 1122 1340 praetexta
1147 1305 1224 1338 toga.
1258 1300 1341 1329 Adde
1363 1300 1494 1329 Nonium
1517 1300 1598 1338 (pag.
1610 1299 1681 1330 541.
1698 1298 1803 1337 Merc.)
1824 1297 1855 1326 in
1875 1296 2044 1328 Praetexta.

93 1345 137 1373 Ab
160 1355 195 1374 eo
218 1344 406 1373 Praetextata
429 1343 555 1381 á¼”Î½Ï„Î¹Î¼Î¿Ï‚.
603 1341 707 1374 Goth.

254 1384 411 1414 Pilates.
456 1385 531 1413 Vide
554 1395 653 1424 supra.

254 1426 373 1457 Pilae.
418 1427 471 1455 Illa
501 1428 592 1456 verba
623 1426 719 1467 (hunc
743 1426 818 1456 diem
830 1426 966 1469 fistum)
996 1428 1028 1456 in
1057 1428 1209 1468 plerisque
1238 1428 1325 1457 libris
1355 1438 1414 1456 non
1439 1432 1516 1456 sunt.
1562 1426 1602 1455 De
1625 1424 1838 1464 Compitalibus
1860 1423 1953 1453 ethis
1976 1423 2045 1463 pilis

89 1470 158 1500 vide
180 1469 311 1499 Macrob.
334 1469 420 1500 lib.1.
446 1471 482 1505 (c.
496 1473 525 1501 7.
550 1471 604 1499 sub
630 1471 689 1507 lin.)
714 1472 811 1498 Satur.
838 1470 926 1499 Ant.
950 1471 1043 1510 Aug.
1082 1471 1209 1500 Manias
1237 1476 1359 1500 vocatas
1383 1472 1423 1498 ait
1447 1469 1623 1498 Macrobius.
1662 1469 1706 1497 Ad
1730 1478 1829 1496 earum
1850 1467 1944 1496 instar
1966 1472 2045 1496 stra-

90 1513 240 1542 mentitiae
263 1512 389 1551 effigies,
412 1513 520 1551 quibus
543 1513 667 1542 obiectis
690 1513 769 1541 tauri
792 1513 999 1548 irritarentur,
1024 1519 1146 1542 vocatae
1169 1519 1239 1542 sunt
1263 1515 1349 1552 pilae.
1396 1513 1539 1541 Martialis
1563 1511 1611 1548 (de
1634 1516 1725 1550 spect.
1750 1521 1795 1549 ep.
1810 1512 1889 1547 220:

691 1555 788 1584 Iactat
810 1562 840 1583 ut
863 1556 1015 1594 impositas
1038 1563 1140 1584 taurus
1162 1557 1193 1584 in
1215 1563 1295 1584 astra
1316 1555 1404 1594 pilas.

90 1598 289 1628 Glossarium:
324 1595 410 1625 Pila:
431 1594 618 1635 Ï„Î±Ï…ÏÎ¹Î¿á½²ÏÎ¹Î¿Î¹,
654 1595 913 1636 Ï„Î±Ï…ÏÎ¿ÎºÎ±Î¸á½±Ï€Ï„Î±Î¹.
960 1598 1041 1625 Unde
1067 1598 1294 1635 proverbialiter
1308 1597 1436 1639 faeneos
1457 1596 1594 1625 homines
1618 1596 1694 1624 dixit
1716 1595 1819 1623 Cicero
1842 1594 1871 1622 in
1894 1593 2045 1634 principio

89 1641 299 1676 Cornelianae,
337 1638 471 1668 alludens
502 1640 539 1667 ad
570 1639 621 1667 has
650 1640 760 1677 efligies
787 1640 912 1669 foeneas.
960 1641 1143 1676 postulatur,
1184 1640 1296 1677 inquit,
1334 1640 1415 1678 apud
1442 1650 1486 1667 me
1510 1644 1677 1678 praetorem
1703 1638 1831 1676 primum
1854 1637 1890 1665 de
1912 1636 2045 1675 pecuniis

87 1682 273 1722 repetundis.
319 1682 493 1719 Prospectat
516 1682 656 1711 videlicet
679 1682 845 1719 Coruinius,
882 1682 953 1720 quid
978 1687 1098 1719 agatur,
1134 1682 1275 1710 videlicet
1300 1682 1434 1710 homines
1462 1683 1582 1710 soeneos
1605 1682 1634 1709 in
1658 1681 1786 1709 medium
1811 1679 1848 1707 ad
1870 1679 2043 1708 tentandum

88 1726 255 1765 periculum
280 1724 437 1762 proiectos.
472 1724 540 1752 Huc
562 1725 647 1752 etiam
672 1725 826 1753 alludebat
849 1725 957 1760 Varro,
983 1735 1049 1753 cum
1074 1736 1162 1753 unam
1187 1725 1223 1753 de
1248 1725 1411 1763 Menippeis
1435 1725 1497 1753 suis
1522 1724 1700 1762 proscripsit
1724 1722 1811 1751 titulo
1833 1722 1944 1752 Aiacis
1965 1728 2044 1751 stra-

88 1768 222 1797 mentitiu'.
254 1767 339 1801 Quae
361 1771 545 1804 sequuntur,
569 1767 710 1796 videntur
734 1768 771 1796 de
794 1768 850 1795 alia
875 1778 922 1802 re,
946 1778 1034 1805 quam
1058 1767 1094 1796 de
1118 1768 1186 1806 pilis
1210 1772 1360 1796 tractasse.
1384 1765 1483 1796 Scal.
1517 1766 1590 1795 Vide
1613 1766 1642 1793 in
1666 1764 1788 1794 Laneae
1809 1764 1926 1805 effigies.
1960 1761 2044 1791 Pilae

89 1814 187 1839 autem
211 1810 307 1847 capita
331 1813 446 1837 tantum
470 1809 646 1838 dicebantur
669 1821 684 1839 a
710 1810 822 1838 Graeco
844 1807 951 1845 Ï€á½¹Î»Î¿Ï‚,
982 1811 1134 1848 quomodo
1158 1821 1243 1838 omne
1265 1809 1429 1839 rotundum
1452 1807 1544 1839 Ï€á½¹Î»Î¿Î½
1569 1808 1675 1837 Graeci
1700 1807 1818 1841 dicunt,
1842 1809 1933 1844 caput
1955 1806 2042 1832 etiam

89 1852 266 1888 humanum,
300 1856 333 1879 ut
355 1861 370 1880 e
394 1852 515 1880 Polluce
546 1857 658 1880 certum
683 1858 736 1881 est.
762 1852 847 1881 Dae.
888 1853 960 1881 Vide
983 1853 1114 1883 Macrob.
1138 1854 1196 1881 Sat.
1214 1853 1241 1888 Î™,
1266 1856 1296 1884 7.
1335 1851 1447 1880 Nonius
1472 1851 1555 1890 (pag.
1569 1852 1641 1882 538.
1665 1847 1773 1888 Mero.)
1797 1849 1828 1876 in
1852 1846 2042 1887 Strophium.-

88 1895 183 1924 varro
210 1893 434 1932 Sesquiulysse:
469 1896 625 1933 suspendit
652 1895 764 1923 laribus
793 1895 921 1923 marinas
952 1896 1054 1924 molles
1082 1896 1157 1934 pilas
1187 1896 1314 1924 reticula
1342 1905 1381 1923 an
1408 1893 1556 1934 strophia.
1598 1893 1679 1922 Idem
1710 1893 1741 1921 in
1769 1900 1843 1920 voce
1870 1887 2040 1919 Reticulum

90 1939 168 1978 (pag.
180 1940 253 1969 221.
277 1937 390 1973 Mera).
417 1936 522 1969 Goth.
560 1937 726 1978 Inferorum
749 1938 799 1966 alii
822 1937 1005 1979 inferiorum.
1050 1937 1158 1967 Idem.

254 1978 426 2008 Punicae.
449 1978 509 2020 (Ad
531 1991 559 2018 p.
572 1979 659 2021 207.)
682 1981 786 2009 Nescio
809 1990 863 2008 cur
885 1980 915 2008 in
939 1980 1068 2009 editione
1091 1981 1158 2017 illa,
1182 1990 1256 2017 quae
1278 1979 1428 2017 suppletas
1451 1979 1574 2008 lacunas
1597 1976 1761 2016 promittit,
1783 1974 1892 2004 rudera
1912 1973 1970 2001 ista
1991 1982 2039 2001 re-

89 2022 160 2051 licta
190 2025 266 2050 sunt.
309 2022 383 2050 Nam
413 2022 455 2050 sic
483 2027 578 2050 totum
608 2023 773 2051 aedilicium
803 2033 839 2051 ex
863 2023 986 2051 Schedis
1017 2029 1128 2051 sartum
1159 2028 1268 2051 tectum
1291 2022 1436 2060 praestari
1460 2032 1546 2060 posse
1570 2021 1713 2049 arbitror:
1749 2017 1879 2048 Punicae
1900 2016 2038 2047 fortunae

89 2065 192 2094 aedem
214 2063 329 2092 vovisse
353 2064 464 2093 dicitur
485 2065 642 2093 Cornelius
663 2066 779 2104 Scipio,
803 2076 868 2094 cum
890 2065 1097 2101 Carthaginem
1123 2065 1279 2093 obsideret.
1324 2065 1405 2093 Idem
1429 2074 1549 2102 quoque
1572 2063 1656 2093 vovit
1677 2061 1778 2092 aedem
1801 2058 1939 2095 Veneris,
1963 2067 2038 2097 quae

90 2111 316 2146 cognomentum
339 2106 478 2135 habuisse
501 2108 612 2136 dicitur
635 2109 807 2143 Genitricis,
845 2119 933 2146 quam
957 2108 1120 2142 dedicavit,
1161 2108 1209 2136 ubi
1234 2108 1361 2145 primum
1385 2108 1530 2136 aemulam
1554 2107 1702 2136 Romanae
1727 2102 1857 2132 civitatis
1880 2100 2038 2138 Carthagi-

89 2160 155 2178 nem
179 2149 281 2178 urbem
304 2150 493 2188 expugnavit.
526 2150 669 2185 Quamvis
692 2151 744 2179 alii
766 2151 869 2179 dicant
891 2151 1005 2189 aliquot
1027 2156 1093 2189 post
1117 2151 1199 2179 annis
1223 2149 1408 2178 dedicavisse
1433 2172 1438 2178 .
1463 2171 1470 2179 .
1492 2171 1499 2178 .
1523 2172 1529 2178 .
1551 2150 1616 2181 Cos.
1640 2157 1732 2186 quum
1748 2145 1876 2177 Punicae
1899 2144 2035 2173 fortunâ€”'Â³â¶

88 2193 208 2229 aedem,
233 2202 320 2230 quam
345 2202 382 2221 ex
407 2197 478 2220 voto
501 2193 628 2221 debebat
652 2193 775 2231 primam
800 2193 953 2229 dedicare,
977 2194 1134 2221 locandam
1159 2203 1217 2221 non
1240 2196 1381 2221 curasset.
1427 2192 1516 2222 Dac.

253 2233 364 2262 Pueri
386 2235 432 2263 im
459 2256 597 2264 .....
629 2235 687 2274 (Ad
711 2246 741 2274 p.
755 2235 839 2274 2053)
870 2234 944 2263 Puer
966 2235 1094 2274 impubes
1117 2243 1228 2264 tantum
1253 2233 1370 2264 dicitur.
1412 2234 1491 2263 Atta
1513 2234 1544 2262 in
1568 2255 1575 2262 .
1601 2253 1608 2261 .
1635 2254 1642 2261 .
1667 2253 1675 2261 .
1699 2228 1732 2259 id
1751 2228 1886 2270 pluribus
1907 2224 2032 2272 versibus

88 2276 181 2306 docet.
226 2276 308 2312 Quae
337 2281 519 2315 sequuntur,
556 2278 705 2315 pertinent
736 2277 772 2306 ad
801 2277 955 2306 historiam
987 2279 1104 2316 penitus
1134 2278 1217 2306 nobis
1247 2278 1435 2313 incognitam.
1479 2277 1614 2312 Quorum
1644 2274 1761 2304 initium
1784 2272 1850 2312 plus
1873 2271 1969 2299 minus
1988 2272 2029 2296 sta

87 2324 266 2359 conceptum
291 2319 380 2347 fuisse
404 2320 536 2348 videtur:
561 2319 648 2348 Pueri
669 2331 785 2349 aeneum
809 2321 923 2359 signum
947 2319 987 2348 ad
1011 2320 1131 2349 Salinas
1151 2320 1277 2360 positum
1301 2327 1356 2356 estÍ¾
1380 2317 1460 2359 quod
1481 2320 1594 2357 signum
1618 2315 1744 2347 allatum
1763 2327 1835 2344 Îµ...
1857 2319 1906 2341 est.
1940 2308 2029 2357 Quqd

87 2368 155 2391 sunt
177 2362 275 2391 conati
297 2362 416 2400 quidam
439 2362 572 2391 evellere.
603 2363 693 2391 Nemo
717 2373 845 2400 unquam
866 2363 973 2401 potuit.
1004 2364 1154 2399 Quaerant
1177 2363 1269 2400 igitur
1291 2362 1371 2391 docti
1394 2361 1460 2390 viri.
1480 2358 1579 2391 Scal.
1608 2360 1713 2390 Verum
1732 2363 1775 2388 est
1789 2365 1893 2395 pueros
1909 2361 2029 2391 proprie

86 2405 254 2444 impuberes
278 2404 382 2434 dictos.
414 2405 496 2434 Idem
514 2405 627 2443 Varro,
652 2406 773 2436 Gellius.
806 2405 862 2434 Sed
886 2411 993 2445 poetae
1015 2406 1165 2435 interdum
1189 2410 1217 2434 et
1240 2410 1372 2435 oratores
1392 2415 1496 2443 pueros
1519 2408 1646 2439 vocant,
1670 2402 1720 2440 qui
1742 2400 1868 2439 puberes
1890 2400 1972 2432 sunt,
1994 2398 2028 2426 ut
