2263 2668
517 119 583 153 DF.
609 119 999 155 SIGNIFICATIONE
1026 120 1313 157 VERBORUM.
1366 124 1512 160 LIBER
1538 127 1563 160 Ι.

1974 132 2022 165 21

68 216 272 249 Aemscare
297 225 374 247 aera
400 214 565 258 undique,
601 214 638 247 id
664 219 713 248 est
736 216 895 260 pecunias
922 216 1084 260 colligere
1099 213 1132 249 ²⁸.

69 266 314 312 Aequilavium
330 262 355 282 ²⁹
381 266 547 311 significat
573 277 613 299 ex
638 271 711 299 toto
739 267 932 311 dimidium,
959 267 1087 301 dictum
1114 279 1133 300 a
1162 268 1325 302 lavatione
1351 271 1463 313 lanae,
1493 283 1580 316 quae
1608 272 1729 307 dicitur
1755 274 1942 318 aequilavio
1968 289 2023 310 re-

168 318 256 360 dire,
290 329 395 361 quum
422 318 598 351 dimidium
625 317 750 352 decidit
775 319 936 352 sordibus.

67 379 233 425 Aegeum
260 390 352 411 mare
380 379 588 423 appellatur,
624 378 718 422 quod
735 375 761 395 ³⁰
786 380 831 412 ita
858 382 995 413 crebrae
1028 379 1061 411 in
1089 390 1130 412 eo
1157 379 1219 412 sint
1246 380 1390 422 insulae,
1426 388 1461 415 ut
1487 384 1609 427 procul
1635 385 1869 428 aspicientibus
1896 388 2023 432 species

168 441 362 475 caprarum
389 430 563 463 videantur
576 427 619 468 31;
652 430 721 463 sive
746 431 840 473 quod
868 431 900 463 in
926 443 966 464 eo
984 426 1010 447 ³2
1037 427 1180 476 Aege³3
1205 432 1417 467 Amazonum
1445 436 1561 479 regina
1587 436 1742 480 perierit3
1775 437 1843 471 sive
1870 439 1963 482 quod
1990 440 2023 472 in

169 493 210 516 eo
224 478 249 498 ³¹
274 482 422 527 Aegeus
448 487 545 527 pater
570 482 698 515 Thesei
725 494 759 514 se
774 478 799 499 ³⁵
824 483 1103 527 praecipitaverit.

66 543 266 577 Aestimata
292 553 404 586 poena
441 543 482 575 ab
509 542 650 585 antiquis
685 542 727 575 ab
752 554 829 576 aere
856 542 945 577 dicta
969 547 1034 583 est,
1069 542 1126 586 qui
1162 554 1236 575 eam
1270 545 1524 580 aestimaverunt
1544 543 1569 563 ³⁶
1603 559 1697 590 aere,
1733 560 1832 583 ovem
1866 549 2023 592 decussis,

166 595 290 627 bovem
317 594 489 636 centussis,
516 593 586 628 hoc
613 598 662 627 est
688 594 809 628 decem
835 595 888 627 vel
914 599 1048 629 centum
1076 594 1209 628 assibus.

66 646 281 679 Alluciuutio
308 645 438 678 erratio.

68 697 217 742 Adigas
242 696 324 729 dare
351 708 464 742 cogaS.

68 749 189 790 Acies,
217 760 374 792 acumen,
403 760 481 782 acus
508 753 540 781 et
567 759 689 782 acuere
716 748 872 783 dicuntur
897 749 941 782 ab
968 745 1077 797 ἀκόνη
1088 745 1121 791 ³³,
1157 760 1259 792 quam
1280 749 1401 783 Latine
1428 750 1568 784 dicimus
1596 756 1714 786 cotem.

68 801 219 834 Auxilla
246 801 314 833 olla
340 801 489 845 parvula.

68 852 287 898 Amputastz,
314 852 349 884 id
377 849 459 885 est³⁸
486 852 728 896 circumputata
754 851 910 885 dicuntur
936 852 978 885 ab
1006 862 1068 894 eo,
1098 851 1193 896 quod
1220 852 1345 897 antiqui
1368 857 1494 899 putum
1504 849 1529 870 ³⁹
1555 865 1619 899 pro
1646 866 1734 900 puro
1756 855 1932 899 dicebant,
1960 869 2024 891 un-

647 899 671 920 -u

169 904 214 937 de
241 903 451 937 deducuntur
464 900 489 920 ⁴⁰
510 903 633 948 pudor
697 908 729 936 et
750 904 913 948 pudicus.

66 956 190 1001 Appia
217 956 270 988 via
297 961 329 988 et
356 967 442 999 aqua
471 956 514 988 ab
541 955 657 999 Appio
684 955 829 989 Claudio
856 960 904 988 est
931 955 1103 1000 appellata
1151 981 1160 989 .

1125 951 1150 971 42

65 1008 265 1041 Ariminum
283 1003 308 1024 ⁴³
334 1020 353 1039 a
382 1007 515 1040 nomine
541 1006 683 1039 fluminis
703 1003 728 1023 ⁴⁴
753 1007 936 1052 propinqui
963 1012 1011 1040 est
1037 1006 1174 1041 dictum.

65 1059 236 1093 Animula
257 1055 282 1076 ⁴⁵

65 1111 167 1145 Arca
200 1111 434 1143 diminutivum
471 1110 535 1144 faci

167 1175 314 1196 mamma
341 1162 558 1195 mammulam
587 1167 620 1195 et
645 1162 829 1195 mamillam
843 1159 877 1196 ⁵¹.

67 1214 219 1249 Alebria
245 1215 331 1247 bene
358 1214 487 1247 alentia-

67 1267 259 1312 Agasones
286 1277 390 1309 equos
417 1269 571 1310 agentes,
613 1264 648 1297 id
677 1270 725 1298 est
752 1265 919 1299 minantes.

67 1317 217 1352 Areubii
227 1314 272 1359 ⁵²,
311 1317 368 1360 qui
395 1317 606 1350 excubabant
625 1312 651 1333 5³
677 1316 710 1349 in
737 1329 824 1351 arce.

538 1106 597 1142 tl?

308 1059 386 1092 urbs
413 1070 592 1103 parvarum
619 1070 724 1103 opum
750 1059 813 1092 suit
827 1055 852 1076 ⁴⁶
878 1059 910 1092 in
937 1058 1072 1104 Apulia.

632 1110 781 1143 arculam
811 1116 843 1144 et
875 1111 1055 1153 arcellam,
1090 1115 1127 1143 ut
1160 1121 1179 1142 a
1213 1120 1300 1154 porc

1302 1120 1323 1142 o
1339 1106 1365 1128 ⁴⁸
1390 1109 1571 1155 porculum
1607 1114 1639 1143 et
1674 1111 1864 1156 porcellum
1885 1109 1927 1155 ⁴³,
1959 1124 1979 1146 a
2000 1109 2026 1131 ⁵⁰

67 1370 242 1404 Armillas
269 1380 309 1402 ex
336 1380 438 1410 auro,
465 1380 546 1413 quas
573 1367 633 1401 viri
660 1368 819 1402 militares
846 1369 890 1402 ab
917 1368 1176 1413 imperatoribus
1201 1366 1315 1400 donati
1341 1372 1474 1412 gerunt,
1502 1367 1607 1402 dictas
1628 1379 1698 1400 esse
1719 1367 1914 1408 existimant,
1932 1367 2025 1411 quod

165 1421 291 1464 antiqui
316 1420 477 1455 humeros
504 1432 582 1455 cum
604 1420 750 1453 brachiis
769 1432 888 1454 armos
904 1416 1123 1459 vocabant-'Q
1150 1419 1240 1453 unde
1260 1430 1365 1452 arma
1385 1419 1427 1452 ab
1450 1418 1501 1452 his
1525 1419 1750 1465 dependentia
1771 1425 1845 1452 sunt
1860 1424 1979 1454 vocata
1989 1415 2023 1452 ⁵⁵.

66 1481 299 1515 Abalienatus
325 1481 463 1523 dicitur,
491 1491 593 1524 quem
620 1480 692 1523 quis
720 1492 739 1513 a
765 1493 800 1514 se
827 1481 1015 1515 removerit.

1280 1476 1305 1497 55

1069 1479 1256 1514 Alienatus
1315 1507 1324 1524 ‚
1352 1481 1410 1524 qui
1437 1480 1563 1513 alienus
1591 1485 1638 1513 est
1664 1480 1779 1514 factus.

66 1541 236 1575 Asserere
250 1553 403 1583 manum,
431 1546 480 1575 est
502 1541 702 1583 admovere,
729 1552 798 1585 quo
820 1553 860 1575 ea
880 1552 1035 1586 quoque,
1070 1552 1158 1585 quae
1177 1541 1211 1574 in
1229 1537 1351 1574 terra⁵⁷
1366 1539 1583 1573 demittuntur
1592 1536 1627 1582 ⁵⁸,
1655 1540 1718 1573 seri
1735 1540 1909 1579 dicuntur3
1936 1538 2025 1573 unde

65 1675 142 1705 Scal.
164 1674 298 1715 Aegaea.
327 1692 370 1698 ——
399 1675 445 1715 34)
469 1677 501 1704 in
521 1673 568 1715 co]
592 1686 624 1704 eo
644 1676 718 1715 quia
741 1674 780 1704 M.
825 1677 859 1703 in
883 1685 950 1703 eum
975 1684 1024 1714 pr.

64 1734 107 1740 —-·
140 1719 189 1756 35)
212 1719 252 1757 se]
277 1729 333 1747 om.
359 1719 416 1748 Gu.
439 1722 465 1750 1.
497 1734 535 1739 —
567 1720 615 1756 36)
638 1717 888 1757 aestimaverunt]
912 1717 961 1746 Sic
984 1718 1022 1746 M.

66 1761 123 1791 Gu.
146 1763 177 1792 2.
201 1771 246 1800 pr.
269 1761 299 1789 S.
344 1762 590 1790 existimaverunt
614 1762 668 1790 Gu.
692 1766 717 1794 1.
758 1761 844 1800 Vulg.
865 1762 1024 1788 extimave-

65 1809 147 1831 ιἰιηί.
190 1803 261 1832 Mox
284 1804 360 1832 Scal.
384 1803 504 1832 decussi
520 1820 562 1825 —
579 1806 720 1834 centussi.
743 1821 785 1826 ——
807 1804 855 1842 37)
878 1803 1025 1832 dicuntur

66 1846 104 1874 ab
131 1842 243 1885 ἀκόνη]
273 1847 321 1875 Sic
344 1848 389 1882 S.;
426 1847 456 1875 in
479 1846 568 1875 codd.
590 1847 626 1876 M.
650 1848 706 1876 Gu.
726 1850 756 1878 1.
772 1850 801 1879 2.
847 1847 959 1875 Latinis
985 1846 1022 1874 li-

66 1888 136 1918 teris
169 1889 284 1927 scripta
315 1894 359 1918 est
387 1899 446 1918 vox
479 1890 602 1918 Graeca.
654 1889 770 1918 dicitur
797 1889 835 1917 ab
865 1900 957 1917 acone
987 1889 1021 1916 B.

65 1928 159 1970 α’κόνη
182 1941 240 1961 om.
264 1941 310 1970 pr.
356 1932 389 1960 In
412 1932 445 1960 B.
468 1937 535 1972 post
558 1938 652 1961 colem
672 1933 783 1971 legitur
804 1929 864 1962 ἄπο
883 1944 934 1970 της
955 1942 1023 1960 ακο-

64 1986 128 2013 νης.
172 1973 260 2012 vulg.
282 1970 342 2004 ἆπό
364 1975 419 2004 τοῦ
441 1971 544 2014 οἷκὸνη.
577 1991 614 1996 -
644 1974 694 2016 38)
719 1974 755 2003 id
776 1975 834 2012 est]
867 1984 924 2002 om.
945 1973 974 2000 L.
989 1973 1021 2000 Β.

65 2017 122 2046 Pro
144 2015 292 2044 dicuntur
311 2017 340 2045 S.
360 2015 450 2046 habet
473 2017 598 2047 ‹lic-itur.
623 2035 665 2039 —
695 2016 740 2056 59)
759 2016 883 2056 putam]
908 2026 964 2045 om.
990 2015 1021 2043 L.

63 2075 106 2081 —
139 2061 187 2096 40)
212 2058 419 2098 deducuntur]
443 2059 601 2088 ducuntur
622 2060 660 2089 M.
683 2076 725 2082 —
757 2061 805 2096 41)
824 2057 942 2097 pudor]
960 2068 1022 2096 pn-

65 2100 119 2130 ‹lco
142 2102 172 2130 L.
196 2118 237 2123 —
265 2100 311 2141 42)
333 2107 374 2129 est
393 2102 515 2142 appell]
540 2114 608 2141 app.
632 2108 673 2130 est
698 2103 754 2132 Gu.
772 2104 798 2132 1.
843 2101 949 2139 Appia
972 2101 1022 2128 ι’ἰα

65 2150 124 2182 est,
148 2155 225 2183 quac
243 2144 282 2172 ab
298 2144 401 2183 Appio
419 2144 553 2173 Claudio
574 2150 616 2173 est
635 2156 704 2183 app.
730 2154 777 2183 pr.
803 2160 839 2165 —-
877 2145 923 2182 43)
946 2143 1021 2171 Ari-

65 2186 195 2226 minum]
210 2187 362 2216 Arimnwz
386 2187 415 2216 B.
441 2204 477 2209 ·--
501 2186 835 2225 443stumim's]fl1wli
856 2185 887 2214 L.
910 2202 951 2206 ——
973 2187 1020 2222 45)

64 2229 226 2269 Animula]
250 2230 411 2258 Amimula
435 2230 468 2259 L.
511 2229 585 2258 Vide
611 2240 687 2268 quae
712 2228 774 2257 dixi
794 2228 831 2256 ad
851 2228 943 2256 Plaut.
966 2227 1021 2256 Mi-

63 2273 107 2303 lit.
131 2273 186 2309 lll,
212 2275 243 2308 1,
267 2275 316 2305 53.
342 2283 371 2311 p.
392 2272 442 2304 74.
471 2271 515 2302 ed.
545 2272 691 2301 Teubner.
735 2270 887 2299 Aminula
915 2271 943 2299 S.
981 2287 1020 2292 --

63 2315 109 2351 46)
124 2314 209 2354 suit]
224 2317 303 2343 enim
319 2315 389 2344 add.
405 2315 436 2344 B.
451 2331 495 2337 —
517 2313 564 2349 47)
581 2313 676 2352 facit]
694 2324 750 2342 oui.
768 2324 814 2352 pr.
831 2329 867 2334 —
884 2314 931 2348 43)
948 2323 1022 2351 por-

65 2357 111 2398 co]
129 2369 226 2397 porca
247 2358 279 2388 B.
312 2374 348 2379 —
385 2360 430 2392 49)
450 2356 633 2396 porcellum]
652 2356 818 2395 pot-cellam
843 2356 898 2384 Gu.
922 2359 948 2386 1.
979 2371 1021 2377 —

66 2402 112 2438 50)
136 2412 156 2429 α
175 2402 319 2437 mamma]
344 2406 377 2428 ut
402 2411 420 2428 a
444 2400 476 2429 L.
499 2416 541 2422 -
570 2402 615 2434 51)
635 2399 836 2427 mammillam
852 2404 877 2427 et
895 2398 1017 2426 mamil-

1066 1674 1141 1713 lam]
1169 1675 1371 1703 mammillam
1391 1678 1418 1700 et
1438 1674 1642 1702 mammillam
1657 1689 1697 1694 —-
1714 1675 1885 1702 mammilla
1904 1679 1931 1701 et
1953 1684 2025 1701 ma-

1066 1718 1156 1745 milla
1179 1718 1209 1746 L.
1256 1723 1282 1744 et
1305 1716 1477 1744 mamillam
1499 1727 1556 1745 om.
1575 1727 1621 1756 pr.
1648 1732 1684 1738 —-
1709 1720 1753 1753 52)
1775 1716 1908 1755 arcuhii]
1932 1726 2024 1744 arcu-

1067 1760 1135 1788 hiae
1159 1761 1189 1788 L.
1213 1762 1241 1788 S.
1295 1758 1444 1795 argubiae
1467 1759 1500 1789 Β.
1524 1760 1580 1789 Gu.
1606 1763 1634 1790 1.
1658 1769 1705 1798 pr.
1759 1759 1819 1787 Csr.
1848 1758 2026 1787 Doederlein

1066 1803 1177 1832 Laiein.
1195 1804 1265 1841 Syn.
1292 1801 1325 1829 Τ.
1341 1801 1376 1829 ll.
1400 1811 1428 1839 p.
1454 1804 1522 1832 162.
1555 1818 1593 1823 —
1630 1806 1675 1835 ὀύ)
1700 1801 1906 1839 ε’Λ-οιιύαὐαιιί]
1931 1811 2026 1829 escu—

1066 1845 1140 1873 bant
1162 1846 1194 1874 L.
1218 1860 1261 1865 -
1282 1843 1328 1881 54)
1351 1854 1454 1871 armos
1470 1843 1545 1883 νοω]
1567 1855 1629 1873 roc.
1648 1855 1725 1873 arm.
1750 1844 1780 1873 L.
1804 1860 1845 1866 —-
1864 1846 1913 1881 55)
1931 1854 2025 1872 νοσα-

1065 1890 1109 1923 ta]
1133 1888 1293 1915 nominata
1315 1886 1347 1916 B.
1371 1902 1414 1907 -—
1435 1888 1484 1924 56)
1504 1887 1683 1925 Alienatus]
1706 1886 1786 1915 Haec
1802 1886 1899 1924 glossa
1913 1885 2025 1914 adiuu—

1067 1935 1114 1958 cta
1139 1929 1169 1957 in
1191 1928 1362 1967 vulgaribus
1386 1929 1610 1967 exemplaribus
1630 1930 1742 1968 glossae
1763 1929 1924 1957 Ala-ariae
1942 1934 2025 1957 recte

1066 1973 1096 2000 in
1112 1971 1202 2000 codd.
1215 1971 1351 2001 omnibus
1364 1969 1424 1999 hoc
1441 1971 1510 2000 loco
1533 1973 1723 2011 coniungitur
1738 1982 1806 2000 cum
1828 1972 1920 2000 altera
1935 1972 2026 2000 Alm-

1066 2015 1209 2045 Innatus.
1247 2014 1387 2052 Sequitur
1403 2014 1492 2045 codd.
1512 2015 1604 2044 editio
1622 2015 1770 2053 princeps.
1787 2031 1829 2036 —
1850 2018 1899 2050 57)
1921 2017 1953 2043 in
1969 2021 2025 2042 ter-

1066 2056 1116 2097 ra]
1141 2057 1189 2085 Sic
1209 2057 1264 2086 Gu.
1279 2059 1309 2088 2.
1355 2057 1442 2094 vulg.
1462 2059 1494 2085 in
1515 2064 1643 2095 terram,
1668 2067 1744 2096 quae
1767 2058 1902 2097 syntaxis
1922 2068 2026 2096 quam-

1067 2109 1157 2138 quam
1172 2104 1214 2129 est
1231 2099 1385 2136 usitatior,
1410 2104 1507 2128 tamen
1532 2110 1623 2139 quum
1645 2101 1738 2129 altera
1757 2110 1818 2129 non
1838 2100 1935 2129 minus
1952 2100 2024 2138 legi-

1066 2142 1139 2171 tima
1162 2143 1215 2180 sit,
1239 2147 1359 2172 secutus
1374 2152 1440 2171 sum
1459 2143 1525 2173 cod.
1546 2143 1702 2183 optimum.
1738 2144 1800 2173 Csr.
1819 2144 1880 2172 Cic.
1892 2143 1921 2171 in
1941 2143 2021 2172 Vei-r.

1065 2185 1122 2221 lv,
1147 2187 1203 2223 33,
1226 2187 1274 2217 73.
1299 2185 1351 2213 ille
1368 2185 1479 2214 nobili-s·
1499 2191 1611 2215 taurus
1623 2203 1666 2208 -—
1679 2197 1739 2225 quo
1753 2187 1854 2222 vivos,
1878 2186 2023 2224 ¹supplicii

1066 2238 1176 2264 causa,
1202 2226 1353 2256 demittere
1367 2228 1503 2257 hanzines
1513 2245 1552 2251 —
1564 2229 1689 2258 solebat.
1712 2229 1786 2258 Vide
1800 2225 2022 2257 Drakenborch.

1066 2270 1104 2299 ad
1128 2270 1192 2299 Liv.
1212 2270 1389 2308 XXXVIII,
1413 2273 1471 2309 59,
1496 2275 1544 2304 10.
1578 2290 1614 2296 -
1652 2274 1700 2308 525)
1727 2269 1948 2307 demittuntur]
1972 2269 2021 2295 Sic

1064 2312 1171 2352 scripsi
1189 2323 1204 2342 e
1223 2313 1363 2352 Scaligeri
1384 2314 1567 2344 coniectura.
1614 2315 1699 2352 Vulg.
1723 2308 2019 2342 dimittuntur—dc·-

1065 2357 1228 2384 miltantur
1249 2355 1284 2387 B.
1329 2355 1500 2386 dimittitur
1521 2359 1553 2387 L.
1607 2358 1664 2386 Pro
1693 2366 1820 2385 manum
1845 2354 1914 2384 edit.
1943 2350 2016 2379 Scal-

1063 2397 1155 2429 habet
1175 2409 1270 2428 manu
1294 2403 1323 2428 et
1344 2409 1401 2439 pro
1419 2411 1498 2439 quo,
1521 2400 1610 2429 habet
1631 2398 1721 2438 quod.
