2263 2668
236 168 310 204 154
627 166 858 203 EUTYCHII
884 165 948 199 DE
974 163 1316 199 DISCERNENDlS
1343 165 1785 201 CONIUGATIONIBUS

236 263 507 309 coniugationum
534 262 670 300 indicia,
697 270 760 293 nec
785 259 905 293 iterum
932 271 1044 293 carere
1069 258 1199 303 penitus
1226 260 1387 293 omnibus.
1440 261 1527 293 Nam
1554 259 1586 292 in
1614 272 1633 293 o
1658 259 1925 293 terminationem
1952 271 1992 293 ex
2012 264 2108 305 parte
2129 261 2182 294 vi-

238 316 357 349 dentur
391 316 527 354 imitari,
561 325 579 346 o
606 311 812 345 terminalem
846 312 974 356 primae
1010 322 1172 355 personae
1205 311 1237 343 in
1271 313 1437 355 plerisque
1473 312 1678 355 temporibus
1713 311 1882 344 habentes.
1935 311 2088 356 Cumque
2120 313 2182 345 sint

239 367 350 400 omnia
383 368 485 400 verba
522 365 656 407 linguae
698 359 835 396 natura¹
868 364 1042 395 Romanae
1074 359 1300 407 ssapdvovffl,
1335 364 1404 397 hoc
1439 368 1486 396 est
1517 368 1632 396 tenore
1666 359 1822 407 prorsus3
1854 362 1887 394 in
1920 363 1985 395 fine
2020 364 2182 403 carentia3

237 430 301 453 nec
327 424 437 451 tamen
463 416 669 460 proprietate
705 414 992 448 circumflexorum
1019 418 1149 455 carent,
1182 425 1221 446 ex
1247 415 1355 447 vocali
1390 414 1556 448 secundae
1588 426 1750 458 personae
1785 413 2056 458 coniugationum
2089 415 2183 448 ordi-

238 466 334 503 nem⁴
368 467 581 501 ostendentia.
638 466 708 498 Sed
744 477 820 499 eum
855 465 1019 499 secundae
1053 475 1214 508 personae
1247 466 1430 498 observatio
1468 466 1617 509 syllabae
1651 465 1846 505 terminalis,
1882 476 1922 497 ex
1953 477 2018 509 qua
2047 465 2180 512 [2144]

239 516 386 553 dinosci⁵
419 517 668 563 coniugationes
700 518 819 549 artium
846 517 1021 561 scriptores
1048 516 1242 556 voluerunt,
1277 518 1369 561 apud
1396 518 1568 550 Romanos
1601 517 1731 561 penitus
1759 521 1806 550 est
1838 517 1980 558 incerta,
2012 517 2089 560 quia
2115 528 2184 550 non

238 573 364 605 ratione
391 571 546 615 cogimur
573 569 685 612 aliqua
710 568 823 601 scribo
849 569 1006 607 verbum,
1033 566 1158 600 scribis
1184 568 1299 601 tertiae
1325 569 1450 613 magis,
1482 567 1544 601 ειη(ἰ
1569 567 1707 601 scribas
1732 570 1887 613 primae,
1915 572 1947 601 et
1978 568 2066 601 cubo
2095 565 2181 602 bas'

237 623 270 656 in
296 622 442 656 secunda
468 632 628 666 persona,
661 631 702 652 an
729 620 824 653 cubis
857 620 1042 657 enuntiare3
1077 619 1225 651 conabor
1252 631 1291 651 ex
1317 620 1441 663 prima,
1477 620 1571 653 sicuti
1602 631 1755 664 possum,
1790 630 1932 663 persona
1959 615 2183 653 differentiasss

239 674 511 719 coniugationum
546 671 708 714 quasdam
744 671 938 711 ostendere,
972 675 1039 702 tam
1066 671 1198 703 vocales
1231 682 1331 713 quam
1364 677 1581 704 consonantes
1615 676 1688 704 ante
1712 683 1732 704 ο
1758 672 1813 704 vel
1840 667 1902 704 or⁰
1928 671 2062 704 finalem
2088 671 2184 716 posi·

239 726 336 759 tionis
363 726 455 758 verbi
484 723 711 765 considerans,
741 723 859 755 notatis
886 722 1012 755 scilicet
1038 722 1198 754 anomalis
1224 723 1277 755 vel
1304 722 1493 764 defectivis,
1528 723 1561 755 in
1587 723 1705 766 quibus
1730 723 1929 767 plerumque
1955 723 2039 755 ratio
2068 722 2184 756 deficit

240 777 435 822 analogiae,
470 780 506 809 ut
531 786 625 813 sum,
647 785 810 819 possum,
833 769 1029 819 prosatum,
1058 774 1218 818 inquam,
1247 774 1331 814 erlo,
1359 774 1464 815 cerlo,
1481 774 1597 820 jaro,
1624 774 1742 814 sodes,
1771 785 1855 815 ave,
1872 774 1982 819 ferit,
2011 770 2121 821 insitu
2149 778 2183 807 et

239 829 413 866 similibus;
448 828 525 860 licet
551 827 584 858 in
611 826 663 858 liis
698 826 775 870 ipsis
802 825 966 870 quaedam
994 829 1083 865 sunt,
1126 836 1211 868 quae
1238 836 1278 858 ex
1305 826 1376 869 ipsa
1404 826 1615 858 similitudine
1641 826 1805 858 finalitatis
1831 830 1967 869 possunt
1994 831 2184 859 ceterorum

238 881 362 924 regulis
394 875 566 911 obedire¹2
601 878 788 910 verborum.
841 879 928 910 Ante
961 875 1153 919 specialium
1186 881 1297 909 tamen
1332 878 1571 921 expositionem
1603 877 1797 922 regularum
1827 877 1918 921 prius
1953 873 2112 920 aliquid¹³
2137 877 2183 910 de

237 932 304 965 hac
330 930 546 974 ambiguitate
574 930 845 972 coniugationum
872 928 1009 960 delinire
1035 928 1168 960 tentabo
1179 923 1212 960 ¹⁴.

403 981 436 1014 2.
492 981 594 1022 Quod
620 980 807 1013 inchoativa
830 979 982 1023 quidem,
1010 990 1096 1021 quae
1117 990 1250 1022 semper
1271 978 1451 1010 derivativa
1475 983 1565 1020 sunt,
1592 990 1655 1012 nee
1678 991 1697 1011 a
1720 978 1828 1011 verbis
1853 977 2096 1017 tantummodo,
2122 976 2184 1010 sed

239 1033 338 1067 etiam
357 1044 376 1065 a
391 1032 578 1066 nominibus
602 1032 807 1072 derivantur,
835 1038 867 1063 et
889 1032 920 1062 in
937 1042 995 1063 sco
1018 1031 1126 1063 solum
1149 1030 1318 1069 desinunt,
1346 1035 1378 1062 et
1393 1030 1486 1062 unius
1508 1030 1740 1064 tantummodo
1764 1035 1853 1071 sunt,
1882 1030 2033 1062 omnibus
2053 1026 2182 1074 [2145]

240 1085 443 1129 artigraphis
454 1081 477 1101 ¹⁵
500 1084 533 1116 in
555 1083 624 1117 hoc
645 1083 940 1122 consentientibus,
967 1082 1081 1114 tertiae
1103 1082 1365 1126 coniugationis,
1393 1087 1428 1113 ut
1448 1079 1642 1123 hebes-com,
1670 1083 1824 1122 calesco,
1843 1081 2071 1125 pertimesco,
2098 1090 2182 1112 eva-

238 1132 391 1178 nesco¹⁷‚
420 1136 606 1176 horresco,
628 1139 793 1180 patesco,
820 1138 974 1173 notesco,
994 1132 1171 1178 fervesco,
1199 1133 1362 1173 labus-co,
1390 1134 1567 1175 tremisco,
1595 1130 1813 1174 dormiseoffi,
1840 1143 2067 1177 vesperasco,
2089 1141 2184 1176 pm·-

232 1198 405 1233 purasco,
443 1183 707 1227 imoeterascoffi,
741 1197 897 1226 senesce,
932 1185 1128 1225 iuvencseo,
1162 1185 1295 1230 glisco,
1331 1189 1363 1217 et
1390 1182 1558 1227 reliqua²⁰.
1612 1185 1795 1225 Quomodo
1830 1184 2020 1217 meditativa
2045 1184 2079 1216 in
2105 1182 2183 1215 urio

237 1240 345 1272 solum
373 1239 541 1279 desinunt,
569 1242 601 1271 et
624 1243 760 1281 quartae
781 1236 1012 1269 tantummodo
1035 1241 1107 1268 sunt
1133 1235 1393 1280 coniugationis,
1420 1233 1486 1268 ut²¹
1514 1237 1674 1277 lecturio,
1702 1236 1871 1278 dietario,
1898 1235 2075 1275 micturio,
2104 1245 2183 1267 esa-

238 1292 302 1324 rio.
355 1290 612 1334 Frequentativa
638 1300 735 1331 vero,
763 1300 850 1331 quae
868 1288 1015 1320 similiter
1041 1287 1237 1320 inchoativis
1264 1292 1296 1320 et
1322 1287 1518 1320 meditativis
1547 1288 1726 1320 derivativa
1753 1292 1843 1328 sunt,
1870 1287 1903 1319 in
1929 1287 1995 1326 ito,
2022 1286 2076 1318 vel
2103 1281 2182 1326 to²²‚

238 1342 463 1387 praecedente
489 1346 707 1380 consonante,
740 1341 793 1373 vel
820 1341 851 1372 in
878 1350 932 1380 so,
968 1339 1022 1371 vel
1050 1339 1147 1372 etiam
1175 1339 1208 1371 in
1234 1350 1280 1371 xo
1307 1338 1475 1381 desinunt,
1513 1344 1545 1372 et
1570 1339 1699 1383 primae
1726 1345 1799 1372 sunt
1831 1334 1991 1371 tantum²³
2017 1337 2182 1380 coniuga-

238 1395 352 1435 tionis,
385 1399 421 1426 ut
445 1394 577 1433 lectito,
605 1393 743 1431 dictito,
772 1392 918 1431 cantito,
953 1391 1098 1430 curs-ito,
1131 1391 1248 1431 visito,
1285 1394 1405 1431 canto,
1442 1391 1554 1433 dicto,
1587 1387 1752 1435 merso²⁴,
1787 1401 1906 1429 curso,
1943 1399 2042 1422 nexo.
2102 1388 2182 1420 Viso

239 1447 325 1479 enim
350 1445 443 1487 visis,
470 1445 562 1488 quod
591 1450 623 1477 et
649 1443 809 1488 Virgilius
839 1441 1008 1476 Aeneidos
1033 1443 1120 1475 libro
1139 1442 1219 1475 vul
1247 1437 1401 1475 refert²³z

463 1496 530 1530 has
553 1495 649 1542 forte
674 1494 818 1529 invisitis
844 1504 950 1531 ura-53

237 1552 270 1581 et
294 1547 327 1581 in
354 1547 493 1581 eodem:

240 1647 350 1676 cedunt
371 1658 386 1675 a
406 1652 524 1686 recepta
541 1646 688 1682 lectione,
723 1645 781 1674 nisi
800 1644 881 1683 quod
899 1648 967 1682 post
993 1653 1022 1672 v.
1044 1647 1187 1681 quartam

240 1699 344 1718 vocem
359 1690 500 1717 Graecam
519 1687 664 1725 ὄξύτονον
680 1689 883 1726 interponunt,
907 1696 980 1724 quae
996 1686 1026 1713 in
1040 1685 1111 1714 eod.
1127 1694 1186 1712 non

242 1736 302 1767 est,
334 1736 362 1759 et
385 1732 462 1759 Cam.
487 1731 633 1766 habeam,-
665 1731 734 1759 Cod.
756 1731 786 1758 P.
805 1730 925 1757 liabent.
968 1728 1067 1766 Neque
1089 1732 1188 1755 tamen

241 1773 344 1813 potuit
359 1774 572 1801 Grammaticus
587 1770 731 1808 ὀξύτονον
748 1772 986 1809 coniugationem
1002 1770 1080 1809 apud
1094 1771 1189 1797 Grae—

242 1826 292 1844 cos
308 1825 485 1850 memorare,
509 1825 582 1852 quae
596 1815 675 1842 nulla
693 1820 745 1843 est.
790 1815 865 1842 Tum
884 1814 1067 1842 desideratur
1085 1811 1188 1840 subdi-

241 1858 318 1886 visio
330 1879 339 1894 ,
364 1868 451 1895 quam
469 1858 498 1885 in
515 1857 712 1896 superioribus
730 1857 844 1884 duabus
863 1855 1103 1893 coningationum
1120 1865 1188 1892 spe-

245 1900 347 1928 ciebus
371 1904 519 1938 posuerat.
565 1900 640 1936 Ergo
663 1899 852 1926 scribendum
877 1909 997 1926 censeo:
1030 1900 1070 1926 Ec
1088 1898 1187 1932 tertia,

242 1954 337 1982 quam
361 1953 393 1970 ex
413 1942 511 1980 finali
532 1943 739 1969 terminatione
762 1942 793 1968 in,
820 1952 851 1979 μι
873 1940 1051 1968 (las-[nentem.
1072 1939 1188 1975 dicunt,

243 1986 310 2013 licet
327 1986 357 2012 in
373 1986 486 2022 pauci-r
501 1984 596 2012 verbi-5
608 2006 616 2019 ,
648 1994 694 2022 qa
703 1989 839 2010 attaor
860 1982 973 2010 habet
998 1983 1190 2020 coniuga-

244 2029 381 2057 tione&
425 2027 567 2064 Intelligit
588 2027 717 2054 Gramm.
736 2025 904 2053 notissimas
925 2025 1140 2061 coniugationis
1159 2024 1190 2052 in

244 2082 276 2109 μι
292 2071 401 2098 formas
417 2070 539 2107 τίθημι,
562 2069 676 2107 ἵστημι,
701 2069 822 2107 δίδωμι,
843 2068 987 2105 δείκνυμι.
1021 2067 1121 2095 Error-i
1137 2077 1191 2094 oc-

243 2113 392 2141 casionem
413 2112 495 2140 dedit
519 2121 659 2139 numerus
683 2121 741 2139 non
761 2109 944 2149 perscriptus
963 2109 992 2136 in
1016 2109 1188 2147 archetypo,

243 2155 294 2183 sed
315 2154 397 2192 signo
416 2154 486 2182 llll.
504 2158 633 2182 notatus.
655 2169 696 2174 —
735 2151 761 2191 1)
792 2154 936 2180 Naturae
952 2151 983 2178 P.
1005 2152 1087 2178 male.
1112 2153 1190 2179 Cain.

241 2196 301 2225 hoc
318 2197 435 2225 ordine:
457 2207 580 2234 cumque
595 2197 656 2223 sint
672 2196 797 2232 linguae
810 2194 968 2223 Romanae
983 2195 1084 2220 omnia
1103 2194 1190 2221 verba

244 2245 359 2268 natura
390 2237 550 2277 βαρύτονα.
579 2254 618 2259 -
667 2238 697 2275 Ξ)
721 2239 873 2265 Bar-inum
897 2236 966 2263 cod.
995 2235 1044 2263 sed
1068 2236 1189 2263 sortasse

243 2282 353 2311 rectius
375 2281 478 2309 Latine
500 2280 650 2308 scribitur.
695 2281 788 2318 Supra
812 2279 890 2307 hanc
907 2287 1008 2306 vocem
1034 2277 1139 2313 legitur
1159 2278 1189 2305 in

243 2325 314 2355 Cod.
339 2328 503 2352 monstrum
531 2323 614 2351 verbi
635 2322 670 2349 ab
697 2322 753 2350 alia
781 2332 870 2350 manu
892 2319 1073 2359 glossematis
1096 2319 1189 2348 instar

243 2365 392 2395 ettorondi
417 2363 495 2406 (sic).
510 2381 551 2387 —
580 2368 607 2398 3)
626 2366 760 2392 Prorsus
773 2364 802 2392 in
818 2364 889 2392 cod.
905 2373 994 2401 supra
1010 2372 1066 2391 scr.
1086 2362 1136 2388 sed
1153 2362 1188 2389 ab

244 2409 306 2438 ead.
329 2419 427 2437 manu.
451 2424 493 2430 —
528 2404 565 2446 4)
593 2407 736 2435 Ordinem
757 2408 834 2436 coni.
860 2406 890 2434 P.
913 2423 947 2426 —
990 2404 1028 2442 5)
1047 2405 1189 2431 Βιιιυ.ςι·ι”

246 2452 320 2482 cod.
344 2452 423 2481 Cam.
439 2451 470 2480 P.
494 2449 575 2488 quod
595 2449 713 2480 retinui.
737 2465 775 2471 —
823 2451 849 2484 6)
875 2446 1062 2477 Memorabile
1083 2450 1127 2474 est
1149 2457 1189 2474 alb

1230 1646 1299 1680 post
1318 1641 1570 1681 comparativum,
1593 1653 1649 1681 pro
1672 1652 1775 1681 quam.
1797 1657 1839 1663 ·--
1871 1643 1898 1676 7)
1921 1640 1992 1669 cod.
2015 1639 2098 1668 cubo.
2117 1638 2181 1667 bas.

1232 1685 1261 1713 P.
1285 1686 1359 1712 cubo
1376 1685 1478 1714 cubas.
1497 1701 1540 1706 -—-
1577 1684 1604 1723 S)
1624 1686 1694 1714 Cod.
1716 1684 1905 1722 deserentia-r.
1928 1699 1971 1705 —
2008 1686 2037 1717 9)
2061 1681 2137 1710 Male
2150 1681 2181 1711 P.

1232 1732 1300 1754 ante
1320 1738 1335 1754 ο
1359 1728 1405 1754 vel
1423 1738 1471 1756 os,
1493 1743 1535 1748 —
1572 1728 1616 1765 io)
1633 1728 1703 1756 Cod.
1719 1738 1787 1755 sum
1798 1736 1927 1765 prosum
1943 1726 2077 1763 inquam.
2100 1723 2180 1752 Cam.

1232 1774 1260 1796 et
1278 1770 1306 1797 P.
1330 1780 1415 1806 sum„
1434 1780 1577 1807 possum,
1596 1780 1735 1808 prosum,
1764 1771 1825 1807 inq.
1843 1768 1923 1806 quod
1938 1766 2112 1795 retinui.-
2135 1763 2180 1803 11)

1233 1811 1303 1839 Cod.
1321 1812 1398 1841 Cam.
1423 1817 1450 1840 et
1471 1813 1502 1840 P.
1525 1823 1580 1839 am·
1595 1813 1676 1848 serit
1697 1812 1781 1849 infit,
1804 1811 1891 1848 idque
1907 1809 2035 1846 retinui,
2057 1808 2129 1836 licet
2142 1807 2182 1836 sit

1233 1859 1419 1892 corruptum.
1464 1854 1656 1882 Scribenduni
1676 1859 1793 1893 putem:
1819 1852 1930 1890 ‹wefit
1953 1852 2029 1889 insit.
2053 1867 2092 1872 —-
2132 1848 2180 1889 12)

1235 1896 1379 1924 Olmedi're
1398 1896 1468 1924 cod.
1485 1912 1526 1918 —
1565 1896 1607 1935 13)
1624 1897 1701 1924 Cam.
1718 1897 1747 1925 P.
1765 1895 1889 1933 aliquid
1900 1894 2047 1933 generale.
2084 1892 2181 1930 Atque

1231 1938 1272 1966 ita
1290 1939 1375 1967 etiam
1395 1938 1598 1966 recentissima
1621 1948 1725 1966 manus
1744 1938 1774 1966 in
1796 1948 1887 1974 marg.
1910 1936 1981 1965 Cod.
2006 1936 2070 1964 Non
2090 1939 2180 1963 recte.

1232 1997 1273 2003 —
1297 1981 1342 2019 14)
1363 1981 1434 2009 Cod.
1453 1981 1610 2018 iemptabo.
1626 1997 1669 2003 —
1707 1979 1750 2019 15)
1768 1979 1970 2018 Arligrtzpliis
1987 1979 2058 2007 Cod.
2075 1977 2181 2005 ormo-

1230 2024 1361 2061 graphi-r
1386 2024 1415 2053 P.
1440 2020 1647 2063 ὄρθογρεὲφοις
1668 2023 1747 2051 Cam.
1769 2039 1811 2044 —-
1858 2021 1904 2062 16)
1927 2021 2067 2050 Hebesco.
2110 2020 2181 2048 Post

1233 2066 1312 2094 hanc
1326 2076 1428 2094 vocem
1452 2066 1578 2104 pessime
1600 2066 1714 2093 intrusa
1737 2065 1876 2102 leguntur
1901 2064 1982 2103 apud
2002 2064 2046 2093 1‘.:
2075 2061 2110 2090 id
2127 2067 2179 2098 est,

1232 2108 1387 2147 lzfflesfio,
1410 2108 1566 2144 stulte-sco,
1590 2109 1702 2146 incipio
1719 2108 1835 2135 stultns
1851 2118 1927 2143 ess&
1952 2116 2026 2145 quae
2037 2109 2116 2134 recte
2130 2104 2180 2132 ab·

1234 2156 1304 2179 sunt
1325 2162 1341 2178 a
1360 2151 1427 2181 cod,
1468 2151 1602 2179 Ceterum
1622 2150 1695 2178 haec
1714 2155 1743 2178 et
1758 2161 1838 2188 seqq.
1864 2150 1950 2177 aliter
1969 2148 2087 2177 exhibet
2100 2147 2179 2175 Cam.

1232 2199 1265 2221 ut
1283 2193 1369 2221 lie-beo
1391 2193 1528 2221 hebesco:
1558 2193 1641 2220 albet)
1663 2192 1779 2220 albe-sco
1805 2198 1833 2220 et
1853 2192 1896 2220 sic
1918 2202 2019 2230 portu.
2045 2206 2088 2212 —
2133 2188 2179 2227 17)

1239 2238 1372 2264 Dav-mco
1395 2235 1425 2265 h.
1449 2236 1469 2263 l.
1493 2235 1621 2264 intrudit
1642 2236 1721 2263 Cam.
1744 2235 1775 2263 P.
1801 2234 1882 2273 quod
1908 2234 1939 2262 in
1962 2233 2032 2261 cod.
2060 2231 2180 2270 quidem

1233 2278 1394 2316 scriptum,
1433 2277 1485 2306 sed
1511 2277 1546 2306 ab
1574 2277 1695 2316 antiqua
1723 2287 1813 2305 manu
1843 2281 2010 2305 correctum
2033 2275 2179 2303 horresco.

1232 2321 1335 2348 Paullo
1353 2325 1420 2358 post
1435 2331 1489 2359 pro
1507 2320 1630 2348 laba-reo
1646 2321 1724 2348 Cam.
1743 2320 1829 2355 lavo,
1854 2320 1980 2347 lave-wo.
1996 2334 2035 2339 -
2058 2317 2104 2353 18)
2120 2315 2178 2343 Hic

1233 2368 1398 2400 sequuntur
1425 2363 1456 2390 in
1479 2363 1508 2391 P.
1536 2374 1555 2390 α
1582 2364 1701 2391 nomine
1724 2372 1847 2400 vespera
1871 2361 1919 2390 vel
1941 2360 2026 2389 verbo
2048 2367 2177 2395 vespero,

1233 2415 1305 2442 quae
1321 2410 1400 2433 recte
1416 2415 1432 2432 a
1454 2404 1526 2433 cod.
1549 2405 1732 2443 ignorantur.
1778 2405 1811 2432 ln
1830 2404 1908 2432 Cam.
1926 2408 1984 2431 est:
2016 2411 2036 2428 a
2059 2401 2178 2428 nomine

1232 2458 1354 2485 vespera
1375 2457 1557 2485 vesperasco.
1592 2448 1727 2477 Ceterum
1742 2447 1814 2476 Cod.
1830 2451 1981 2474 tremesco
2001 2441 2177 2472 ‹lm-mesco.
