2263 2668
242 207 318 245 41⁰
667 200 1010 236 COMMENTARH
1035 200 1083 234 IN
1108 201 1250 235 PAULI
1275 202 1470 237 DIACONI
1496 202 1749 237 EXCERPTA

402 295 602 334 Elinguem,
648 293 696 320 Sic
725 301 816 331 supra
845 290 999 328 elumbem,
1035 291 1137 322 avulso
1165 292 1273 326 lumbo.
1317 294 1476 334 Elinguare
1503 294 1579 323 dixit
1601 295 1723 324 Plautus
1746 296 1878 334 linguam
1901 299 2078 336 praecidere.
2115 300 2173 330 Au-

243 342 295 370 lul.
312 341 339 368 ΙΙ
379 342 398 370 2
450 340 499 369 72.
526 348 532 365 ἑ

348 362 356 376 '
406 361 413 375 ’
437 337 447 377 (
502 340 516 373 )
669 375 703 405 Si
725 374 820 405 hercle
842 383 920 415 egote
942 386 1000 404 non
1023 375 1228 416 elinguandam
1253 378 1356 408 dedero
1379 391 1467 419 usque
1488 378 1524 407 ab
1548 377 1707 410 radicibus.

243 425 326 454 Dac.
369 422 444 450 Hinc
468 419 570 457 glossis
594 416 764 457 Elingnatio
791 419 1000 458 γλωσσοτομία.
1049 417 1152 449 Goth..

402 461 618 491 Elacatena.
666 461 736 488 Plin.
766 461 816 491 lib.
835 461 968 497 XXXII,
1005 471 1070 500 cap.
1101 463 1153 493 ult.
1185 462 1367 492 helacatenes
1396 463 1483 502 piscis
1515 473 1619 491 nomen
1652 473 1713 492 esse
1743 464 1791 492 ait.
1836 465 1875 492 De
1903 464 2073 506 melandrya
2101 478 2173 497 vero

241 507 334 535 Varro
358 505 407 533 lib.
422 505 468 533 IV.
493 504 529 532 de
552 504 634 540 Ling.
658 503 718 531 Lat.
744 501 797 540 (V,
823 506 878 538 12,
902 513 929 541 p.
944 505 994 534 82.
1018 505 1078 542 Sp.)
1102 505 1175 535 Plin.
1199 506 1311 534 lib.IX.
1336 516 1400 545 cap.
1416 506 1463 537 15.
1490 505 1594 533 Athen.
1614 506 1663 534 lib.
1676 506 1726 534 Ill.
1751 517 1774 535 c.
1789 510 1838 539 20.
1862 507 1948 536 Ani.
1971 508 2065 548 Aug.
2105 510 2175 539 Ela-

241 554 303 577 cate
327 553 354 576 et
378 548 532 575 Elacatena
556 546 645 584 piscis
670 555 706 573 ex
735 545 917 574 thunnorum
951 555 1074 583 genere,
1112 548 1189 577 saliri
1220 549 1340 584 solitus⁷
1377 549 1454 576 unde
1478 548 1579 576 Festus
1603 549 1724 587 exponit
1746 548 1915 578 salsamenti
1936 561 2033 589 genus.
2078 551 2174 582 Athe-

240 600 328 619 naeus
358 590 407 620 lib.
421 589 495 617 VlL:
529 586 709 626 ἠλακατῆνες
731 588 817 627 ἰχθῦς
839 585 994 626 κητώδεις,
1029 587 1188 629 ἐπιτήδειοι
1211 592 1252 627 εἰς
1272 591 1431 630 ταριχείαν.
1476 591 1570 628 Vulgo
1594 596 1738 620 vocantur
1761 591 1934 621 melandria.
1970 593 2038 631 Leg.
2061 593 2175 624 melan-

241 631 331 672 drya,
354 629 529 671 μηλάνδρυα
553 632 660 659 Graece
685 630 873 668 pulpamenta
898 630 1088 668 thynnorum.
1133 633 1187 662 Da
1197 645 1220 662 c.

402 673 560 702 Enubro.
606 673 802 701 Glossarium:
840 673 966 709 Enibra,
1000 674 1162 705 ἐναντία.
1206 674 1347 703 Embrum
1377 673 1615 715 πραγμάτιος
1644 675 1863 715 ἐπιβλαβής.
1908 677 1998 714 Lege:
2032 676 2175 707 Enihrum

241 713 462 756 πράγματος
483 714 694 755 ἐπιβλαβές.
731 714 837 744 Εηίὂεν
856 717 956 755 picus,
980 713 1087 755 ὅρνις
1109 715 1268 756 πονηρά.
1305 716 1410 746 Inebm
1434 716 1571 756 ὄρνεον
1593 717 1860 756 μαντευτικόν.
1904 720 2024 748 Servius
2046 720 2076 747 in
2098 720 2175 749 Fra-

241 759 380 797 gmentis:
420 756 503 787 Certa
523 768 625 796 genera
647 759 742 786 avium
764 757 801 786 ab
823 756 980 797 auguribus
1001 758 1199 798 appellantur,
1238 771 1310 799 quae
1330 762 1431 798 pennis
1454 760 1500 789 vel
1519 759 1618 789 volatu
1642 762 1739 789 omnia
1760 768 1880 800 possunt
1905 760 2020 801 facere:
2055 773 2128 801 quae
2149 763 2175 791 si

239 801 349 841 fuerint
369 811 537 839 prosperae,
559 807 721 839 praepetes:
746 801 771 828 .ςί
793 799 944 837 adversae,
966 800 1080 829 inebrae
1103 801 1246 832 (licuntur.
1272 801 1372 833 Scal.
1415 802 1531 831 Enuber
1552 808 1648 831 autem
1670 803 1730 832 sive
1752 803 1861 840 eniber,
1884 803 1988 832 enuber
2009 804 2059 833 vel
2080 803 2175 833 ineber

241 844 275 871 ab
298 842 475 878 inhibendo,
505 847 538 870 ut
560 853 575 869 a
599 841 783 880 prohibendo
804 841 931 882 proeber.
979 843 1050 873 Vide
1074 844 1197 873 inebrae.
1241 844 1330 873 Dac.

401 883 529 913 Eliaea.
573 885 653 919 Quae
673 885 703 912 in
726 894 801 922 aqua
825 890 909 913 cocta
932 890 1015 922 sunt,
1044 897 1059 914 a
1082 887 1215 925 liquore,
1247 897 1332 925 quem
1356 885 1404 916 lix
1425 887 1571 917 dicebant.
1615 888 1650 917 Id
1673 889 1761 917 sentit
1784 888 1876 917 Varro
1899 887 1950 917 lib.
1962 887 2010 916 IV.
2032 887 2069 916 de
2091 887 2123 918 L.
2141 888 2174 916 L.

240 925 292 963 (V,
317 936 344 964 p.
359 928 428 957 113.
454 928 531 965 Sp.):
562 925 684 955 Elixum
707 935 746 955 est
769 938 786 954 a
810 926 921 967 liquore
942 938 1034 966 aquae
1057 926 1220 958 deductum.
1266 929 1352 958 Dac.

401 967 451 996 En
462 967 678 1008 rloplorato.
724 969 921 997 Glossarium:
950 969 1168 1009 Endoploram,
1193 969 1434 1001 ἐπικάλεσον.
1461 970 1559 1000 Scal.
1606 971 1769 1011 Implorare
1791 979 1830 1000 esi
1853 971 2027 1008 inclamare,
2051 971 2092 999 ad
2114 983 2174 1002 au-

239 1008 345 1039 :tilium
368 1011 510 1039 invocare.
543 1011 654 1039 Festus.
688 1011 759 1039 Item
779 1010 898 1050 plorare
909 1012 998 1051 flere,
1022 1011 1188 1043 inclamare.
1220 1014 1249 1041 ln
1273 1014 1327 1051 leg.
1350 1014 1452 1043 Rom.:
1478 1013 1512 1042 Si
1531 1022 1677 1053 parentem
1700 1026 1771 1053 puer
1792 1014 1933 1050 verberet,
1955 1021 1999 1043 ast
2022 1012 2079 1042 olle
2099 1013 2174 1052 plo-

239 1053 342 1089 russii,
364 1052 394 1081 id
419 1057 462 1081 est
485 1053 669 1089 clamaverit,
694 1054 732 1082 ad
755 1054 898 1082 auxilium
921 1055 1082 1084 vocaverit.
1119 1056 1228 1084 Locum
1253 1056 1310 1084 adi.
1333 1056 1422 1086 Dac.
1464 1056 1522 1084 Alii
1544 1056 1653 1086 eclentlo
1671 1056 1798 1096 plorato.
1838 1056 1920 1095 Adde
1942 1057 2018 1084 infra
2039 1055 2100 1085 Sub
2124 1067 2174 1085 vos

236 1093 334 1133 placo.
383 1093 489 1125 Goth.

400 1136 502 1167 Eudo
522 1138 736 1177 procinctu.
780 1138 822 1167 lta
848 1139 933 1177 exple
955 1139 984 1167 in
1009 1139 1173 1168 Glossari0:
1202 1138 1286 1168 Emlo
1307 1141 1461 1178 procinctu
1484 1141 1669 1181 ἒζωμένοι
1691 1141 1729 1171 ἓν
1753 1140 1911 1180 πολέμῳ.
1945 1140 2077 1179 Exponit
2099 1138 2173 1168 endo

239 1177 355 1215 ἐνείς,
386 1179 467 1217 leget
496 1181 550 1217 ἐν,
580 1181 642 1215 εἰς.
688 1178 876 1220 Εηᾶορὶοιιε,
900 1177 1063 1217 οἷνωθεῖς
1085 1183 1278 1221 ἐνᾶωτὲρω
1304 1183 1382 1219 lege:
1413 1182 1502 1220 endo,
1526 1182 1618 1220 ἅνω,
1644 1185 1701 1219 εἷς,
1723 1184 1928 1220 ἒνόωτέρω.
1975 1183 2049 1210 Nam
2071 1180 2103 1212 τὸ
2126 1181 2174 1210 Pi-

239 1230 288 1249 cus
311 1223 444 1259 sequenti
466 1223 532 1251 voci
556 1223 789 1260 adiungendum:
823 1222 927 1252 Eniber
946 1225 1043 1263 piem,
1076 1223 1181 1263 ὄρνις
1203 1222 1361 1263 πονηρά.
1387 1225 1486 1256 Scal.
1532 1225 1566 1254 In
1588 1227 1741 1265 procinctu
1765 1226 1937 1254 dicebantur
1959 1225 2083 1261 milites,
2107 1234 2174 1252 cum

238 1272 268 1290 se
290 1263 326 1291 ad
350 1265 541 1303 pugnandum
565 1266 727 1294 cinxerant.
759 1266 830 1294 Nam
853 1271 967 1294 veteres
983 1267 1103 1295 Romani
1130 1268 1252 1295 cinctuti
1275 1268 1456 1305 pugnabant.
1487 1269 1555 1296 lnde
1580 1268 1698 1305 Cethegi
1723 1268 1795 1296 dicti
1818 1269 1947 1297 cinctuti.
1974 1267 2048 1296 Vide
2071 1267 2173 1296 llorat.

238 1304 267 1332 in
292 1311 353 1335 arte
376 1306 463 1345 (50.).
486 1308 571 1337 Dae.
607 1308 680 1336 Vide
702 1308 779 1336 infra
801 1309 829 1337 in
850 1310 1019 1347 procinctu,
1043 1314 1071 1337 et.
1093 1315 1231 1348 excerpta
1254 1315 1353 1338 nostra
1378 1320 1413 1338 ex
1439 1310 1550 1346 glossis.
1578 1309 1680 1340 Goth.
1716 1309 1858 1347 Incincti3
1881 1309 2034 1339 succincti.
2066 1308 2173 1337 Idem.

399 1348 614 1388 Emptivum.
658 1351 788 1389 Emptivi
811 1351 934 1386 milites,
967 1352 1017 1389 qui
1040 1352 1172 1380 mercede
1196 1353 1334 1380 conducti
1359 1352 1531 1381 militabant.
1575 1353 1664 1382 Dae.

400 1390 646 1431 Emancipati.
690 1392 907 1432 Emancipaius.
939 1394 1093 1429 Eleganter
1115 1400 1247 1423 veterum
1271 1395 1396 1432 glossae:
1420 1394 1626 1434 Emancipaiio
1643 1394 1827 1430 ἐξοικείωσις.
1860 1393 2069 1432 Emancipatus
2090 1389 2172 1431 χερά-

238 1443 335 1469 φετος.
371 1431 578 1472 Emancipatio
601 1436 772 1473 χεραφεσία.
802 1434 902 1466 scal.
941 1436 1006 1464 Filii
1029 1436 1170 1465 dicuntur
1193 1437 1384 1475 emancipati,
1415 1438 1466 1475 qui
1489 1447 1503 1465 e
1526 1437 1618 1475 patris
1641 1447 1729 1464 manu
1751 1442 1873 1471 exeunt,
1904 1440 1935 1463 ut
1958 1436 2004 1463 sui
2025 1435 2097 1463 fiant
2118 1434 2171 1463 do—

237 1474 335 1511 minii,
372 1476 418 1503 vel
447 1481 479 1505 ut
504 1477 534 1505 in
557 1477 690 1516 adoptivi
712 1478 803 1516 patris
826 1483 1001 1516 potestatem
1024 1484 1181 1508 transeant.
1227 1480 1391 1517 Utrumque
1415 1484 1511 1507 autem
1535 1479 1566 1507 lit
1590 1479 1837 1517 emancipatione,
1878 1477 1936 1505 hoc
1959 1482 2002 1506 est
2025 1477 2172 1505 abaliena-

238 1516 316 1546 tione
339 1517 386 1546 vel
409 1521 597 1557 exemptione
621 1530 635 1548 e
657 1521 753 1558 patria
777 1525 937 1559 potestate,
963 1531 1000 1549 ex
1023 1522 1133 1550 solenni
1159 1522 1229 1549 iuris
1256 1523 1375 1549 Romani
1400 1522 1534 1549 formula.
1558 1521 1646 1552 Dac.
1681 1521 1762 1549 Adde
1786 1521 1941 1558 Ulpianum
1963 1520 2053 1548 Titul.
2071 1522 2118 1551 10.
2143 1525 2172 1548 et

240 1567 312 1594 quae
332 1560 438 1598 scripsi
461 1562 498 1590 ad
520 1561 540 1590 1.
554 1564 583 1593 9.
610 1563 681 1592 Cod.
706 1563 741 1591 de
765 1564 936 1600 emancipat.
960 1563 1131 1591 liberorum.
1158 1563 1260 1592 Goth.
1297 1563 1354 1601 Oui
1374 1562 1499 1592 aliorum
1511 1564 1595 1603 fiunt
1620 1562 1751 1592 dominii.
1784 1564 1840 1592 Alii
1863 1562 1975 1591 domini
1995 1562 2095 1599 legunt
2118 1571 2172 1600 pro

240 1598 369 1628 dominii.
402 1603 546 1632 Neutrum
568 1610 657 1633 recte.
699 1605 788 1642 Origo
812 1606 920 1633 erroris
944 1615 1002 1633 non
1026 1606 1061 1633 ab
1083 1606 1156 1642 alio,
1191 1615 1279 1643 quam
1303 1607 1397 1635 Festo.
1443 1606 1636 1643 Emancipare
1659 1608 1734 1633 enim
1758 1605 1816 1633 hoc
1838 1610 1986 1643 postremo
2009 1604 2172 1642 significatu

239 1641 354 1670 Videtur
377 1645 510 1682 accipere
535 1657 589 1684 pro
613 1647 797 1685 mancipare,
832 1657 899 1675 cum
922 1648 980 1675 sint
1002 1648 1052 1675 illa
1076 1648 1133 1676 duo
1158 1648 1321 1683 contraria,
1360 1648 1475 1676 tametsi
1506 1647 1730 1676 confunduntur
1756 1648 1903 1675 interdum
1932 1647 1983 1674 illa
2011 1647 2079 1675 duo.
2123 1646 2172 1675 Sic

240 1684 317 1722 apud
340 1685 467 1714 Nonium
490 1687 566 1726 (pag.
582 1690 651 1720 105.
675 1688 793 1726 Mero.):
818 1688 954 1718 Senectus
975 1691 1081 1718 nemini
1103 1691 1287 1729 emancipata
1312 1691 1383 1728 (Cic.
1407 1691 1477 1718 Cato
1500 1691 1565 1718 Mai.
1586 1692 1638 1726 11,
1661 1690 1726 1727 38.)
1749 1690 1827 1718 idem
1851 1700 1885 1718 ac
1908 1694 2042 1717 senectus
2065 1688 2172 1717 nemini

241 1726 421 1765 mancipata,
455 1729 544 1766 idque
568 1731 653 1758 etiam
678 1741 738 1759 non
761 1731 823 1759 sine
845 1732 943 1769 aliquo
966 1737 1104 1770 respectu
1128 1733 1247 1762 dicitur.
1292 1733 1364 1760 Nam
1389 1732 1438 1770 qui
1463 1733 1534 1769 quid
1557 1732 1722 1771 mancipat,
1761 1732 1846 1761 alteri
1868 1732 1899 1760 id
1920 1732 2085 1770 mancipat,
2117 1740 2172 1759 nec

241 1769 416 1807 mancipatio
440 1771 499 1799 ulla
522 1771 584 1800 sine
607 1774 856 1811 emancipatione;
879 1779 913 1802 ut
935 1784 989 1802 nec
1011 1775 1145 1803 venditio
1169 1775 1231 1802 sine
1257 1775 1412 1813 emptione.
1461 1773 1564 1804 Goth.

400 1812 494 1841 Eum.
540 1815 577 1842 Ut
600 1814 750 1843 dominun]
775 1827 828 1854 pro
852 1816 1056 1851 dominorum,
1096 1822 1123 1845 et
1145 1827 1234 1855 supra
1261 1816 1478 1856 &neptim-dm,
1512 1816 1758 1855 Cisioplzororum.
1803 1817 1904 1854 Neque
1926 1820 2023 1844 tamen
2043 1815 2076 1844 id
2097 1825 2172 1843 con-

243 1852 400 1889 tractione,
435 1860 467 1883 ut
496 1857 600 1884 volunt
624 1857 826 1894 Grammatici,
864 1859 913 1886 sed
938 1860 1067 1887 Graecae
1095 1860 1230 1887 flexionis
1260 1859 1424 1887 imitatione
1448 1862 1556 1887 sactum
1581 1865 1631 1888 est.
1660 1859 1745 1888 Dac.
1790 1860 1890 1896 Neque
1914 1859 2025 1886 Graeca
2051 1863 2094 1886 est
2119 1857 2172 1886 illa

245 1890 346 1929 flexio,
379 1896 429 1924 sed
452 1897 506 1926 suit
529 1899 692 1928 communis
717 1901 847 1928 omnium
870 1901 1067 1938 genitivorum
1090 1902 1118 1929 in
1144 1911 1265 1931 numero
1290 1902 1416 1940 plurali,
1453 1902 1625 1941 priusquam
1657 1901 1865 1929 declinationes
1888 1905 1915 1928 et
1937 1910 2042 1937 genera
2064 1899 2172 1928 distin-

246 1941 406 1980 guerentur.
450 1939 494 1967 Ita
522 1941 552 1968 in
576 1942 726 1970 Sanscrito
757 1953 891 1971 sermone
915 1944 1067 1972 Genitivus
1097 1944 1221 1982 pluralis
1251 1944 1280 1972 in
1306 1946 1352 1972 dm
1377 1944 1449 1979 exit,
1487 1954 1561 1982 quae
1584 1944 1695 1981 syllaba
1720 1943 1868 1972 interdum
1893 1942 2028 1980 proxime
2049 1941 2171 1972 themati

247 1975 424 2014 adiungitur,
447 1981 591 2011 interdum
614 1985 786 2023 interposita
810 1997 828 2013 n
851 1986 947 2014 littera
970 1987 1152 2023 adnectitur,
1178 1996 1214 2014 ex
1237 1986 1325 2015 certis
1348 1986 1476 2023 legibus,
1501 1997 1572 2023 quas
1594 1986 1651 2014 hoc
1674 1986 1741 2014 loco
1764 1986 1867 2014 afferre
1890 1995 1950 2012 non
1973 1985 2087 2015 attinet.

249 2055 254 2061 ,
404 2020 471 2050 Em.
515 2025 538 2052 A
559 2027 675 2064 poetico
700 2028 763 2064 viv,
787 2028 849 2056 sive
871 2029 921 2067 μίν
944 2029 1046 2058 dixere
1068 2030 1106 2057 im
1131 2039 1212 2064 eum,
1238 2034 1266 2057 et
1288 2040 1345 2065 em,
1368 2028 1448 2056 unde
1469 2039 1572 2065 emem,
1596 2028 1733 2065 culidem,
1758 2038 1824 2056 eum
1844 2028 1950 2066 ipsum.
1972 2027 2060 2058 Dae.
2087 2026 2170 2056 Adde

246 2056 321 2084 mssa
345 2056 397 2086 Im·
423 2061 527 2095 Gssllz.
572 2068 645 2096 Vide
670 2080 744 2107 quae
767 2080 856 2108 supra
880 2070 1008 2100 diximus
1031 2072 1067 2099 ad
1091 2072 1217 2108 glossam
1240 2070 1317 2106 Em,
1348 2078 1416 2099 ium.

408 2099 565 2139 Egeriae,
610 2111 681 2147 Lege
704 2112 732 2139 in
755 2112 828 2140 fine:
870 2111 1044 2152 Conceptum
1067 2112 1134 2142 αῖυο
1157 2125 1272 2152 egerere.
1305 2113 1506 2151 (Occupatum
1530 2111 1586 2141 hoc
1608 2112 1665 2140 iam
1689 2112 1744 2140 fuit
1767 2123 1783 2140 a
1806 2112 1943 2140 Turnebo
1967 2112 2041 2140 Adv.
2060 2111 2115 2146 Ill,
2138 2111 2167 2142 5.

246 2143 318 2167 te⁵te
341 2140 457 2170 Dukero
480 2147 514 2172 ad
532 2148 604 2177 Flor.
620 2152 646 2183 Ῑ,
669 2157 703 2188 2,
727 2156 775 2190 3.)
800 2155 900 2191 Egeria
925 2155 997 2184 llaec
1019 2156 1134 2184 diversa
1159 2155 1275 2184 videtur
1298 2155 1332 2183 ab
1357 2155 1459 2192 Egeria
1483 2155 1594 2182 Numae
1616 2165 1718 2184 uxore.
1757 2155 1856 2183 Fuerit
1879 2155 1978 2182 forsan
2002 2155 2064 2192 ipsa
2086 2153 2169 2188 Iuno,

246 2181 281 2230 31)
304 2182 439 2230 ‘gemmis’
462 2185 538 2214 dicta
562 2189 672 2229 Egeria.
708 2196 815 2223 'samen
839 2196 911 2224 nihil
934 2198 991 2226 tale
1014 2198 1043 2225 in
1068 2203 1198 2226 veterum
1225 2198 1409 2226 monimentis
1432 2208 1477 2226 me
1500 2198 1602 2234 legisse
1625 2197 1751 2226 memini.
1786 2198 1818 2226 In
1842 2197 1945 2232 glossis
1968 2196 2073 2224 Isidori
2095 2194 2170 2234 Ege-

246 2233 291 2251 rza
313 2230 471 2261 exponitur
494 2231 603 2266 noxia,
639 2236 717 2270 quod
739 2248 807 2266 sane
834 2249 895 2267 non
918 2241 1164 2277 praetereundum
1188 2240 1251 2269 suit.
1280 2240 1368 2269 Dac.
1411 2240 1568 2278 Aegeriae3
1605 2239 1655 2268 alii
1676 2238 1795 2281 ἠγερίῳ.
1829 2238 1932 2268 Goth.
1979 2237 2169 2278 Concepiam5

246 2271 430 2304 conceptum.
476 2269 580 2302 Idem.
1794 2285 1800 2290 ·

351 2350 356 2355 ι
407 2309 562 2341 Escaria
573 2325 594 2341 e.
638 2316 668 2342 L.
690 2327 728 2346 m.
749 2319 837 2349 habet
859 2334 916 2361 qua
939 2324 968 2351 in
990 2323 1188 2362 sacrificando
1211 2335 1265 2363 pro
1288 2335 1361 2363 quae
1383 2329 1411 2352 et
1434 2328 1516 2362 post:
1548 2322 1720 2360 Escendere,
1744 2322 1854 2362 egredi,
1878 2322 2005 2362 amplius
2028 2330 2112 2360 quam
2134 2319 2165 2347 in

247 2348 381 2385 vulgffffls-
405 2351 502 2383 Fulv,
530 2355 605 2383 Urs.
638 2357 679 2383 Ab
702 2370 764 2387 esca
787 2365 911 2391 escariae
934 2366 1043 2398 dictae,
1066 2371 1098 2394 ut
1122 2377 1136 2394 a
1161 2366 1225 2396 cibo
1249 2366 1367 2395 cibillae
1400 2366 1493 2394 Varro
1516 2365 1566 2395 lib.
1581 2366 1626 2394 lV.
1651 2366 1706 2403 (De
1726 2366 1756 2395 L.
1773 2367 1802 2394 L.
1820 2366 1860 2401 V,
1883 2366 1933 2397 25.
1957 2365 2069 2403 p.123·
2085 2360 2165 2397 SP·)³

247 2389 382 2440 Menfam
404 2397 541 2442 ‘fcariam
565 2397 696 2426 Cibillam
720 2399 884 2443 (cillibam)
908 2406 1104 2444 appellabant.
1150 2408 1195 2436 Ea
1217 2416 1278 2436 erat
1301 2407 1460 2448 quadrata,
1496 2415 1526 2436 ut
1556 2409 1641 2436 etiam
1662 2409 1692 2436 in
1715 2408 1819 2436 castris
1841 2415 1896 2442 cst,
1934 2416 1953 2433 α
1978 2402 2041 2432 cibo
2062 2401 2164 2431 Cibilla

248 2430 374 2471 (matha)
398 2433 494 2474 dmm>
518 2446 617 2476 P0⁵¹et²
639 2440 763 2470 rotunda
776 2442 877 2483 sacta.
905 2446 993 2476 Dae.
1029 2448 1202 2480 Anclabris.
1233 2451 1322 2487 Lege:
1355 2449 1520 2480 Anclabris
1541 2461 1574 2478 ea
1596 2460 1664 2489 qua.
1705 2450 1741 2477 Et
1762 2450 1802 2477 ita
1823 2448 1900 2476 liber
1921 2446 2058 2483 antiquus
2080 2445 2162 2474 Fulv.
