2263 2668
769 118 1000 162 EXEMPLA
1030 130 1397 168 ELOCUTloNUM.

102 222 319 257 Transscribo
340 219 432 257 illiff'.

202 278 346 319 sceptra
373 273 512 309 colonis.

99 326 181 359 Tibi
203 326 328 359 factum
353 337 415 370 pro
439 337 458 357 a
481 331 524 357 te.

99 429 234 462 Taedet
260 429 380 461 harum
407 439 516 460 rerum
527 424 559 459 ¹⁸.

202 491 258 513 me
287 480 437 513 civitatis
463 489 598 511 morum
620 479 725 523 piget
750 480 946 524 taedetque.

100 532 330 565 Transductus
356 531 449 562 illam
476 542 547 562 rem
558 526 590 562 ¹⁹.

99 584 278 617 'traducor
304 582 347 614 ad
375 582 444 615 hoc
471 581 662 615 faciendum
674 578 698 598 ²⁰

486 222 580 268 Vin-g.
606 223 691 255 Aen.
716 222 774 256 V.:
808 222 1074 257 Transscribunt
1101 225 1181 259 urbi
1206 232 1349 264 matres.

1981 143 2055 187 265

1403 227 1499 262 Idem
1526 229 1608 262 Aen.
1634 229 1727 263 V11.:
1752 231 1801 266 Et
1828 237 2052 270 trcmsscribis

578 324 672 368 Virg.
699 325 783 357 Aen.
807 321 914 358 vl.¹⁶:
952 324 1054 359 Nihil
1077 338 1096 359 ο
1118 327 1197 367 tibi,
1226 330 1356 370 amice,
1385 331 1554 363 relic-tum.

99 377 331 410 Transformat
356 378 389 409 iu
416 377 547 409 faciem.
600 376 695 420 virg.
729 379 807 409 Aen.
834 372 953 409 VII-¹⁷:
994 376 1038 409 Ῑη
1061 379 1174 412 cultus
1195 391 1270 412 sese
1292 381 1526 425 transformat
1551 383 1672 417 aniles.

613 428 748 460 Terent.
776 428 881 461 Eun.:
929 427 1064 462 Taedet
1095 432 1354 464 cotidianarum
1383 444 1437 465 me
1460 433 1676 477 sornmrum.

1940 386 2048 435 [547]

1732 436 1800 468 Sal.
1823 437 1912 482 lug:
1955 439 2049 472 Dum

645 531 763 563 Salust.
792 531 876 564 Hist.
898 531 960 563 11.:
996 531 1115 564 Pareo
1139 533 1234 577 legio
1257 533 1391 578 flumen
1412 537 1620 569 transducta
1642 540 1762 569 castra
1783 538 1957 572 dilatuvit.

700 607 707 614 .
753 582 822 615 Cic.
844 582 877 614 in
898 583 1057 615 Divinam
1089 583 1159 629 Qui
1182 596 1238 617 me
1259 585 1310 618 ad
1332 585 1573 631 defendendos
1594 588 1752 621 homines
1775 589 1821 621 ab
1844 590 2049 624 adolescen-

201 635 252 667 tia
280 633 473 676 dedissem,
517 637 673 678 tempore
700 637 806 678 utque
833 633 950 680 officio
978 638 1120 668 coac-tus
1147 636 1197 668 ud
1225 638 1466 670 accusandum
1492 640 1701 672 traducerer

98 685 301 719 Transmitto
329 685 386 718 illa
413 697 459 720 re.

97 739 252 772 Truncus
286 736 384 770 huius
415 737 472 770 rei.

192 789 323 835 primo.

541 737 636 781 Virg.
671 736 799 782 Georg.
834 734 942 770 1v.²²:

512 685 631 718 Sallust.
659 685 742 719 Hist.
764 682 857 719 11.²¹:
892 685 985 719 Suos
1005 686 1151 731 Equites
1174 687 1335 722 hortatus
1355 690 1449 722 vaslo
1476 692 1675 726 transmisit.

994 738 1044 770 Et
1075 739 1223 772 visenda
1255 741 1370 773 modis
1405 741 1576 775 animalia
1608 742 1706 775 miris
1744 740 1883 775 Trunca
1912 742 2047 787 pedum

1053 884 1093 917 V.

97 959 185 993 Utor
212 959 281 992 illo.

200 1015 253 1044 ter
279 1021 378 1055 spem
406 1021 562 1050 evenere,
597 1014 760 1053 utantur,
794 1011 876 1045 sine.

200 1062 420 1095 transtulisse
446 1065 551 1105 atque
578 1073 677 1094 usum
700 1073 770 1106 pro
793 1062 874 1095 suis.

337 958 432 1003 Virg.
462 958 536 991 Aen
557 958 631 992 XII.
641 955 681 991 ²³:
713 958 821 991 Utere
839 962 934 992 sorte
953 962 1025 992 tua.

199 1114 329 1147 idonea
356 1117 416 1148 est.

929 1011 1025 1044 Idem
1053 1013 1180 1045 Andria
1190 1009 1230 1045 ²⁵:

1079 960 1166 994 Utor
1192 961 1289 995 illud.
1330 961 1466 997 Terent.
1488 960 1687 1006 Adelph.²⁴:
1722 962 1809 995 Mea
1829 972 1920 1006 quae
1936 971 2048 1005 prae-

1279 1012 1382 1059 Quae
1408 1024 1615 1055 convenere,
1649 1014 1683 1046 in
1711 1014 1888 1047 Andriam
1905 1012 2050 1057 fatetur

927 1062 1022 1095 Idem
1050 1061 1222 1097 Heaut.²‘⁵:
1261 1064 1367 1111 Quod
1393 1065 1463 1098 illis
1490 1070 1591 1098 actas
1617 1067 1708 1098 mira
1736 1065 1898 1098 adhaec
1917 1064 2049 1096 utenda

477 1112 596 1146 Cicero
624 1110 765 1146 Sici1.²⁷:
812 1112 916 1159 Quae
942 1113 1033 1147 bona
1061 1116 1090 1148 is
1117 1117 1175 1161 qui
1201 1119 1445 1149 testamentum
1468 1116 1615 1162 fecerat
1645 1118 1837 1162 aliquando
1860 1119 2048 1160 antequam

200 1169 249 1199 est
272 1168 445 1207 mortuus,
480 1164 562 1197 huic
583 1164 755 1197 Heraclio
783 1166 899 1198 omnia
927 1167 1060 1199 utenda
1087 1179 1132 1201 uc
1153 1168 1375 1213 possidenda
1402 1169 1614 1202 tradiderat.

96 1225 229 1260 Vacuus
256 1224 323 1257 hac
348 1220 430 1259 16²³.

198 1277 254 1310 cui
276 1279 370 1309 metu
397 1286 470 1308 esse
497 1276 674 1310 debemus.

197 1328 260 1361 dia
287 1338 439 1360 vacuum
468 1338 542 1361 esse
564 1328 676 1363 decet.

196 1391 243 1412 re.
281 1379 375 1424 Virg.
403 1380 487 1412 Aen.
512 1379 591 1413 111..·
624 1380 735 1413 Hoste
761 1391 895 1413 vacare
921 1381 1053 1414 domos.

96 1512 227 1552 dumque
245 1523 403 1551 vocemque
419 1513 559 1542 mendose
578 1514 650 1544 Cod.
668 1515 721 1542 Gu.
748 1532 783 1536 —
811 1514 855 1555 13)
881 1515 961 1544 Idem
982 1516 1051 1545 Vll.

95 1556 166 1588 514.
184 1555 219 1586 A.
235 1556 273 1585 M.
302 1557 359 1584 Pro
381 1556 539 1584 Intremuit
554 1557 634 1595 apud
651 1557 729 1594 Virg.
745 1557 843 1586 editur
857 1558 1052 1587 Contremuit.

94 1614 136 1620 -
161 1600 203 1633 14)
227 1599 285 1627 Rei
306 1599 389 1627 deest
411 1599 440 1627 in
464 1599 534 1628 Cod.
555 1600 588 1627 A.
608 1600 646 1630 M.
690 1599 772 1628 Idem
787 1601 860 1629 llll.
880 1604 947 1633 188.
966 1603 997 1631 A.
1014 1602 1053 1630 M.

101 1642 174 1669 Tum
191 1641 273 1670 deest
287 1642 318 1669 in
336 1641 408 1670 Cod.
429 1642 486 1672 Gu,
513 1658 556 1663 —-
586 1644 628 1680 15)
653 1642 804 1671 Articulus
820 1643 870 1671 hic
886 1654 988 1672 recens
1006 1655 1053 1672 ac-

94 1685 183 1712 cessit
200 1695 214 1713 e
231 1684 302 1712 cod.
315 1684 371 1712 Gu.
382 1683 462 1722 Virg.
473 1685 545 1713 Aen.
559 1684 599 1721 V,
623 1686 696 1717 750.
730 1686 811 1714 Alter
827 1687 911 1715 locus
927 1692 970 1715 est
980 1688 1051 1715 Aen.

92 1726 162 1764 VII,
185 1726 274 1764 422„
296 1726 349 1755 ubi
365 1731 423 1756 est:
452 1728 494 1755 Et
516 1732 572 1754 tua
587 1728 764 1756 Dardaniis
785 1730 967 1757 tran-suscribi
983 1740 1052 1757 sce-

87 1775 163 1808 ptra
180 1770 304 1799 colonis,
326 1785 367 1791 -—
391 1768 435 1809 16)
460 1769 542 1798 Idem
560 1771 612 1801 VI.
630 1773 700 1802 509.
719 1771 752 1802 A.
770 1771 808 1800 Μ.
844 1773 996 1800 Relictam
1009 1778 1053 1800 cst

93 1811 165 1840 eod.
183 1812 253 1849 Gu.;
283 1812 335 1841 sed
349 1817 390 1840 est
406 1813 487 1841 abest
500 1813 529 1841 in
545 1813 617 1842 Cod.
634 1814 690 1843 Gu.
708 1818 737 1842 et
754 1814 821 1844 edd.
839 1815 918 1853 Virg.
941 1832 980 1836 —-
1004 1816 1048 1851 17)

93 1853 176 1883 Idem
196 1855 263 1883 VII.
280 1855 351 1886 416.
374 1854 408 1884 A.
426 1855 464 1886 M.
510 1855 545 1884 In
566 1856 666 1884 voltus
687 1856 767 1895 apud
781 1857 861 1895 Virg.
879 1857 985 1887 editur.
1008 1873 1051 1879 —

93 1899 137 1931 18)
161 1896 248 1926 Deest
266 1896 317 1925 hic
340 1897 485 1927 articulus
510 1898 592 1937 apud
612 1898 645 1928 A.
660 1899 698 1927 M.
721 1900 787 1928 Ter.
808 1900 881 1928 Eun.
897 1900 938 1936 ΙΙ,
962 1902 996 1935 3,
1020 1902 1049 1935 6,

92 1939 144 1968 ubi
163 1944 206 1967 est
222 1938 475 1977 quotidianarum
494 1940 606 1968 harum
619 1942 738 1979 form.‚·
770 1941 908 1980 idemque
929 1942 1050 1969 videtur

91 1981 223 2011 voluisse
241 1982 467 2011 Grammaticus.
490 1983 548 2011 Sal.
564 1983 628 2021 Iug.
645 1993 668 2012 e.
686 1984 716 2015 4.
732 1984 799 2013 edd.
818 1985 897 2013 Cort.
916 1984 995 2012 Gerl.
1009 1999 1049 2004 —

92 2022 138 2065 19)
158 2024 254 2053 Etiam
270 2023 345 2052 haec
362 2024 490 2054 formula
508 2036 575 2054 cum
594 2026 729 2065 exemplo
745 2037 800 2054 suo
818 2026 903 2054 deest
919 2025 998 2063 apud
1016 2025 1047 2055 A.

90 2066 129 2098 Μ.
164 2068 276 2095 Locum
293 2067 427 2103 Salustii,
457 2068 685 2106 quicorruptus
703 2074 763 2105 est,
785 2068 859 2097 adde
876 2068 965 2095 huius
980 2068 1049 2095 sru-

90 2110 227 2148 gmentis.
250 2125 292 2130 —
313 2107 359 2150 20)
383 2110 479 2138 Etiam
501 2109 575 2139 haec
599 2111 727 2139 elocutio
753 2121 819 2138 cum
836 2110 973 2148 exemplo
992 2120 1049 2137 ac—

90 2153 179 2182 cessit
193 2163 208 2180 e
224 2150 295 2179 eod.
307 2152 362 2181 Gu.
374 2153 524 2181 Ciceronis
541 2153 625 2181 locus
641 2158 684 2181 est
699 2153 764 2180 niv.
780 2153 809 2180 in
826 2153 909 2180 Caec.
927 2162 951 2180 c.
962 2154 996 2188 2,
1020 2152 1048 2183 4.

89 2210 131 2216 ·-—-
154 2198 199 2228 21)
224 2194 431 2223 15'al.lli.st.ll.
448 2196 475 2224 9.
492 2195 572 2224 A.M.
588 2196 733 2232 Fragmm.
750 2195 786 2230 II,
810 2194 859 2224 49.
885 2195 964 2223 Gcrl.
985 2196 1047 2222 Suo

91 2237 161 2267 Cod.
173 2238 230 2265 Gu.
241 2252 284 2257 -—
300 2236 494 2264 Trans-mittit
509 2237 655 2266 edebatur
669 2241 735 2265 ante
751 2237 784 2264 A.
797 2237 914 2265 Maium.
936 2253 975 2258 —-
1001 2235 1047 2275 22)

95 2280 180 2318 Virg.
198 2280 249 2308 Gc.
265 2278 336 2307 llll.
351 2281 420 2310 310.
436 2278 470 2308 A.
485 2279 523 2308 M.
557 2281 597 2307 Ec
616 2278 739 2308 vis-endu
756 2278 863 2307 desunt
877 2279 905 2307 in
922 2278 993 2308 Cod.
1012 2280 1046 2310 Α,

89 2321 128 2351 M.
155 2323 254 2352 Primo
271 2321 353 2350 deest
369 2321 398 2349 in
415 2320 486 2349 Cod.
502 2321 581 2350 A.M.
603 2338 646 2343 —
669 2321 717 2359 κά)
735 2320 815 2350 llaec
831 2322 960 2350 elocutio
980 2332 1047 2351 cum

91 2365 229 2404 exemplo
247 2375 301 2393 suo
318 2364 504 2393 desideratur
520 2364 599 2402 apud
613 2365 645 2392 A.
656 2363 692 2393 M.
716 2364 812 2394 Locus
829 2370 872 2394 est.
883 2365 963 2404 Virg.
976 2366 1046 2394 Aen.

142 2423 306 2452 Gnmmi'r.
331 2434 397 2453 ΜΤ.
417 2424 438 2453 Ι.

485 1225 605 1258 salust.
628 1225 714 1258 Hist.
735 1225 778 1258 1.:
814 1225 974 1258 sacuam
995 1226 1098 1259 istam
1120 1227 1264 1261 urbibus
1285 1229 1432 1261 militari
1455 1233 1583 1264 aetate.

729 1277 863 1309 Vacuus
891 1278 933 1309 ab
961 1277 1027 1310 hac
1054 1290 1099 1312 re.

731 1328 863 1361 Vacuus
887 1329 973 1361 illius
1000 1330 1057 1362 rei.

1639 1228 1710 1262 Cic.
1732 1227 1881 1271 Philipp.
1903 1225 1943 1258 1.:
1978 1224 2048 1256 Γα-

1153 1276 1299 1313 ldem‘ffl:
1328 1279 1387 1313 Ab
1412 1280 1510 1323 odio,
1543 1280 1719 1319 aruit-ilia,
1751 1279 1823 1321 ira,
1853 1276 2049 1309 misericor-

1111 1330 1180 1364 Sal.
1204 1331 1297 1376 lug.:
1339 1332 1426 1365 Uter
1447 1331 1607 1378 ἱῙνιιέζαηι
1634 1326 1807 1365 υαοιιοεῧθ.
1861 1329 1966 1361 Vacat
1984 1327 2049 1359 hac

1095 1516 1161 1550 XII,
1186 1518 1256 1548 932.
1283 1533 1318 1537 —
1344 1515 1391 1555 24)
1416 1514 1711 1546 Ἠἰ’,Λιιέ·Ι.5.3.29.
1729 1514 1807 1542 Α.Μ.
1840 1512 2050 1541 Utenturcod.

1095 1560 1129 1587 A.
1140 1559 1177 1588 M.
1203 1561 1273 1587 Sine
1288 1569 1344 1587 om.
1359 1558 1446 1588 idem.
1461 1575 1503 1580 —
1518 1556 1566 1597 25)
1577 1558 1751 1595 Exemplum
1765 1556 1823 1585 hoc
1837 1556 1920 1585 deest
1933 1556 1963 1584 in
1980 1554 2051 1584 Cod.

1095 1601 1128 1631 A.
1144 1602 1181 1631 M.
1199 1603 1264 1630 Ter.
1284 1601 1373 1629 Andr.
1390 1601 1468 1628 Prol.
1490 1602 1537 1630 13.
1578 1599 1756 1627 conventre
1771 1599 1842 1627 Cod.
1861 1599 1916 1626 Gu.
1939 1614 1980 1619 —
2003 1599 2048 1632 26)

1096 1644 1192 1672 Etiam
1211 1644 1269 1672 hoc
1289 1643 1456 1680 exemplum
1479 1641 1664 1670 desideratur
1679 1642 1759 1681 apud
1775 1642 1807 1670 A.
1822 1641 1860 1670 M.
1898 1641 1994 1668 Locus
2009 1644 2052 1667 est

1095 1686 1202 1715 Heaut.
1216 1687 1246 1722 I,
1270 1689 1300 1721 1,
1324 1688 1375 1716 81.
1399 1685 1449 1712 ubi
1463 1684 1585 1721 legitur:
1619 1684 1710 1722 Quod
1722 1685 1780 1711 illa
1793 1689 1878 1711 aetas
1893 1683 1994 1720 magi-5
2010 1681 2054 1709 ad

1095 1729 1168 1757 haec
1193 1728 1304 1756 utenda
1327 1726 1472 1756 idonea-st.
1518 1727 1656 1755 Fortasse
1674 1727 1804 1755 Gramm.
1817 1735 1872 1763 pro
1893 1725 1994 1763 magis
2011 1723 2054 1751 ad

1094 1771 1168 1799 haec
1183 1771 1269 1807 legit:
1292 1770 1366 1796 mire
1382 1769 1426 1796 ad
1439 1769 1521 1797 llaec.
1543 1786 1584 1791 —
1605 1772 1653 1804 27)
1674 1769 1735 1799 Cic.
1753 1770 1785 1796 in
1800 1768 1884 1796 Sicil.
1900 1769 1948 1798 18.
1964 1767 1998 1795 A.
2013 1766 2052 1794 M.

1094 1814 1241 1841 [lma-lm
1263 1812 1333 1842 Cod.
1350 1812 1383 1840 A.
1400 1812 1438 1840 M.
1482 1811 1538 1840 Sed
1556 1812 1702 1839 Heraclio
1727 1811 1783 1839 Gu.
1802 1821 1869 1839 cum
1890 1810 1956 1838 edd.
1972 1809 2050 1848 apud

1096 1856 1155 1884 Cic.
1180 1856 1316 1883 Ceterum
1331 1854 1436 1883 verba:
1462 1855 1547 1892 Quae
1562 1854 1641 1882 bona
1659 1855 1686 1881 is
1702 1855 1756 1892 qui
1772 1853 2051 1889 testamentumfe-

1095 1903 1175 1925 cerat
1193 1896 1363 1935 aliquando
1381 1902 1545 1935 antequam
1561 1902 1604 1924 est
1620 1902 1778 1933 mortum,
1809 1896 1881 1924 Ιιιιὶε
1896 1895 2003 1924 desunt
2019 1894 2048 1922 in

1095 1941 1167 1969 Cod.
1182 1939 1215 1967 A.
1226 1940 1264 1968 M.
1289 1939 1375 1978 Apud
1391 1940 1562 1968 Ciceronem
1578 1939 1598 1969 l.
1612 1949 1635 1969 c.
1650 1939 1756 1978 paucis
1770 1943 1880 1967 mutata
1895 1938 2048 1975 leguntur:

1092 1983 1182 2020 Quae
1197 1982 1275 2010 bona
1290 1984 1333 2018 is,
1358 1984 1413 2021 qui
1427 1983 1781 2019 testamentumfecerat,
1804 1981 1879 2009 huic
1897 1980 2049 2015 Heraclio,

1093 2030 1161 2052 ante
1179 2024 1364 2063 aliquaml0,
1396 2036 1490 2063 quam
1515 2031 1558 2053 est
1576 2030 1732 2061 mortuus,
1764 2025 1866 2052 omnia
1883 2022 1994 2051 utenda
2014 2033 2050 2049 a(-

1086 2067 1276 2106 possidenda
1297 2067 1478 2096 tradiderat.
1510 2085 1548 2089 -—
1578 2066 1625 2107 28)
1650 2068 1737 2096 Deest
1751 2067 1801 2096 hic
1819 2067 1913 2095 omnis
1931 2066 2049 2094 articu—

1092 2110 1138 2138 lus
1155 2111 1234 2148 apud
1252 2110 1284 2140 A.
1302 2110 1340 2140 M.
1384 2110 1505 2139 Salustii
1527 2111 1611 2139 locus
1631 2110 1694 2139 eius
1714 2110 1886 2148 fragmentis
1904 2113 1949 2137 est
1967 2107 2048 2136 adii-

1092 2153 1229 2189 ciendus,
1260 2153 1386 2181 sortasse
1410 2154 1453 2182 sic
1472 2153 1630 2191 legendus:
1671 2154 1811 2182 Vacuam
1831 2153 1923 2180 istam
1946 2150 2046 2178 urbem

1091 2195 1263 2223 homiuibus
1281 2196 1414 2223 militari
1432 2201 1540 2226 aetate.
1576 2196 1726 2224 Ciceronis
1743 2196 1828 2224 locus
1844 2194 1952 2232 legitur
1969 2192 2047 2220 Phi-

1091 2237 1165 2276 lipp.
1180 2238 1208 2274 Ι,
1233 2241 1286 2275 10,
1311 2240 1361 2270 25.
1387 2255 1423 2260 —-
1447 2237 1496 2278 29)
1523 2237 1602 2267 Idem
1618 2238 1758 2267 mendose
1774 2237 1847 2266 Cod.
1864 2238 1919 2264 Gu.
1950 2236 2045 2263 Locus

1092 2285 1135 2308 est
1151 2291 1165 2308 e
1182 2281 1265 2309 Bello
1283 2282 1345 2309 Cat.
1364 2291 1388 2310 c.
1402 2282 1452 2313 51.
1471 2291 1508 2310 ex
1527 2286 1602 2310 orat.
1618 2281 1748 2310 Caesaris
1762 2281 1823 2310 init.
1865 2280 1986 2308 Vacuos
2003 2279 2046 2303 cst

1090 2323 1170 2361 apud
1189 2323 1247 2352 Sal.
1270 2340 1312 2346 —
1334 2320 1380 2363 30)
1404 2324 1495 2363 Apud
1514 2324 1573 2352 Sal.
1591 2324 1654 2362 Ing.
1672 2335 1696 2353 c.
1715 2326 1766 2354 90.
1785 2322 1851 2352 edd.
1869 2321 1948 2348 Cort.
1964 2317 2042 2346 Gerl-

1089 2364 1164 2395 haec
1183 2366 1338 2404 leguntur:
1366 2367 1452 2406 Ager
1475 2372 1576 2395 autem
1601 2365 1711 2395 aridus
1729 2371 1755 2394 et
1769 2367 1904 2403 fi-ugum
1920 2368 2042 2390 vacuus.

1564 2418 1626 2451 LI
