2263 2668
190 178 265 211 300
617 170 962 206 COMMENTARH
989 170 1036 203 ΙΝ
1063 170 1205 204 PAULI
1233 171 1429 206 niACONl
1455 171 1711 206 EXCERPTA

353 264 570 306 Affectare.
614 262 721 301 Magno
741 262 850 291 affectu
870 261 984 300 aliquid
1002 267 1156 301 appetere,
1183 268 1311 302 captare.
1335 264 1400 292 Ter.
1419 263 1524 296 Heaut.
1538 265 1580 301 Π,
1603 267 1641 301 3,
1665 266 1738 302 (60.)
1763 283 1800 287 —
1825 281 1863 288 »-
1886 263 1927 294 ad
1942 263 2075 295 dominas
2090 268 2141 306 qui

189 312 332 353 affectant
352 310 438 338 viam.
478 306 556 343 Virg.
571 305 679 343 Georg.
695 305 750 339 1V,
775 302 875 345 (562.)
898 305 1033 344 viamque
1049 305 1172 346 ‹ffctat
1189 305 1325 347 Olympo.
1356 306 1444 336 Dac.
1486 307 1551 336 vid.
1565 308 1586 337 l.
1601 310 1630 339 8.
1647 309 1678 336 in
1695 308 1714 337 f.
1733 307 1763 338 ff.
1780 306 1818 335 ad.
1834 307 1863 336 L.
1879 307 1974 345 Aquil.
1995 309 2037 339 sic
2053 307 2141 349 adfe-

189 361 282 383 ctatae
297 350 409 380 tutelae.
434 347 458 387 ᾗ.
476 348 544 376 item
562 352 599 377 tr.
616 347 688 376 Inst.
704 347 741 376 de
762 357 862 377 exous.
884 351 1030 377 tutorum.
1053 348 1242 387 ἐπιτηδεῦσαι
1264 348 1432 388 'theophilo
1454 349 1575 379 ibidem.
1618 348 1786 392 Adfectare
1806 350 1887 389 apud
1902 350 2030 380 Nonium
2053 353 2139 381 etiam

189 395 332 434 significat
347 392 469 421 afficere.
516 388 620 419 Goth.

350 431 567 462 Armillum.
611 432 807 461 Proverbium
823 431 880 460 suit
898 436 997 460 vetus:
1019 431 1107 461 Anus
1122 431 1163 461 ad
1177 432 1326 462 armillum
1345 432 1427 462 redit.
1450 434 1593 463 Lucillius
1608 434 1661 464 lib.
1676 434 1812 463 XXVIII.
1838 432 1921 463 Hinc
1935 432 1975 463 ad
1990 447 2049 473 me,
2071 435 2141 465 hinc

187 477 253 508 licet
269 488 340 505 anus
357 485 468 503 rursum
486 473 527 502 ad
543 473 703 503 armillum.
750 474 839 510 Quod
856 473 1047 513 proverbium
1066 474 1112 503 bis
1135 475 1214 515 apud
1233 476 1392 514 Apuleium
1415 477 1563 515 reperies,
1591 477 1666 506 libro
1684 477 1731 506 vi.
1767 475 1804 504 Et
1827 487 1914 516 aegra
1927 475 2016 517 facie
2038 479 2141 507 matris

186 531 253 549 suae
268 519 442 557 repentinam
458 515 640 546 sobrietatem
653 518 855 556 pertimescens
873 515 914 544 ad
930 515 1035 545 armilc
1049 516 1132 547 redit.
1156 519 1229 546 ltem
1248 518 1323 547 libro
1338 518 1389 546 IX.
1419 518 1474 548 Ad
1495 518 1644 548 armillum
1664 518 1737 548 redit
1758 526 1783 547 et
1803 517 1844 547 ad
1853 517 2028 561 familiares
2038 519 2141 561 femi—-

186 572 287 590 narum
312 567 388 588 artes
409 557 590 588 accenditur.
635 560 701 587 Non
721 564 819 588 tamen
843 559 877 587 ab
894 559 1014 587 Erasmo
1037 560 1284 589 animadversum.
1330 561 1480 598 Significat
1500 561 1597 591 redire
1620 562 1657 591 ad
1679 562 1840 599 ingenium.
1884 562 1959 590 Nota
1976 566 2018 590 est
2031 572 2141 590 anuum

185 604 214 632 in
233 603 333 631 vinum
354 603 523 640 propensio
553 600 695 641 Scalig.
729 602 823 631 Varro
840 601 891 631 lib.
906 601 928 629 l.
945 601 981 630 de
997 602 1057 630 vita
1074 614 1143 642 pop.
1159 604 1241 632 Rom.
1280 602 1378 631 Etiam
1399 615 1475 633 nunc
1492 603 1616 643 pocula,
1639 616 1714 645 quae
1730 611 1836 633 vocant
1852 602 1991 643 capulus,
2014 611 2040 633 et
2057 604 2141 643 capi-

186 644 251 681 des,
275 643 355 685 quod
371 652 410 672 est
426 642 528 683 poculi
540 655 647 682 genus,
670 645 736 672 item
752 642 918 680 armillum,
946 643 1026 684 quod
1040 653 1080 673 est
1095 644 1204 674 urceoli
1216 657 1306 685 genus
1323 646 1439 675 vinarii.
1464 647 1584 676 Glossae
1601 647 1722 676 isidori:
1753 644 1935 682 Annillum,
1958 653 2066 680 crater,
2089 657 2141 675 vas

184 688 338 716 vinarium.
370 686 458 715 Dae.
502 685 598 714 Nonio
612 687 725 716 urceoli
744 686 853 715 vinarii
869 696 976 724 genu53
1001 686 1080 716 unde
1095 689 1174 726 apud
1192 688 1315 716 eundem
1333 689 1543 727 proverbium:
1565 689 1652 719 Anus
1667 700 1765 718 rursus
1780 687 1820 716 ad
1835 687 1992 718 armillum.
2034 687 2140 718 Goth.

348 736 507 765 Aerarii'
530 736 607 764 trib
618 738 689 766 uni.
733 737 770 765 Et
786 737 989 766 Glossarium:
1016 738 1155 767 Aerarius
1171 742 1338 777 ταμιοῦχος.
1369 739 1471 769 Scal.
1517 739 1610 768 Varro
1627 740 1676 769 lib.
1693 741 1743 770 IV.
1760 738 1796 768 de
1814 740 1844 768 L.
1860 739 1891 768 L.
1907 736 1944 779 (V
1956 763 1963 776 ‚
1991 741 2057 771 180.
2072 737 2139 779 Sp.)

192 778 319 811 Τνὶὂιιηί
333 789 446 819 quoque
460 777 565 818 quihus
579 778 723 808 attributa
740 787 801 808 erat
814 780 938 819 pecunia
949 802 956 816 ,
981 787 1010 808 ut
1026 779 1115 809 militi
1132 779 1281 810 redderent
1292 804 1300 818 ,
1332 781 1455 811 Tribuni
1471 783 1579 811 aerarii
1593 781 1673 812 dicti.
1711 782 1752 811 In
1776 780 1865 811 aede
1887 781 2062 820 Saturni,·
2086 781 2140 810 sub

185 822 269 850 Cttvo
284 821 466 860 Capitolino,
490 831 552 849 eam
568 822 713 852 aerarium
732 823 802 850 fecit
817 822 952 851 Valerius
968 823 1133 854 Publicola.
1176 823 1266 853 Dac.

347 871 540 910 Apricum.
578 872 681 901 Melius
699 873 784 912 quasi
799 873 964 912 apericum,
986 875 1041 903 soli
1056 880 1202 913 apertum.
1228 875 1312 904 Dae.
1341 875 1416 904 Puto
1433 875 1551 914 apricus
1566 879 1595 904 et
1609 874 1744 915 Aprilis,
1768 885 1872 910 voces,
1896 883 1933 903 ex
1948 883 2006 902 una
2025 873 2140 903 eadem-

185 924 241 951 que
258 914 350 952 stirpe
365 924 427 942 esse
443 914 621 943 derivandas
636 920 724 953 atque
739 917 942 954 explicandas.
969 916 1053 945 Alius
1071 922 1169 946 tamen
1187 917 1347 946 sententiae
1365 923 1408 946 est
1421 918 1552 955 Scaliger
1568 918 1598 946 in
1615 918 1712 946 Vossii
1726 919 1822 957 Etyin.
1838 918 1868 946 L.
1887 918 1918 947 L.
1932 916 1987 945 sub
2006 917 2140 956 v.Apri-

183 955 238 985 lis:
268 956 453 992 „Quomodo
473 957 581 985 mensis
596 958 707 997 Aprilis
732 959 791 987 dici
815 959 947 997 potuerit
969 959 1005 987 ab
1025 961 1201 998 aperieiidO,
1231 960 1368 998 equidem
1390 971 1446 989 non
1467 961 1565 989 video.
1610 960 1738 989 Primum
1754 971 1820 988 cum
1838 970 1932 988 annus
1952 959 1987 987 ab
2006 959 2092 987 initio
2110 960 2140 988 X

183 1003 298 1027 tantum
321 1000 465 1027 mensium
489 1000 595 1035 fuerit,
626 1011 746 1029 necesse
769 1006 828 1038 est,
857 1012 975 1041 semper
997 1012 1113 1031 menses
1130 1014 1219 1041 vagos
1237 1003 1341 1039 fuisse,
1366 1013 1462 1041 neque
1479 1003 1619 1032 stationes
1636 1008 1804 1042 temporum
1823 1003 1897 1031 fixas
1915 1002 2051 1031 tenuisse.
2098 1002 2139 1030 lta

184 1041 296 1079 Aprilis
319 1042 411 1070 semel
435 1046 551 1071 tantum
574 1043 724 1072 incidebat
746 1043 776 1071 in
798 1049 915 1082 tempus
939 1054 1066 1073 vernum
1081 1051 1108 1074 et
1126 1051 1194 1084 post
1210 1046 1275 1075 Xll.
1293 1056 1385 1074 annos
1400 1046 1577 1082 Romuleos,
1600 1045 1658 1074 hoc
1675 1051 1731 1082 est,
1757 1048 1783 1074 X
1803 1047 1949 1081 Lunares,
1975 1044 2090 1073 redibat
2108 1045 2139 1072 in

185 1083 294 1113 orbem.
342 1084 452 1112 Deinde
470 1085 579 1123 Aprilis
601 1096 658 1114 non
686 1090 784 1124 potest
807 1086 988 1115 descendere
1004 1098 1018 1115 a
1034 1087 1136 1117 verbo.
1183 1088 1253 1117 Nam
1273 1089 1405 1123 nomina,
1430 1098 1504 1127 quae
1523 1087 1611 1117 huius
1628 1089 1847 1117 terminationis
1865 1093 1949 1124 sunt,
1972 1087 1997 1115 si
2015 1087 2139 1115 descen-

183 1126 258 1154 dunt
274 1138 289 1154 a
304 1126 411 1162 verbo,
444 1128 636 1165 penultimam
657 1129 840 1166 corripiunt,
867 1134 900 1158 ut
916 1129 1098 1168 probabilis,
1128 1130 1242 1159 utibilis
1266 1132 1313 1159 vel
1336 1131 1434 1168 utilis,
1458 1131 1586 1160 facibilis
1603 1132 1651 1159 vel
1669 1132 1774 1160 facilis.
1819 1131 1849 1159 si
1867 1135 1963 1159 autem
1980 1140 1995 1158 a
2011 1129 2140 1166 nomine,

183 1168 305 1197 eandem
326 1169 512 1208 producunt:
544 1180 636 1209 equus
659 1171 781 1209 equilis,
815 1171 879 1200 ovis
903 1172 1008 1209 ovilis,
1037 1183 1126 1212 caper
1147 1174 1282 1213 caprilis,
1313 1174 1421 1211 (utitur
1441 1173 1496 1202 hac
1514 1184 1586 1203 voce
1604 1174 1697 1203 Varro
1713 1175 1747 1202 ll.
1765 1174 1802 1202 de
1821 1174 1852 1203 R.
1867 1174 1913 1207 ii.)
1937 1182 2007 1210 aper
2026 1172 2139 1211 aprilis,

183 1216 238 1239 etc.
260 1217 379 1250 practer
401 1222 513 1250 pauca:
542 1211 677 1249 humilis,
706 1214 819 1242 similis.
864 1214 941 1252 Ergo
957 1214 1075 1254 Aprilis
1092 1216 1126 1244 ab
1145 1227 1235 1256 apro,
1258 1216 1289 1246 h.
1305 1227 1328 1244 e.
1343 1227 1446 1255 porco.
1491 1217 1531 1245 Ut
1550 1216 1674 1245 Athenis
1689 1213 1914 1256 ἕλαφηβολιῶν,
1938 1214 1996 1243 hoc
2012 1219 2056 1244 est
2073 1225 2140 1244 cer-

183 1253 267 1289 vilis,
292 1254 335 1282 sic
351 1254 461 1292 Aprilis
477 1253 690 1295 καπρηβολιών
705 1256 753 1285 vel
770 1254 1009 1296 καπροβολιών.“

346 1304 524 1334 Amoena.
569 1306 643 1336 Vide
664 1306 778 1334 incerta
796 1306 879 1335 Verri
898 1307 1000 1336 Flacci
1021 1319 1058 1337 ex
1078 1308 1203 1340 Isidoro.
1247 1309 1337 1339 Ani.
1355 1309 1515 1349 August.
1538 1309 1617 1348 Virg.
1638 1310 1710 1339 Aen.
1730 1309 1786 1345 VI,
1811 1307 1907 1347 (638.)
1937 1308 2076 1338 Amoena
2097 1309 2138 1336 υἰ-

183 1353 242 1373 reta
260 1345 488 1376 Fortunatorum
510 1360 668 1378 nemorum.
713 1348 773 1376 Ubi
786 1349 923 1379 Servius:
953 1351 1090 1380 Amoena
1113 1350 1181 1381 loca
1198 1359 1278 1387 sunt,
1308 1363 1382 1392 quae
1397 1350 1492 1381 solum
1509 1363 1635 1381 amorem
1650 1359 1819 1391 praestant,
1844 1352 1873 1380 in
1892 1351 1991 1379 ceteris
2007 1350 2138 1386 amunia,

182 1387 208 1417 Ιι.
222 1400 244 1418 e.
260 1389 321 1416 sine
333 1388 453 1430 fructu.
497 1391 577 1420 Idem
601 1392 689 1420 etiam
705 1391 845 1420 Verrius:
872 1392 1010 1422 Amoena
1031 1392 1099 1423 loca
1118 1392 1210 1423 solius
1225 1392 1385 1433 voluptatis
1398 1395 1513 1434 gratia,
1536 1394 1730 1436 sinefructu,
1753 1393 1841 1434 quasi
1854 1393 1983 1422 amunia.
2028 1392 2138 1421 Eadem

183 1435 211 1458 et
233 1433 376 1462 amoenia.
401 1432 498 1461 Gloss.
521 1435 655 1463 amoenia
679 1434 712 1464 αἱ
730 1430 823 1464 durat.
867 1435 923 1464 Sed
949 1436 988 1464 ita
1012 1436 1090 1464 dicta
1116 1437 1231 1475 potius,
1262 1437 1342 1475 quod
1367 1448 1420 1465 iios
1436 1437 1581 1466 immunes
1597 1441 1759 1476 praestant.
1788 1435 1877 1465 Dac.
1917 1435 2082 1464 Amoenum
2101 1434 2136 1463 ab

184 1473 306 1501 amando
326 1474 523 1504 derivandum
541 1487 604 1506 esse
619 1476 722 1505 statuit
736 1477 824 1506 etiam
841 1477 1038 1507 Doederlinus
1049 1502 1056 1514 ,
1080 1483 1112 1507 ut
1127 1489 1268 1508 amoenus
1284 1479 1322 1507 sit
1338 1480 1423 1518 quasi
1440 1481 1609 1509 ama-inus
1625 1479 1643 1508 i.
1660 1490 1684 1508 e.
1703 1478 1845 1508 amabilis.

345 1524 514 1567 Affecta
526 1527 686 1568 femina.
731 1527 852 1566 Legitur
866 1527 1022 1569 adfectata
1040 1529 1119 1568 apud
1135 1530 1211 1558 Scal.
1228 1535 1255 1559 et
1268 1530 1336 1558 Dae.
1353 1531 1404 1558 sed
1421 1541 1456 1559 eo
1473 1530 1633 1559 verborum
1653 1530 1773 1564 ordine,
1797 1528 1847 1557 ubi
1863 1526 2017 1557 adseclam
2033 1537 2138 1567 exspe-

185 1564 322 1593 ctandum
344 1572 414 1596 erat.
460 1569 558 1604 Quare
581 1570 612 1598 in
633 1570 712 1599 notis
734 1571 833 1599 testati
855 1581 969 1606 suiuus,
999 1571 1131 1600 voluisse
1149 1570 1301 1601 adsectata
1319 1577 1479 1611 uti-umque
1497 1573 1650 1602 editorem.
1694 1572 1819 1613 Affecti:
1835 1581 1888 1599 nos
1903 1581 1918 1598 e
1934 1570 1989 1601 Gu.
2004 1572 2032 1601 2.
2049 1572 2139 1599 resti-

184 1610 265 1635 tuere
285 1607 449 1639 debuimus.
472 1611 510 1640 L.
550 1612 670 1642 Veteres
693 1612 759 1641 edd.
777 1612 957 1654 Adfectata.
980 1614 1080 1644 Recte.
1104 1614 1198 1642 Plaut.
1217 1614 1352 1643 Rudente
1369 1615 1412 1651 Il,
1436 1617 1480 1646 4.:
1506 1615 1583 1644 Am.
1618 1613 1673 1644 Ad
1692 1626 1742 1643 vos
1761 1614 1852 1642 venio.
1884 1612 1939 1642 Sc.
1977 1611 2137 1652 Accipiam

183 1646 306 1687 hospitio
326 1653 352 1680 si
373 1664 438 1682 noa:
460 1655 556 1692 venis,
586 1656 652 1684 item
676 1662 706 1683 ut
721 1653 931 1696 Adfectatam.
977 1657 1070 1692 Quem
1094 1657 1192 1685 locuni
1217 1657 1483 1695 interpretabimur
1502 1659 1532 1686 iu
1557 1658 1684 1687 editione
1701 1656 1856 1693 Plautina,
1884 1656 1908 1684 si
1926 1656 2003 1683 Deus
2019 1655 2138 1685 faverit.

185 1689 255 1718 Nam
277 1694 317 1720 ita
339 1699 367 1722 et
385 1695 542 1734 legendum
566 1702 594 1726 et
615 1697 767 1735 digerendi
790 1707 905 1726 versuS.
936 1697 1039 1728 Scal.
1078 1699 1110 1727 In
1131 1699 1241 1728 bonam
1256 1704 1372 1739 partem
1390 1700 1487 1729 Gloss.
1503 1699 1659 1742 adfectata
1677 1696 1787 1739 σεμνή,
1808 1699 1826 1727 i.
1842 1709 1865 1728 e.
1882 1697 2057 1728 veneranda.
2102 1698 2139 1727 Et

185 1733 262 1769 apud
278 1734 412 1766 Plautum
431 1744 514 1775 sunt,
539 1740 590 1778 qui
609 1740 787 1769 adfectatam
803 1740 834 1768 in
851 1740 958 1769 malam
975 1745 1090 1780 partein
1106 1741 1352 1781 interpretentur,
1376 1743 1586 1779 calamitosam,
1608 1743 1799 1781 naufragam,
1819 1741 1871 1770 sed
1892 1740 2048 1770 manifesto
2063 1751 2138 1769 cou-

185 1778 228 1801 tra
248 1783 372 1807 mentem
389 1781 501 1817 Plauti,
532 1783 584 1821 qui
606 1782 732 1822 hospitio
755 1790 781 1811 ie
801 1783 948 1822 accipiam
972 1784 1040 1812 item
1058 1791 1088 1813 ut
1103 1783 1305 1826 adfectatam,
1329 1785 1430 1815 eodem
1448 1785 1537 1815 modo
1555 1786 1649 1824 dixit,
1673 1796 1732 1825 quo
1748 1795 1802 1813 nos
1818 1784 1925 1822 vulgo:
1953 1783 1983 1812 Ie
2000 1793 2075 1812 vous
2089 1793 2138 1813 re·

189 1825 295 1857 Cevray
310 1829 423 1851 comme
440 1834 495 1853 une
511 1825 745 1862 grand-Dame,
768 1835 882 1854 comme
899 1836 955 1854 une
970 1826 1069 1855 Reine.
1113 1826 1203 1857 Dac.

347 1871 566 1913 Aquagium.
610 1875 690 1904 Idem
707 1875 789 1914 quod
804 1876 969 1913 aquarium.
987 1877 1085 1906 Gloss.
1099 1877 1281 1917 Aquarium.
1293 1875 1492 1919 ὖδραγώγιον.
1515 1877 1616 1909 scal.
1645 1878 1720 1916 Lege
1737 1879 1784 1910 15.
1800 1877 1831 1906 in
1845 1876 1896 1906 fin.
1910 1876 1941 1906 ff.
1956 1877 2137 1906 rusticorum

187 1908 287 1953 praed.
299 1909 320 1939 l·
333 1921 358 1948 g·
375 1914 403 1943 ff.
421 1917 554 1953 quemad.
571 1918 670 1946 servit.
694 1918 788 1947 amitt.
810 1919 828 1947 l.
843 1920 871 1949 3.
889 1919 914 1958 ἕ.
930 1922 959 1952 5.
977 1918 1006 1950 ff.
1029 1919 1065 1949 de
1088 1930 1166 1958 aqua
1189 1921 1371 1959 quotidiana.
1395 1918 1586 1962 ὖδραγῶγιον
1602 1921 1739 1958 Graecis,
1769 1920 1853 1959 quod
1870 1919 1985 1948 Glossis
2000 1921 2137 1959 Aquidu—

189 1953 279 1978 ctium
296 1956 324 1980 et
337 1954 504 1991 Aquarium.
552 1958 726 2002 Gothofr.

350 1996 620 2042 Aquaelicium.
664 2003 837 2033 Tertullian.
868 2001 1027 2043 Aquilicia
1042 2002 1108 2033 Iovi
1119 2002 1298 2038 immolatis;
1321 2003 1513 2045 nudipedalia
1525 2005 1636 2046 populo
1656 2004 1850 2036 denunciaiis.
1892 2005 2028 2034 Fortasse
2043 2005 2136 2035 Varro

188 2033 319 2081 T‘fscum
337 2038 507 2077 aquiligem‚
534 2043 578 2071 vel
593 2045 758 2083 Aquilicem
777 2045 869 2082 dixit,
900 2046 981 2084 quod
995 2046 1207 2076 sacrificiorum
1223 2052 1252 2076 et
1267 2048 1308 2076 rei
1327 2048 1447 2076 divinae
1463 2049 1689 2086 procuratione,
1713 2059 1839 2088 quarum
1856 2058 1956 2078 rerum
1974 2048 2061 2087 periti
2078 2049 2138 2078 Tu—

188 2086 231 2104 S⁰¹
247 2082 351 2126 'emm’
381 2090 469 2127 {quas
492 2083 635 2115 eliciebat.
679 2088 776 2117 Verba
788 2087 929 2116 Varronis
953 2094 1021 2118 sunt
1041 2088 1115 2118 haec
1134 2100 1171 2118 ex
1186 2089 1276 2118 satira
1296 2091 1549 2129 Quinquatribus:
1581 2092 1632 2120 An
1648 2091 1704 2120 hoc
1717 2098 1847 2131 praestat
1861 2089 2041 2130 Herophilus
2059 2090 2137 2121 Dio-

185 2130 267 2166 geni,
291 2119 370 2160 quod
386 2120 462 2170 dle-e
477 2133 570 2153 ventre
586 2139 692 2167 aquam
710 2129 825 2160 mittit?
849 2142 889 2159 an
906 2130 962 2160 hoc
977 2138 1003 2160 te
1019 2130 1138 2161 iactas?
1160 2139 1191 2160 at
1207 2131 1263 2161 hoc
1275 2140 1366 2172 pacto
1383 2131 1484 2162 utilior
1500 2140 1527 2162 te
1543 2134 1655 2163 Tuscus
1673 2133 1808 2174 aquile-r.
1853 2133 1963 2162 Tamen
1987 2132 2060 2162 nihil
2078 2134 2136 2162 iin-

186 2160 283 2211 pedit,
306 2167 334 2212 et
352 2173 404 2201 pro
420 2164 560 2213 libratore
578 2179 719 2207 aquai-um
738 2183 863 2201 sumere.
911 2173 1025 2202 Gloss.:
1055 2173 1225 2214 Aquilius,
1250 2176 1281 2205 οἱ
1297 2173 1332 2204 τὰ
1349 2173 1523 2214 ὖὸραγώγια
1540 2173 1743 2215 ἐργαζόμενοι,
1769 2176 1801 2206 οἱ
1814 2171 2016 2215 ἆνοχετάριοι,
2040 2188 2136 2207 ποτα-

187 2215 283 2241 μιται,
309 2205 523 2255 υδροσκοποι..
550 2209 591 2237 lta
609 2213 684 2240 enim
705 2215 846 2251 legendus
867 2220 911 2244 est
925 2215 1010 2245 locus
1023 2216 1074 2245 ille
1087 2218 1166 2255 apud
1183 2222 1336 2246 auctorem
1351 2218 1502 2247 Glossarii.
1537 2217 1637 2248 Scal.
1683 2220 1756 2247 Cum
1774 2223 1897 2257 propter
1910 2218 2031 2246 nimiam
2045 2218 2136 2247 sicci-

187 2249 275 2292 tatem
296 2248 439 2297 nianalein
465 2249 593 2288 lapidem
615 2252 643 2281 in
665 2255 765 2284 nibem
789 2257 1019 2295 protrahebant,
1044 2264 1078 2288 ut
1096 2270 1186 2297 aquas
1205 2260 1353 2289 elicerent.
1399 2260 1474 2289 Vide
1490 2259 1630 2290 Manalis
1645 2259 1730 2300 lapis.
1774 2260 1925 2289 sacrificia
1941 2265 2001 2289 tum
2017 2265 2134 2299 peracta

187 2293 283 2316 innuit
296 2289 506 2340 'lert-ultianus.
552 2295 697 2331 Aquilex,
728 2298 778 2334 qui
800 2298 921 2328 huiusce
944 2301 986 2328 rei
1004 2302 1216 2339 procuratione
1233 2312 1323 2340 aquas
1344 2303 1495 2335 eliciebat,
1527 2303 1641 2332 Tuscus
1655 2302 1780 2343 aquilea:
1796 2302 1909 2339 dictus,
1933 2303 2014 2341 quod
2031 2302 2133 2330 hai-uui

187 2338 288 2358 rerum
310 2333 497 2381 Per¹J¹T¹3¹SC¹
520 2341 611 2382 eraut.
658 2337 701 2365 ef.
719 2338 820 2367 Varro.
841 2357 884 2362 —
907 2342 984 2370 lnsra
1007 2344 1034 2371 si
1052 2343 1180 2372 creditur
1196 2349 1265 2372 sunt
1280 2345 1399 2374 barbari
1415 2345 1608 2382 mutilatoris‚
1633 2346 1683 2383 qui
1698 2345 1845 2374 dubitavit
1863 2345 1932 2373 olim
1949 2346 2056 2373 Romae
2071 2354 2133 2372 ma-

188 2371 269 2419 nales
283 2382 378 2422 ‘'fre-r!
394 2376 497 2405 Solltos
512 2377 609 2407 sulsse.
634 2377 722 2408 Dac-
757 2380 880 2411 Tenuit.
895 2386 946 2414 40.
961 2385 1115 2423 Apologei.
1144 2385 1302 2426 Aquilicia
1318 2386 1384 2417 Iovi
1405 2386 1573 2417 immolatis.
1598 2388 1676 2416 unde
1696 2388 1815 2426 aquilex
1832 2386 1955 2415 Vari-uni
1972 2385 2050 2424 apud
2068 2386 2131 2414 No·-

188 2423 270 2443 nium
288 2416 452 2454 significare
475 2429 540 2448 eum
562 2420 698 2456 videtur,
729 2422 779 2459 qui
801 2426 884 2461 aquis
899 2435 914 2454 e
935 2426 1018 2456 coelo
1042 2427 1196 2457 eliciendis
1217 2429 1456 2467 praeficiebatur.
1477 2446 1520 2452 —
1543 2431 1630 2469 Apud
1650 2430 1776 2458 eundem
1789 2429 1963 2458 Tei-tullian.
1979 2429 2132 2466 superiore
