2263 2668
447 124 511 157 DE
536 123 810 159 VERBORUM
837 121 1224 159 SlGNIFICATIONE
1251 121 1564 157 FRAGMENTA.
1822 121 1895 154 263

116 219 284 255 Setius*
309 230 328 251 a
354 228 429 251 sero
455 217 586 251 videtur
611 217 748 252 dictum.
801 218 923 253 Accius
947 218 982 251 in
1002 215 1267 261 Amphitryone:
1926 222 1962 249 ἰζ
1987 223 2068 248 serius

217 271 261 304 Si
288 270 403 303 forte
431 269 578 314 paulo,
619 281 742 313 quam
770 275 811 303 tu
838 270 1003 303 veniam
1031 268 1210 302 setius**.
1905 273 1955 299 “fi
1975 273 2067 300 serius.

281 321 455 362 Sedum,
499 321 555 353 alii
577 321 739 362 sadum,
777 322 951 366 appellant
977 320 1137 361 herbam,
1172 329 1273 362 quam
1296 316 1442 361 Opillius
1461 319 1616 352 Aurelius
1642 317 1807 350 sesuvium
1833 327 1894 349 vo—

117 373 187 407 cari
208 373 270 414 ait,
298 384 441 417 eamque
466 373 500 405 in
526 372 649 418 tegulis
674 373 753 414 seri,
779 385 841 407 nec
867 372 1086 416 quamobrem
1114 370 1148 403 id
1174 371 1247 411 fiat,
1275 369 1412 403 indicat.
1469 370 1624 414 Specus
1651 369 1810 402 feminino
1832 380 1895 413 ge-

117 436 197 458 nere
221 424 480 470 pronuntiabant
506 424 642 468 antiqui.
671 430 707 457 ut
733 430 839 458 metus
866 430 899 458 et
924 434 1046 468 nep0s;
1072 427 1140 455 tam
1160 422 1331 464 hercules,
1358 432 1459 464 quam
1480 421 1660 456 masculino
1682 420 1809 465 stirpis,
1835 421 1895 452 ut*

117 476 230 517 frons,
270 481 307 510 ut
326 475 470 510 Ennius:

221 528 325 561 Tum
351 530 504 561 causa*
532 526 606 560 sub
633 531 774 559 monte
800 526 927 560 alte**
954 537 1105 571 specus
1132 524 1275 563 inius†
1302 523 1544 568 patebat††.
1905 518 2067 577 ‘sttirpspaut

119 584 155 613 et
173 579 337 613 Pacuvius
360 579 393 611 in
414 577 562 622 Chryse:
1917 571 1963 611 uf]
1980 561 2051 612 Ξῗξέθ

222 631 298 664 Est
324 630 384 663 ibi
411 630 485 663 sub
513 640 559 661 eo
587 640 682 662 saxo
708 630 878 673 penitus
904 633 1040 661 strata
1065 627 1227 660 harena
1253 627 1405 672 ingens
1432 636 1596 670 specus,
1920 622 1964 653 †f.
1982 621 2050 646 intus

284 681 511 726 Spondere
543 685 639 713 antea
672 681 858 725 ponebatur
890 691 954 724 pro
988 680 1116 720 dicere,
1162 674 1301 727 unssde
1328 682 1361 710 et
1386 677 1590 721 respondere
1617 675 1731 707 adhuc
1784 656 2067 719 [150]††¹}3ffi}'t²·³t⁶'

118 735 255 773 manet,
289 733 354 766 sed
374 736 502 778 postea
527 732 677 776 usurpari
705 738 863 776 coeptum
891 737 938 764 est
965 732 1072 765 etiam
1099 731 1133 764 in
1154 730 1385 775 promissione
1407 729 1549 761 alterius.
1601 725 1812 760 Subditus
1837 724 1894 757 di-

120 784 211 817 citur
236 783 284 826 is,
310 785 369 830 qui
395 785 430 818 in
456 784 648 824 demortui,
676 784 725 827 (in
752 783 948 827 demortuis)
974 783 1098 816 iudicis
1124 783 1237 815 locum
1264 781 1373 814 iudex
1399 780 1496 813 datur
1521 779 1572 811 his
1583 779 1605 819 *,
1639 778 1695 821 qui
1721 788 1796 810 eum
1823 775 1892 808 ha-
1938 775 1972 798 'f-
1992 774 2031 806 iis,

120 834 269 868 buerant
294 836 446 869 iudicem
473 836 654 868 dumtaxat
678 835 710 867 in
738 835 878 868 eandem
905 846 995 876 rem,
1020 834 1076 867 vel
1101 834 1207 869 litem.
1262 830 1483 866 Satur-⁷103
1506 830 1702 864 sacrificium
1724 829 1761 860 tit
1783 827 1894 871 capite

120 890 254 931 aperto.
305 887 395 921 Eius
421 891 539 921 autem
560 897 665 920 sacro
685 886 844 919 Metellus
864 887 960 920 Pom.
980 885 1080 920 Illam.
1110 896 1188 918 cum
1216 883 1408 918 Claudiam
1429 883 1616 928 Augurem
1637 880 1801 917 iussisset,
1830 877 1892 910 ad-

120 942 204 971 esset
215 935 246 979 4,
277 943 312 971 ut
339 950 415 972 eum
441 943 523 972 tunc
549 937 736 971 adhiberet
759 937 835 971 Ser.
856 937 990 982 Sulpici
1016 938 1090 971 Ser.
1110 937 1150 970 F.
1177 935 1450 981 inaugurationi:
1484 935 1543 967 ille
1570 936 1686 965 autem
1713 933 1894 963 eoecasaret

120 1001 174 1032 se,
201 1000 294 1023 sacra
320 990 382 1023 sibi
408 990 600 1023 familiaria
626 989 782 1030 obstare,
809 989 932 1034 quibus
956 988 1219 1034 supplicandum
1246 993 1330 1020 esset
1356 987 1465 1031 capite
1488 988 1625 1030 operto:
1653 983 1807 1016 Saturno
1829 992 1893 1014 au—

120 1044 191 1074 tem
217 1046 302 1074 esset
327 1042 492 1082 futurum,
519 1046 554 1074 ut
581 1052 658 1075 cum
685 1045 805 1085 aperto
832 1041 948 1086 capite
973 1051 1031 1074 res
1055 1051 1164 1074 sacra
1191 1039 1347 1074 facienda
1374 1044 1472 1071 esset:
1500 1035 1661 1081 Pontifex
1688 1034 1784 1066 illum
1805 1033 1894 1065 mul-

120 1092 226 1125 tavit:
252 1092 413 1126 Claudius
440 1093 643 1138 provocavit.
670 1093 735 1126 sed
761 1103 839 1125 cum
867 1093 1111 1126 reconciliatus
1127 1091 1284 1125 Pontifici
1313 1096 1396 1123 esset
1417 1089 1578 1123 Claudius
1604 1086 1758 1119 familiae
1783 1084 1896 1116 sacris

115 1144 292 1189 peractis,
326 1144 470 1178 Saturno
497 1155 591 1178 sacra
616 1144 697 1177 fecit
722 1144 891 1189 religione
916 1144 1058 1178 solutus.
1113 1143 1268 1177 Saxum
1296 1141 1527 1186 Tarpeium
1555 1138 1772 1183 appellatam
1799 1136 1896 1167 aiunt

114 1199 262 1240 partem
294 1196 431 1238 montis,
475 1196 532 1240 qui
566 1196 610 1228 ob
643 1196 807 1240 sepultam
831 1196 1023 1240 Tarpeiam
1057 1195 1105 1228 ibi
1130 1195 1326 1240 virginem,
1371 1204 1462 1237 quae
1489 1203 1565 1225 eum
1592 1194 1739 1223 montem
1766 1186 1896 1219 Sabinis

117 1247 276 1292 prodere
299 1251 412 1293 pacta
438 1251 536 1291 erat,
580 1247 632 1280 ita
658 1247 842 1279 nominatus
869 1252 925 1279 est.
962 1248 1013 1279 vel
1041 1247 1088 1280 ab
1116 1258 1174 1287 eo,
1214 1245 1307 1291 quod
1333 1245 1478 1290 quidam
1505 1242 1639 1276 nomine
1665 1240 1706 1273 L.
1732 1237 1896 1282 Tarpeius

119 1298 268 1330 Romulo
295 1299 374 1343 regi
401 1310 480 1332 cum
501 1303 652 1343 propter
677 1303 798 1343 raptas
823 1298 966 1343 virgines
993 1298 1249 1338 adversaretur,
1294 1297 1330 1330 in
1356 1307 1400 1329 ea
1422 1299 1548 1341 parte,
1592 1304 1662 1338 qua
1688 1301 1810 1324 saxum
1838 1292 1896 1328 est,

121 1349 166 1382 de
193 1350 293 1383 noxio
319 1361 431 1394 poena
456 1354 616 1395 sumpta,
650 1349 839 1395 Tarpeium
867 1351 1016 1390 dictum,
1050 1350 1188 1383 noluere
1212 1350 1377 1382 funestum
1405 1347 1518 1380 locum
1546 1356 1624 1379 cum
1651 1343 1767 1376 altera
1790 1343 1898 1386 parte

120 1400 270 1445 Capitoli
297 1402 466 1447 coniungi.
521 1402 679 1446 Scapti
688 1400 740 1434 a⁵
768 1401 912 1435 tribus
939 1413 962 1434 a
989 1402 1121 1435 nomine
1148 1401 1248 1435 Urbis
1274 1400 1432 1444 Scaptiae
1459 1397 1661 1444 appellata,
1693 1404 1797 1439 quam
1826 1391 1894 1424 Pe-

119 1452 207 1485 dani
241 1453 442 1487 incolebant.
495 1451 763 1487 Stellatinass
788 1453 899 1486 trihus
925 1453 1045 1496 dicta,
1086 1465 1153 1486 mm
1180 1464 1204 1486 a
1231 1463 1358 1497 eampo
1384 1461 1444 1490 eu,
1486 1449 1544 1493 qui
1568 1449 1600 1481 in
1629 1444 1812 1489 Campania
1839 1449 1896 1480 est,

119 1503 178 1536 sed
206 1514 266 1545 eo,
310 1505 366 1548 qui
396 1514 529 1549 parum
557 1504 654 1537 abest
681 1504 727 1537 ab
754 1503 840 1537 urbe
867 1504 1027 1548 Capena,
1072 1516 1114 1538 ex
1139 1515 1209 1548 quo
1229 1503 1333 1537 Tusci
1359 1502 1514 1547 proiecti.
1573 1498 1791 1533 Stellatinum
1819 1505 1895 1527 eam

121 1566 277 1600 campum
304 1556 570 1600 appellaverunt.
611 1555 820 1588 Sabatina
846 1567 870 1589 a
893 1556 975 1589 lacu
999 1555 1144 1590 Sabate.
1181 1553 1359 1589 Sabini⁷
1388 1553 1478 1593 dicti,
1505 1557 1541 1585 ut
1566 1551 1610 1584 ait
1627 1550 1733 1583 Varro
1766 1546 1896 1579 Teren-

121 1606 203 1647 tim,
237 1606 330 1649 quod
358 1619 397 1640 ea
423 1618 506 1652 gens
531 1606 649 1640 PP.*8
673 1607 857 1652 praecipue
882 1608 972 1642 colat
999 1607 1100 1650 deos:
1137 1607 1209 1641 sive
1236 1603 1310 1642 cinei
1336 1606 1404 1641 τοῦ
1431 1605 1614 1649 σέβεσθαι.
1668 1596 1935 1642 Sanquaiis*r.
1956 1597 2066 1639 penates

123 1727 284 1760 auguratus
305 1723 341 1759 Q.
359 1721 467 1752 Fabius
483 1723 571 1752 filius.
602 1724 759 1753 Suetonius
781 1724 811 1753 in
826 1725 896 1754 Caio
919 1735 986 1765 cap.
1020 1726 1181 1765 familiae,
1197 1728 1225 1754 et
1241 1725 1265 1753 si
1288 1733 1359 1762 quas
1374 1722 1463 1751 serias
1478 1719 1615 1759 proprias
1631 1724 1764 1756 quaeque
1784 1714 1894 1743 familia

125 1768 174 1797 12.
198 1765 311 1794 Deinde
334 1765 437 1804 Augur
458 1767 490 1794 in
511 1766 611 1795 locum
634 1767 733 1795 fratris
756 1768 801 1796 sui
827 1768 912 1797 Drusi
932 1768 986 1797 de-
1030 1780 1067 1798 ex
1090 1779 1144 1797 usu
1167 1767 1343 1796 domesticae
1363 1763 1541 1793 celebritatis
1564 1761 1711 1790 observat.
1753 1758 1832 1786 Urs.
1854 1771 1894 1778 -—-

121 1807 266 1845 stin-atus,
288 1809 461 1847 priusquam
484 1809 729 1847 inauguraretur,
763 1810 801 1839 ad
825 1810 986 1840 Pontifica-
1028 1811 1058 1852 4)
1083 1812 1157 1848 Lege
1180 1810 1291 1838 adesse.
1320 1824 1362 1831 —
1396 1805 1427 1846 5)
1451 1803 1607 1844 δάψαι]
1630 1801 1779 1840 Scaptium
1803 1799 1891 1839 Oppi-

122 1854 185 1878 tum
207 1850 362 1879 traductus
379 1856 430 1880 est.
475 1852 679 1880 Saturnalibus
703 1853 801 1890 itaque
831 1863 897 1881 cum
921 1855 985 1883 Ser.
1029 1856 1099 1882 duni
1122 1854 1153 1881 in
1176 1853 1258 1881 Latio
1286 1860 1352 1879 cum
1375 1849 1440 1877 aliis
1462 1851 1600 1876 numerat
1627 1845 1750 1874 Plinius.
1777 1839 1893 1871 addidi-

123 1892 274 1931 Sulpicius
305 1893 398 1921 Rufus
429 1894 650 1931 inaugurandus
675 1900 766 1930 esset,
803 1897 865 1924 eius
888 1900 985 1924 autem
1029 1906 1094 1924 mus
1117 1900 1215 1924 autem
1238 1894 1267 1922 in
1290 1893 1453 1929 fragmento
1476 1888 1659 1928 supplendo,
1690 1885 1831 1914 Pedanos
1855 1894 1892 1931 ex

121 1934 341 1972 inaugurationi
370 1935 502 1964 Metellus
537 1936 624 1966 Pont.
652 1937 730 1965 Max.
765 1938 797 1965 C.
829 1937 985 1966 Claudium
1028 1938 1114 1967 Livio
1142 1938 1192 1975 qui
1224 1937 1266 1965 ait
1295 1935 1332 1964 ob
1361 1933 1499 1962 Pedanos
1527 1932 1645 1960 civitate
1666 1932 1817 1966 receptos,
1841 1931 1892 1954 tr1-

122 1976 272 2015 Augurem
298 1977 399 2006 adesse
421 1978 553 2013 iuberet,
590 1979 742 2008 excusavit
770 1990 801 2008 se
830 1981 984 2016 Claudius,
1028 1981 1100 2009 burn
1122 1979 1252 2008 additam
1275 1976 1435 2016 Scapti-am.
1470 1975 1550 2005 Urs.
1580 1989 1618 1996 —-
1654 1970 1684 2011 6)
1706 1967 1891 2006 Stellatina]

122 2019 203 2058 quod
226 2020 319 2049 sacris
341 2020 468 2049 familiae
490 2030 559 2049 suae
582 2021 741 2059 impeditus
764 2028 855 2059 esset,
877 2022 985 2060 quibus
1029 2024 1070 2052 De
1094 2023 1210 2061 Capena
1233 2020 1323 2055 urbe,
1358 2023 1389 2048 et
1411 2016 1613 2058 Capenatibus
1635 2013 1756 2054 populis
1780 2012 1809 2040 in
1833 2009 1892 2039 Tu-

122 2061 349 2091 sacrificandum
372 2063 448 2091 soret
472 2068 577 2102 operto
603 2063 718 2103 capite,
755 2074 821 2093 cum
847 2067 985 2102 Saturno,
1028 2066 1088 2095 scia
1112 2065 1150 2094 ad
1173 2065 1274 2093 lucum
1296 2061 1454 2095 Feroniae,
1477 2058 1625 2090 videndus
1653 2055 1766 2085 Plinius
1788 2053 1838 2082 lib.
1861 2055 1890 2084 3.

121 2109 227 2143 aperto
254 2114 302 2133 rea
325 2115 408 2134 sacra
438 2105 571 2134 facienda
601 2111 686 2135 esset.
717 2116 810 2146 euque
839 2107 876 2135 de
898 2117 985 2135 causa
1028 2119 1044 2137 a
1061 2117 1121 2146 quo
1145 2105 1279 2136 Stellates
1301 2113 1420 2143 quoque
1441 2103 1521 2132 inter
1544 2099 1667 2131 Tusciae
1688 2096 1816 2138 populos
1834 2105 1888 2124 nu·

121 2147 279 2175 multatum
298 2157 313 2176 a
330 2147 473 2177 Pontifice
496 2147 652 2176 Claudium
666 2156 855 2187 provocasse,
878 2149 985 2178 deinde
1028 2154 1195 2185 merantur·‚
1216 2159 1270 2188 pro
1293 2147 1366 2176 urbe
1392 2146 1529 2185 Capena,
1561 2144 1686 2173 fortasse
1707 2139 1812 2169 melius
1836 2137 1887 2166 ad·

120 2189 347 2218 reconciliatum
370 2199 441 2221 esse.
483 2190 525 2219 De
547 2191 639 2219 sacris
653 2192 802 2228 familiae
826 2191 986 2229 Claudiae,
1028 2193 1165 2230 deretur,
1194 2192 1314 2230 regione
1345 2189 1475 2228 Capena.
1517 2187 1596 2216 Ure.
1632 2199 1669 2206 —
1705 2183 1733 2221 7)
1757 2179 1886 2218 8αόἰηὶ,]

121 2231 228 2261 Festus
256 2242 347 2271 supra
382 2233 413 2262 in
447 2232 677 2271 I’ropudianua.
713 2234 843 2270 Porcus,
877 2233 985 2273 inquit,
1026 2236 1062 2264 In
1093 2233 1238 2273 argenteis
1276 2233 1406 2262 denariis
1433 2229 1582 2270 Sulpieiae
1616 2225 1714 2265 gentis
1740 2225 1775 2254 D·
1798 2223 1833 2252 P·
1853 2223 1886 2252 P·

122 2273 348 2313 Propudianus,
372 2274 424 2314 qui
445 2275 475 2303 in
493 2275 637 2304 sacrificio
659 2275 752 2314 gentis
776 2276 915 2305 Claudiae
936 2286 985 2305 ve.
1026 2278 1097 2308 deon
1120 2279 1243 2307 Penates
1265 2275 1422 2314 significat.
1462 2274 1505 2302 De
1526 2269 1642 2300 Sabinis
1664 2273 1779 2302 tamen,
1803 2265 1885 2306 q¹²⁰d

121 2316 168 2346 tut
188 2317 387 2356 piamentum,
423 2317 571 2347 exsolutio
594 2318 690 2347 omnio
717 2323 887 2349 contractae
914 2319 984 2349 reh-
1024 2322 1148 2351 Penates·
1173 2320 1245 2349 (μοι,
1265 2318 1428 2358 praecipue,
1448 2315 1597 2349 coierent,
1620 2322 1683 2341 non
1704 2309 1885 2340 muninime

122 2359 217 2397 gionis
239 2365 292 2408 est.
335 2360 463 2409 Macrob..
490 2361 540 2392 lib.
565 2364 596 2409 1¹.
614 2370 680 2409 cap.
705 2364 752 2394 16.
797 2363 874 2391 Sunt
897 2371 983 2411 praa·
1024 2374 1135 2413 legisse·
1167 2373 1303 2402 Ur3,-.
1324 2372 1354 2411 g)
1371 2371 1416 2411 ᾗῇ
1436 2369 1479 2399 ,ic
1499 2368 1549 2401 Pr,
1570 2356 1636 2397 ᾗ).
1668 2365 1714 2394 sic
1741 2363 1817 2394 ven,

122 2406 203 2433 terea
231 2402 321 2432 senae
355 2412 496 2443 propriae
526 2403 722 2440 familiarum,
765 2409 798 2434 ut
831 2404 982 2434 Ctaudma
