<?xml version="1.0" encoding="UTF-8"?>
<!DOCTYPE html PUBLIC "-//W3C//DTD XHTML 1.0 Transitional//EN"
    "http://www.w3.org/TR/xhtml1/DTD/xhtml1-transitional.dtd">
<html xmlns="http://www.w3.org/1999/xhtml" xml:lang="en" lang="en">
 <head>
  <title>
</title>
<meta http-equiv="Content-Type" content="text/html;charset=utf-8" />
  <meta name='ocr-system' content='tesseract 3.04.00' />
  <meta name='ocr-capabilities' content='ocr_page ocr_carea ocr_par ocr_line ocrx_word'/>
</head>
<body>
  <div class='ocr_page' id='page_1' title='image "./corpusgrammatico01linduoft_0135.png"; bbox 0 0 2263 2668; ppageno 0'>
   <div class='ocr_carea' id='block_1_1' title="bbox 66 197 2009 442">
    <p class='ocr_par' dir='ltr' id='par_1_1' title="bbox 66 197 2009 442">
     <span class='ocr_line' id='line_1_1' title="bbox 827 197 2009 234; baseline 0.001 -1"><span class='ocrx_word' id='word_1_1' title='bbox 827 199 915 234; x_wconf 93' lang='lat' dir='ltr'>LIB.</span> <span class='ocrx_word' id='word_1_2' title='bbox 930 198 973 232; x_wconf 91' lang='grc' dir='ltr'>ΙΙ.</span> <span class='ocrx_word' id='word_1_3' title='bbox 1007 197 1150 232; x_wconf 84' lang='lat' dir='ltr'>SEGM.</span> <span class='ocrx_word' id='word_1_4' title='bbox 1169 198 1195 231; x_wconf 90' lang='grc' dir='ltr'>Ι.</span> <span class='ocrx_word' id='word_1_5' title='bbox 1934 201 2009 234; x_wconf 88' lang='grc'>119</span> 
     </span>
     <span class='ocr_line' id='line_1_2' title="bbox 69 289 2006 340; baseline -0.002 -11"><span class='ocrx_word' id='word_1_6' title='bbox 69 297 156 331; x_wconf 88' lang='lat' dir='ltr'>ciens</span> <span class='ocrx_word' id='word_1_7' title='bbox 182 296 344 340; x_wconf 85' lang='lat' dir='ltr'>genitivo,</span> <span class='ocrx_word' id='word_1_8' title='bbox 376 305 430 336; x_wconf 85' lang='lat' dir='ltr'>os,</span> <span class='ocrx_word' id='word_1_9' title='bbox 458 293 544 331; x_wconf 78' lang='lat' dir='ltr'>oris;</span> <span class='ocrx_word' id='word_1_10' title='bbox 570 296 602 326; x_wconf 88' lang='lat' dir='ltr'>et</span> <span class='ocrx_word' id='word_1_11' title='bbox 628 293 719 326; x_wconf 89' lang='lat' dir='ltr'>aliud</span> <span class='ocrx_word' id='word_1_12' title='bbox 745 297 954 337; x_wconf 90' lang='lat' dir='ltr'>correptum,</span> <span class='ocrx_word' id='word_1_13' title='bbox 981 292 1029 325; x_wconf 80' lang='lat' dir='ltr'>sis</span> <span class='ocrx_word' id='word_1_14' title='bbox 1054 291 1178 326; x_wconf 86' lang='lat' dir='ltr'>faciens</span> <span class='ocrx_word' id='word_1_15' title='bbox 1206 289 1433 336; x_wconf 80' lang='lat' dir='ltr'>genitivum²³,</span> <span class='ocrx_word' id='word_1_16' title='bbox 1461 304 1509 334; x_wconf 82' lang='lat' dir='ltr'>os,</span> <span class='ocrx_word' id='word_1_17' title='bbox 1540 294 1633 327; x_wconf 77' lang='lat' dir='ltr'>ossis.</span> <span class='ocrx_word' id='word_1_18' title='bbox 1687 293 1833 335; x_wconf 82' lang='lat' dir='ltr'><strong>Quidam</strong></span> <span class='ocrx_word' id='word_1_19' title='bbox 1860 293 1926 327; x_wconf 83' lang='lat' dir='ltr'>hoc</span> <span class='ocrx_word' id='word_1_20' title='bbox 1949 306 2006 327; x_wconf 88' lang='lat' dir='ltr'>os·</span> 
     </span>
     <span class='ocr_line' id='line_1_3' title="bbox 66 342 2004 389; baseline -0.002 -8"><span class='ocrx_word' id='word_1_21' title='bbox 66 359 144 381; x_wconf 82' lang='lat' dir='ltr'>sum</span> <span class='ocrx_word' id='word_1_22' title='bbox 170 348 295 388; x_wconf 89' lang='lat' dir='ltr'>dicunt,</span> <span class='ocrx_word' id='word_1_23' title='bbox 321 346 381 379; x_wconf 89' lang='lat' dir='ltr'>sed</span> <span class='ocrx_word' id='word_1_24' title='bbox 409 350 524 378; x_wconf 89' lang='lat' dir='ltr'>errant.</span> <span class='ocrx_word' id='word_1_25' title='bbox 577 345 662 377; x_wconf 85' lang='lat' dir='ltr'>Nam</span> <span class='ocrx_word' id='word_1_26' title='bbox 691 345 800 377; x_wconf 90' lang='lat' dir='ltr'>omnia</span> <span class='ocrx_word' id='word_1_27' title='bbox 825 356 885 377; x_wconf 85' lang='lat' dir='ltr'>um</span> <span class='ocrx_word' id='word_1_28' title='bbox 911 344 1084 376; x_wconf 86' lang='lat' dir='ltr'>terminata</span> <span class='ocrx_word' id='word_1_29' title='bbox 1111 343 1222 375; x_wconf 77' lang='lat' dir='ltr'>dativo</span> <span class='ocrx_word' id='word_1_30' title='bbox 1250 347 1282 375; x_wconf 95' lang='lat' dir='ltr'>et</span> <span class='ocrx_word' id='word_1_31' title='bbox 1306 344 1452 377; x_wconf 86' lang='lat' dir='ltr'>ablativo</span> <span class='ocrx_word' id='word_1_32' title='bbox 1478 345 1662 389; x_wconf 85' lang='lat' dir='ltr'>pluralibus</span> <span class='ocrx_word' id='word_1_33' title='bbox 1689 346 1718 378; x_wconf 77' lang='lat' dir='ltr'>is</span> <span class='ocrx_word' id='word_1_34' title='bbox 1743 345 1869 378; x_wconf 86' lang='lat' dir='ltr'>faciunt</span> <span class='ocrx_word' id='word_1_35' title='bbox 1879 342 1913 386; x_wconf 78' lang='lat'>²⁴,</span> <span class='ocrx_word' id='word_1_36' title='bbox 1935 345 2004 380; x_wconf 90' lang='lat' dir='ltr'>hoc</span> 
     </span>
     <span class='ocr_line' id='line_1_4' title="bbox 67 393 2001 442; baseline -0.001 -11"><span class='ocrx_word' id='word_1_37' title='bbox 67 403 179 431; x_wconf 86' lang='lat' dir='ltr'>autem</span> <span class='ocrx_word' id='word_1_38' title='bbox 213 398 293 440; x_wconf 81' lang='lat' dir='ltr'>bus,</span> <span class='ocrx_word' id='word_1_39' title='bbox 328 397 477 437; x_wconf 81' lang='lat' dir='ltr'>ossibus,</span> <span class='ocrx_word' id='word_1_40' title='bbox 513 396 695 429; x_wconf 86' lang='lat' dir='ltr'>secundum</span> <span class='ocrx_word' id='word_1_41' title='bbox 729 396 890 429; x_wconf 88' lang='lat' dir='ltr'>rationem</span> <span class='ocrx_word' id='word_1_42' title='bbox 916 395 1032 428; x_wconf 75' lang='lat' dir='ltr'>tertiae</span> <span class='ocrx_word' id='word_1_43' title='bbox 1066 394 1311 435; x_wconf 77' lang='lat' dir='ltr'>declinationis,</span> <span class='ocrx_word' id='word_1_44' title='bbox 1347 396 1376 428; x_wconf 81' lang='lat' dir='ltr'>is</span> <span class='ocrx_word' id='word_1_45' title='bbox 1405 397 1549 441; x_wconf 85' lang='lat' dir='ltr'>genitivo</span> <span class='ocrx_word' id='word_1_46' title='bbox 1579 396 1738 442; x_wconf 78' lang='lat' dir='ltr'>singulari</span> <span class='ocrx_word' id='word_1_47' title='bbox 1763 393 2001 430; x_wconf 59' lang='lat' dir='ltr'>terminataeffi.</span> 
     </span>
    </p>
   </div>
   <div class='ocr_carea' id='block_1_2' title="bbox 67 446 1359 493">
    <p class='ocr_par' dir='ltr' id='par_1_2' title="bbox 67 446 1359 493">
     <span class='ocr_line' id='line_1_5' title="bbox 67 446 1359 493; baseline -0.003 -10"><span class='ocrx_word' id='word_1_48' title='bbox 67 450 200 484; x_wconf 88' lang='lat' dir='ltr'>Graeca</span> <span class='ocrx_word' id='word_1_49' title='bbox 226 449 389 483; x_wconf 87' lang='lat' dir='ltr'>secundae</span> <span class='ocrx_word' id='word_1_50' title='bbox 416 452 510 481; x_wconf 86' lang='lat' dir='ltr'>erunt</span> <span class='ocrx_word' id='word_1_51' title='bbox 536 447 783 489; x_wconf 82' lang='lat' dir='ltr'>declinationis,</span> <span class='ocrx_word' id='word_1_52' title='bbox 810 448 975 493; x_wconf 82' lang='lat' dir='ltr'>Lageos,</span> <span class='ocrx_word' id='word_1_53' title='bbox 1001 447 1131 492; x_wconf 82' lang='lat' dir='ltr'>Lagei.</span> <span class='ocrx_word' id='word_1_54' title='bbox 1184 446 1359 491; x_wconf 82' lang='lat' dir='ltr'>Virgilius:</span> 
     </span>
    </p>
   </div>
   <div class='ocr_carea' id='block_1_3' title="bbox 59 512 2004 1073">
    <p class='ocr_par' dir='ltr' id='par_1_3' title="bbox 59 512 2004 1073">
     <span class='ocr_line' id='line_1_6' title="bbox 296 512 699 561; baseline -0.002 -12"><span class='ocrx_word' id='word_1_55' title='bbox 296 516 489 561; x_wconf 79' lang='lat' dir='ltr'>Tenuisque</span> <span class='ocrx_word' id='word_1_56' title='bbox 513 512 699 561; x_wconf 74' lang='lat' dir='ltr'>Lageos2⁶.</span> 
     </span>
     <span class='ocr_line' id='line_1_7' title="bbox 64 565 2002 613; baseline -0.001 -12"><span class='ocrx_word' id='word_1_57' title='bbox 64 568 240 613; x_wconf 81' lang='lat' dir='ltr'>Virgilius:</span> <span class='ocrx_word' id='word_1_58' title='bbox 265 567 489 612; x_wconf 77' lang='lat' dir='ltr'>Androgeos,</span> <span class='ocrx_word' id='word_1_59' title='bbox 516 566 722 612; x_wconf 75' lang='lat' dir='ltr'>Androgei3</span> <span class='ocrx_word' id='word_1_60' title='bbox 748 565 817 600; x_wconf 88' lang='lat' dir='ltr'>hoc</span> <span class='ocrx_word' id='word_1_61' title='bbox 836 565 1044 611; x_wconf 74' lang='lat' dir='ltr'>producitur,</span> <span class='ocrx_word' id='word_1_62' title='bbox 1071 565 1130 597; x_wconf 88' lang='lat' dir='ltr'>illa</span> <span class='ocrx_word' id='word_1_63' title='bbox 1152 565 1375 609; x_wconf 86' lang='lat' dir='ltr'>corripiuntur</span> <span class='ocrx_word' id='word_1_64' title='bbox 1392 566 1520 604; x_wconf 89' lang='lat' dir='ltr'>omnia;</span> <span class='ocrx_word' id='word_1_65' title='bbox 1544 565 1631 600; x_wconf 83' lang='lat' dir='ltr'>haec</span> <span class='ocrx_word' id='word_1_66' title='bbox 1652 567 1686 598; x_wconf 91' lang='lat' dir='ltr'>in</span> <span class='ocrx_word' id='word_1_67' title='bbox 1712 566 1859 611; x_wconf 83' lang='lat' dir='ltr'>genitivo</span> <span class='ocrx_word' id='word_1_68' title='bbox 1874 565 2002 612; x_wconf 79' lang='lat'><strong>[1461]</strong></span> 
     </span>
     <span class='ocr_line' id='line_1_8' title="bbox 64 616 2004 662; baseline -0.001 -10"><span class='ocrx_word' id='word_1_69' title='bbox 64 625 139 652; x_wconf 84' lang='lat' dir='ltr'>ante</span> <span class='ocrx_word' id='word_1_70' title='bbox 160 619 369 652; x_wconf 86' lang='lat' dir='ltr'>novissimam</span> <span class='ocrx_word' id='word_1_71' title='bbox 397 620 549 659; x_wconf 83' lang='lat' dir='ltr'>litteram,</span> <span class='ocrx_word' id='word_1_72' title='bbox 578 624 633 651; x_wconf 88' lang='lat' dir='ltr'>aut</span> <span class='ocrx_word' id='word_1_73' title='bbox 659 618 849 662; x_wconf 81' lang='lat' dir='ltr'>corripient,</span> <span class='ocrx_word' id='word_1_74' title='bbox 877 623 932 650; x_wconf 83' lang='lat' dir='ltr'>aut</span> <span class='ocrx_word' id='word_1_75' title='bbox 959 629 1031 650; x_wconf 84' lang='lat' dir='ltr'>eam</span> <span class='ocrx_word' id='word_1_76' title='bbox 1058 617 1091 649; x_wconf 92' lang='lat' dir='ltr'>in</span> <span class='ocrx_word' id='word_1_77' title='bbox 1118 618 1130 650; x_wconf 78' lang='grc' dir='ltr'><em>ἱ</em></span> <span class='ocrx_word' id='word_1_78' title='bbox 1155 618 1336 650; x_wconf 85' lang='lat' dir='ltr'>mutabunt.</span> <span class='ocrx_word' id='word_1_79' title='bbox 1385 616 1434 649; x_wconf 88' lang='lat' dir='ltr'>Us</span> <span class='ocrx_word' id='word_1_80' title='bbox 1460 629 1544 661; x_wconf 88' lang='lat' dir='ltr'>pura</span> <span class='ocrx_word' id='word_1_81' title='bbox 1568 618 1752 657; x_wconf 80' lang='lat' dir='ltr'>terminata,</span> <span class='ocrx_word' id='word_1_82' title='bbox 1777 618 1804 650; x_wconf 86' lang='lat' dir='ltr'>si</span> <span class='ocrx_word' id='word_1_83' title='bbox 1830 619 1842 651; x_wconf 86' lang='grc' dir='ltr'><em>ἱ</em></span> <span class='ocrx_word' id='word_1_84' title='bbox 1868 623 1943 651; x_wconf 86' lang='lat' dir='ltr'>ante</span> <span class='ocrx_word' id='word_1_85' title='bbox 1969 629 2004 650; x_wconf 81' lang='lat' dir='ltr'>se</span> 
     </span>
     <span class='ocr_line' id='line_1_9' title="bbox 62 668 2000 715; baseline -0.001 -12"><span class='ocrx_word' id='word_1_86' title='bbox 62 670 255 711; x_wconf 84' lang='lat' dir='ltr'>habuerint,</span> <span class='ocrx_word' id='word_1_87' title='bbox 282 670 428 715; x_wconf 86' lang='lat' dir='ltr'>genitivo</span> <span class='ocrx_word' id='word_1_88' title='bbox 455 671 577 703; x_wconf 87' lang='lat' dir='ltr'>facient</span> <span class='ocrx_word' id='word_1_89' title='bbox 603 670 685 702; x_wconf 89' lang='lat' dir='ltr'>duas</span> <span class='ocrx_word' id='word_1_90' title='bbox 712 670 742 710; x_wconf 75' lang='grc' dir='ltr'>ἰ,</span> <span class='ocrx_word' id='word_1_91' title='bbox 769 669 934 702; x_wconf 84' lang='lat' dir='ltr'>secundae</span> <span class='ocrx_word' id='word_1_92' title='bbox 961 669 1086 702; x_wconf 85' lang='lat' dir='ltr'>scilicet</span> <span class='ocrx_word' id='word_1_93' title='bbox 1113 668 1360 708; x_wconf 81' lang='lat' dir='ltr'>declinationis,</span> <span class='ocrx_word' id='word_1_94' title='bbox 1400 668 1584 713; x_wconf 55' lang='lat' dir='ltr'>Virgilius,</span> <span class='ocrx_word' id='word_1_95' title='bbox 1616 669 1781 714; x_wconf 70' lang='lat' dir='ltr'>Virgilii;</span> <span class='ocrx_word' id='word_1_96' title='bbox 1812 669 2000 710; x_wconf 79' lang='lat' dir='ltr'>Terentius,</span> 
     </span>
     <span class='ocr_line' id='line_1_10' title="bbox 67 720 1999 764; baseline -0.001 -10"><span class='ocrx_word' id='word_1_97' title='bbox 67 721 217 754; x_wconf 80' lang='lat' dir='ltr'>Terentii</span> <span class='ocrx_word' id='word_1_98' title='bbox 224 735 237 764; x_wconf 73' lang='lat'>,-</span> <span class='ocrx_word' id='word_1_99' title='bbox 264 722 310 754; x_wconf 83' lang='lat' dir='ltr'>sin</span> <span class='ocrx_word' id='word_1_100' title='bbox 337 722 475 754; x_wconf 85' lang='lat' dir='ltr'>alteram</span> <span class='ocrx_word' id='word_1_101' title='bbox 502 722 672 761; x_wconf 86' lang='lat' dir='ltr'>vocalem,</span> <span class='ocrx_word' id='word_1_102' title='bbox 700 732 765 753; x_wconf 88' lang='lat' dir='ltr'>una</span> <span class='ocrx_word' id='word_1_103' title='bbox 790 721 812 762; x_wconf 73' lang='grc' dir='ltr'>ἰ,</span> <span class='ocrx_word' id='word_1_104' title='bbox 839 725 875 753; x_wconf 86' lang='lat' dir='ltr'>ut</span> <span class='ocrx_word' id='word_1_105' title='bbox 901 720 1053 760; x_wconf 70' lang='lat' dir='ltr'>cti-dune,</span> <span class='ocrx_word' id='word_1_106' title='bbox 1082 720 1188 752; x_wconf 79' lang='lat' dir='ltr'>ardui</span> <span class='ocrx_word' id='word_1_107' title='bbox 1196 731 1208 758; x_wconf 89' lang='lat'>‚·</span> <span class='ocrx_word' id='word_1_108' title='bbox 1235 720 1401 760; x_wconf 78' lang='lat' dir='ltr'>carduus,</span> <span class='ocrx_word' id='word_1_109' title='bbox 1428 720 1562 753; x_wconf 76' lang='lat' dir='ltr'>cardui.</span> <span class='ocrx_word' id='word_1_110' title='bbox 1615 720 1638 754; x_wconf 93' lang='grc'><em>1</em></span> <span class='ocrx_word' id='word_1_111' title='bbox 1662 731 1744 764; x_wconf 86' lang='lat' dir='ltr'>ergo</span> <span class='ocrx_word' id='word_1_112' title='bbox 1772 725 1847 753; x_wconf 89' lang='lat' dir='ltr'>ante</span> <span class='ocrx_word' id='word_1_113' title='bbox 1873 732 1914 753; x_wconf 84' lang='lat' dir='ltr'>us</span> <span class='ocrx_word' id='word_1_114' title='bbox 1937 720 1999 752; x_wconf 91' lang='lat' dir='ltr'>ha-</span> 
     </span>
     <span class='ocr_line' id='line_1_11' title="bbox 60 768 1999 817; baseline -0.002 -11"><span class='ocrx_word' id='word_1_115' title='bbox 60 773 189 814; x_wconf 89' lang='lat' dir='ltr'>bentia,</span> <span class='ocrx_word' id='word_1_116' title='bbox 216 773 241 805; x_wconf 85' lang='lat' dir='ltr'>si</span> <span class='ocrx_word' id='word_1_117' title='bbox 267 774 405 817; x_wconf 87' lang='lat' dir='ltr'>propria</span> <span class='ocrx_word' id='word_1_118' title='bbox 431 774 569 815; x_wconf 86' lang='lat' dir='ltr'>fuerint,</span> <span class='ocrx_word' id='word_1_119' title='bbox 602 773 754 806; x_wconf 88' lang='lat' dir='ltr'>vocativo</span> <span class='ocrx_word' id='word_1_120' title='bbox 785 772 796 805; x_wconf 84' lang='lat' dir='ltr'><em>i</em></span> <span class='ocrx_word' id='word_1_121' title='bbox 821 772 1101 812; x_wconf 85' lang='lat' dir='ltr'>terminabuntur,</span> <span class='ocrx_word' id='word_1_122' title='bbox 1137 777 1172 804; x_wconf 84' lang='lat' dir='ltr'>ut</span> <span class='ocrx_word' id='word_1_123' title='bbox 1199 782 1218 803; x_wconf 92' lang='grc' dir='ltr'><strong><em>ο</em></strong></span> <span class='ocrx_word' id='word_1_124' title='bbox 1250 771 1399 815; x_wconf 63' lang='lat' dir='ltr'>Pii-gili,</span> <span class='ocrx_word' id='word_1_125' title='bbox 1434 782 1453 804; x_wconf 91' lang='lat' dir='ltr'>o</span> <span class='ocrx_word' id='word_1_126' title='bbox 1485 771 1645 810; x_wconf 78' lang='lat' dir='ltr'>Terenti3</span> <span class='ocrx_word' id='word_1_127' title='bbox 1679 772 1728 804; x_wconf 86' lang='lat' dir='ltr'>sin</span> <span class='ocrx_word' id='word_1_128' title='bbox 1754 768 1999 816; x_wconf 81' lang='lat' dir='ltr'>appellativa²⁷,</span> 
     </span>
     <span class='ocr_line' id='line_1_12' title="bbox 62 822 1999 870; baseline -0.002 -12"><span class='ocrx_word' id='word_1_129' title='bbox 62 835 82 858; x_wconf 78' lang='lat' dir='ltr'>e</span> <span class='ocrx_word' id='word_1_130' title='bbox 107 829 283 868; x_wconf 89' lang='lat' dir='ltr'>correpto,</span> <span class='ocrx_word' id='word_1_131' title='bbox 310 836 329 857; x_wconf 92' lang='lat' dir='ltr'>o</span> <span class='ocrx_word' id='word_1_132' title='bbox 357 825 533 870; x_wconf 79' lang='lat' dir='ltr'>egregie,·</span> <span class='ocrx_word' id='word_1_133' title='bbox 559 824 704 868; x_wconf 84' lang='lat' dir='ltr'>exceptis</span> <span class='ocrx_word' id='word_1_134' title='bbox 732 823 973 868; x_wconf 80' lang='lat' dir='ltr'>comparativis,</span> <span class='ocrx_word' id='word_1_135' title='bbox 1001 834 1087 866; x_wconf 84' lang='lat' dir='ltr'>quae</span> <span class='ocrx_word' id='word_1_136' title='bbox 1113 824 1230 855; x_wconf 84' lang='lat' dir='ltr'>tertiae</span> <span class='ocrx_word' id='word_1_137' title='bbox 1257 827 1331 855; x_wconf 86' lang='lat' dir='ltr'>sunt</span> <span class='ocrx_word' id='word_1_138' title='bbox 1356 822 1593 864; x_wconf 79' lang='lat' dir='ltr'>declinationis,</span> <span class='ocrx_word' id='word_1_139' title='bbox 1624 824 1672 856; x_wconf 81' lang='lat' dir='ltr'>ris</span> <span class='ocrx_word' id='word_1_140' title='bbox 1698 824 1844 867; x_wconf 83' lang='lat' dir='ltr'>genitivo</span> <span class='ocrx_word' id='word_1_141' title='bbox 1871 823 1999 856; x_wconf 86' lang='lat' dir='ltr'>facien-</span> 
     </span>
     <span class='ocr_line' id='line_1_13' title="bbox 59 871 1996 918; baseline -0.001 -10"><span class='ocrx_word' id='word_1_142' title='bbox 59 876 124 916; x_wconf 82' lang='lat' dir='ltr'>tia,</span> <span class='ocrx_word' id='word_1_143' title='bbox 151 881 187 909; x_wconf 91' lang='lat' dir='ltr'>ut</span> <span class='ocrx_word' id='word_1_144' title='bbox 214 876 279 908; x_wconf 84' lang='lat' dir='ltr'>hoc</span> <span class='ocrx_word' id='word_1_145' title='bbox 306 877 443 914; x_wconf 81' lang='lat' dir='ltr'>carius,</span> <span class='ocrx_word' id='word_1_146' title='bbox 471 876 572 909; x_wconf 79' lang='lat' dir='ltr'>huius</span> <span class='ocrx_word' id='word_1_147' title='bbox 602 875 767 917; x_wconf 79' lang='lat' dir='ltr'>carioris,</span> <span class='ocrx_word' id='word_1_148' title='bbox 794 871 987 908; x_wconf 62' lang='lat' dir='ltr'>melion-53²³.</span> <span class='ocrx_word' id='word_1_149' title='bbox 1045 874 1167 907; x_wconf 88' lang='lat' dir='ltr'>Omnia</span> <span class='ocrx_word' id='word_1_150' title='bbox 1192 880 1303 906; x_wconf 86' lang='lat' dir='ltr'>tamen</span> <span class='ocrx_word' id='word_1_151' title='bbox 1330 876 1556 917; x_wconf 84' lang='lat' dir='ltr'>comparativa</span> <span class='ocrx_word' id='word_1_152' title='bbox 1590 886 1630 907; x_wconf 81' lang='lat' dir='ltr'>us</span> <span class='ocrx_word' id='word_1_153' title='bbox 1662 875 1789 918; x_wconf 76' lang='lat' dir='ltr'>syllaba</span> <span class='ocrx_word' id='word_1_154' title='bbox 1822 874 1996 907; x_wconf 85' lang='lat' dir='ltr'>terminata</span> 
     </span>
     <span class='ocr_line' id='line_1_14' title="bbox 59 923 1996 972; baseline -0.001 -13"><span class='ocrx_word' id='word_1_155' title='bbox 59 927 191 972; x_wconf 86' lang='lat' dir='ltr'>generis</span> <span class='ocrx_word' id='word_1_156' title='bbox 216 923 309 959; x_wconf 83' lang='lat' dir='ltr'>sint²⁹</span> <span class='ocrx_word' id='word_1_157' title='bbox 335 928 440 960; x_wconf 88' lang='lat' dir='ltr'>neutri</span> <span class='ocrx_word' id='word_1_158' title='bbox 466 939 598 961; x_wconf 85' lang='lat' dir='ltr'>necesse</span> <span class='ocrx_word' id='word_1_159' title='bbox 626 931 681 960; x_wconf 90' lang='lat' dir='ltr'>est.</span> <span class='ocrx_word' id='word_1_160' title='bbox 741 926 818 959; x_wconf 80' lang='lat' dir='ltr'>Ans</span> <span class='ocrx_word' id='word_1_161' title='bbox 842 926 1032 967; x_wconf 87' lang='lat' dir='ltr'>terminata,</span> <span class='ocrx_word' id='word_1_162' title='bbox 1066 927 1183 958; x_wconf 83' lang='lat' dir='ltr'>tertiae</span> <span class='ocrx_word' id='word_1_163' title='bbox 1211 930 1304 958; x_wconf 90' lang='lat' dir='ltr'>erunt</span> <span class='ocrx_word' id='word_1_164' title='bbox 1329 925 1573 965; x_wconf 82' lang='lat' dir='ltr'>declinationis,</span> <span class='ocrx_word' id='word_1_165' title='bbox 1606 926 1661 959; x_wconf 77' lang='lat' dir='ltr'>dis</span> <span class='ocrx_word' id='word_1_166' title='bbox 1687 926 1812 958; x_wconf 86' lang='lat' dir='ltr'>faciunt</span> <span class='ocrx_word' id='word_1_167' title='bbox 1837 926 1996 970; x_wconf 85' lang='lat' dir='ltr'>genitivo,</span> 
     </span>
     <span class='ocr_line' id='line_1_15' title="bbox 59 976 1997 1024; baseline -0.001 -14"><span class='ocrx_word' id='word_1_168' title='bbox 59 978 149 1019; x_wconf 79' lang='lat' dir='ltr'>laus,</span> <span class='ocrx_word' id='word_1_169' title='bbox 176 978 310 1017; x_wconf 78' lang='lat' dir='ltr'>laudis3</span> <span class='ocrx_word' id='word_1_170' title='bbox 328 978 451 1023; x_wconf 75' lang='lat' dir='ltr'>fraus,</span> <span class='ocrx_word' id='word_1_171' title='bbox 468 978 629 1024; x_wconf 77' lang='lat' dir='ltr'>fraudis.</span> <span class='ocrx_word' id='word_1_172' title='bbox 681 977 758 1010; x_wconf 75' lang='lat' dir='ltr'>Eas</span> <span class='ocrx_word' id='word_1_173' title='bbox 783 977 948 1010; x_wconf 89' lang='lat' dir='ltr'>secundae</span> <span class='ocrx_word' id='word_1_174' title='bbox 974 981 1047 1010; x_wconf 87' lang='lat' dir='ltr'>sunt</span> <span class='ocrx_word' id='word_1_175' title='bbox 1073 977 1319 1018; x_wconf 81' lang='lat' dir='ltr'>declinationis,</span> <span class='ocrx_word' id='word_1_176' title='bbox 1347 977 1358 1009; x_wconf 82' lang='grc' dir='ltr'><strong><em>ἱ</em></strong></span> <span class='ocrx_word' id='word_1_177' title='bbox 1384 977 1508 1010; x_wconf 73' lang='lat' dir='ltr'>faciunt</span> <span class='ocrx_word' id='word_1_178' title='bbox 1534 978 1696 1021; x_wconf 77' lang='lat' dir='ltr'>genitivo,</span> <span class='ocrx_word' id='word_1_179' title='bbox 1738 976 1895 1020; x_wconf 70' lang='lat' dir='ltr'>Tydeus,</span> <span class='ocrx_word' id='word_1_180' title='bbox 1928 976 1997 1020; x_wconf 68' lang='lat' dir='ltr'>Ty-</span> 
     </span>
     <span class='ocr_line' id='line_1_16' title="bbox 59 1025 1997 1073; baseline -0.001 -11"><span class='ocrx_word' id='word_1_181' title='bbox 59 1029 137 1067; x_wconf 80' lang='lat' dir='ltr'>dei,·</span> <span class='ocrx_word' id='word_1_182' title='bbox 163 1029 306 1070; x_wconf 78' lang='lat' dir='ltr'>Peleus,</span> <span class='ocrx_word' id='word_1_183' title='bbox 335 1030 441 1063; x_wconf 78' lang='lat' dir='ltr'>Pelei.</span> <span class='ocrx_word' id='word_1_184' title='bbox 500 1030 567 1063; x_wconf 72' lang='lat' dir='ltr'>l&#39;os</span> <span class='ocrx_word' id='word_1_185' title='bbox 592 1029 646 1062; x_wconf 80' lang='lat' dir='ltr'>vel</span> <span class='ocrx_word' id='word_1_186' title='bbox 678 1026 780 1062; x_wconf 65' lang='lat' dir='ltr'>sus-³⁰</span> <span class='ocrx_word' id='word_1_187' title='bbox 806 1029 970 1062; x_wconf 86' lang='lat' dir='ltr'>secundae</span> <span class='ocrx_word' id='word_1_188' title='bbox 997 1025 1102 1061; x_wconf 76' lang='lat' dir='ltr'>sunt³¹</span> <span class='ocrx_word' id='word_1_189' title='bbox 1131 1029 1375 1068; x_wconf 84' lang='lat' dir='ltr'>declinationis,</span> <span class='ocrx_word' id='word_1_190' title='bbox 1403 1029 1415 1061; x_wconf 75' lang='grc' dir='ltr'><em>ἱ</em></span> <span class='ocrx_word' id='word_1_191' title='bbox 1441 1029 1566 1061; x_wconf 85' lang='lat' dir='ltr'>faciunt</span> <span class='ocrx_word' id='word_1_192' title='bbox 1591 1029 1754 1073; x_wconf 88' lang='lat' dir='ltr'>genitivo,</span> <span class='ocrx_word' id='word_1_193' title='bbox 1791 1028 1848 1061; x_wconf 78' lang='lat' dir='ltr'>hic</span> <span class='ocrx_word' id='word_1_194' title='bbox 1875 1038 1997 1060; x_wconf 75' lang='lat' dir='ltr'>cervus</span> 
     </span>
    </p>
   </div>
   <div class='ocr_carea' id='block_1_4' title="bbox 58 1076 1539 1123">
    <p class='ocr_par' dir='ltr' id='par_1_4' title="bbox 58 1076 1539 1123">
     <span class='ocr_line' id='line_1_17' title="bbox 58 1076 1539 1123; baseline -0.001 -9"><span class='ocrx_word' id='word_1_195' title='bbox 58 1081 113 1114; x_wconf 83' lang='lat' dir='ltr'>vel</span> <span class='ocrx_word' id='word_1_196' title='bbox 140 1091 270 1122; x_wconf 84' lang='lat' dir='ltr'>cervos,</span> <span class='ocrx_word' id='word_1_197' title='bbox 296 1081 394 1114; x_wconf 87' lang='lat' dir='ltr'>huius</span> <span class='ocrx_word' id='word_1_198' title='bbox 421 1081 523 1120; x_wconf 84' lang='lat' dir='ltr'>cervi;</span> <span class='ocrx_word' id='word_1_199' title='bbox 549 1091 675 1113; x_wconf 78' lang='lat' dir='ltr'>nervus</span> <span class='ocrx_word' id='word_1_200' title='bbox 699 1080 754 1113; x_wconf 84' lang='lat' dir='ltr'>vel</span> <span class='ocrx_word' id='word_1_201' title='bbox 780 1091 920 1122; x_wconf 75' lang='lat' dir='ltr'>nervos,</span> <span class='ocrx_word' id='word_1_202' title='bbox 946 1079 1048 1113; x_wconf 82' lang='lat' dir='ltr'>huius</span> <span class='ocrx_word' id='word_1_203' title='bbox 1073 1076 1221 1121; x_wconf 74' lang='lat' dir='ltr'>uerm&#39;32,</span> <span class='ocrx_word' id='word_1_204' title='bbox 1249 1084 1281 1113; x_wconf 85' lang='lat' dir='ltr'>et</span> <span class='ocrx_word' id='word_1_205' title='bbox 1306 1080 1331 1112; x_wconf 85' lang='lat' dir='ltr'>si</span> <span class='ocrx_word' id='word_1_206' title='bbox 1358 1091 1424 1123; x_wconf 84' lang='lat' dir='ltr'>qua</span> <span class='ocrx_word' id='word_1_207' title='bbox 1451 1080 1539 1112; x_wconf 82' lang='lat' dir='ltr'>talia.</span> 
     </span>
    </p>
   </div>
   <div class='ocr_carea' id='block_1_5' title="bbox 55 1156 335 1246">
    <p class='ocr_par' dir='ltr' id='par_1_5' title="bbox 55 1156 335 1246">
     <span class='ocr_line' id='line_1_18' title="bbox 221 1156 281 1189; baseline 0 -1"><span class='ocrx_word' id='word_1_208' title='bbox 221 1156 281 1189; x_wconf 83' lang='lat'>40.</span> 
     </span>
     <span class='ocr_line' id='line_1_19' title="bbox 55 1207 335 1246; baseline -0.007 -4"><span class='ocrx_word' id='word_1_209' title='bbox 55 1208 121 1246; x_wconf 77' lang='lat' dir='ltr'>sis;</span> <span class='ocrx_word' id='word_1_210' title='bbox 145 1207 335 1241; x_wconf 85' lang='lat' dir='ltr'>Terentius:</span> 
     </span>
    </p>
   </div>
   <div class='ocr_carea' id='block_1_6' title="bbox 45 1271 1991 1690">
    <p class='ocr_par' dir='ltr' id='par_1_6' title="bbox 45 1271 1991 1690">
     <span class='ocr_line' id='line_1_20' title="bbox 281 1271 871 1320; baseline -0.003 -11"><span class='ocrx_word' id='word_1_211' title='bbox 281 1274 359 1309; x_wconf 81' lang='lat' dir='ltr'>Nec</span> <span class='ocrx_word' id='word_1_212' title='bbox 382 1273 463 1317; x_wconf 68' lang='lat' dir='ltr'>vus,</span> <span class='ocrx_word' id='word_1_213' title='bbox 489 1287 554 1309; x_wconf 75' lang='lat' dir='ltr'>nec</span> <span class='ocrx_word' id='word_1_214' title='bbox 579 1271 871 1320; x_wconf 70' lang='lat' dir='ltr'>vestimentam³⁴‚·</span> 
     </span>
     <span class='ocr_line' id='line_1_21' title="bbox 58 1331 1991 1380; baseline -0.002 -12"><span class='ocrx_word' id='word_1_215' title='bbox 58 1334 139 1375; x_wconf 80' lang='lat' dir='ltr'>Vas,</span> <span class='ocrx_word' id='word_1_216' title='bbox 166 1334 290 1374; x_wconf 74' lang='lat' dir='ltr'>vadis3</span> <span class='ocrx_word' id='word_1_217' title='bbox 316 1336 456 1370; x_wconf 86' lang='lat' dir='ltr'>Cicero:</span> <span class='ocrx_word' id='word_1_218' title='bbox 488 1335 671 1380; x_wconf 77' lang='lat' dir='ltr'>Tanquam</span> <span class='ocrx_word' id='word_1_219' title='bbox 697 1332 842 1373; x_wconf 70' lang='lat' dir='ltr'>vade³³‚·</span> <span class='ocrx_word' id='word_1_220' title='bbox 869 1340 900 1369; x_wconf 89' lang='lat' dir='ltr'>et</span> <span class='ocrx_word' id='word_1_221' title='bbox 925 1336 952 1369; x_wconf 86' lang='lat' dir='ltr'>si</span> <span class='ocrx_word' id='word_1_222' title='bbox 974 1347 1040 1379; x_wconf 83' lang='lat' dir='ltr'>qua</span> <span class='ocrx_word' id='word_1_223' title='bbox 1065 1335 1154 1369; x_wconf 86' lang='lat' dir='ltr'>talia.</span> <span class='ocrx_word' id='word_1_224' title='bbox 1211 1334 1279 1369; x_wconf 64' lang='lat' dir='ltr'>Pes</span> <span class='ocrx_word' id='word_1_225' title='bbox 1305 1335 1416 1369; x_wconf 87' lang='lat' dir='ltr'>omnia</span> <span class='ocrx_word' id='word_1_226' title='bbox 1441 1335 1662 1380; x_wconf 88' lang='lat' dir='ltr'>corripiuntur</span> <span class='ocrx_word' id='word_1_227' title='bbox 1689 1339 1721 1368; x_wconf 84' lang='lat' dir='ltr'>et</span> <span class='ocrx_word' id='word_1_228' title='bbox 1745 1331 1850 1368; x_wconf 73' lang='lat' dir='ltr'>sunt³⁶</span> <span class='ocrx_word' id='word_1_229' title='bbox 1874 1334 1991 1366; x_wconf 86' lang='lat' dir='ltr'>tertiae</span> 
     </span>
     <span class='ocr_line' id='line_1_22' title="bbox 52 1384 1991 1432; baseline -0.002 -12"><span class='ocrx_word' id='word_1_230' title='bbox 52 1386 291 1429; x_wconf 85' lang='lat' dir='ltr'>declinationis,</span> <span class='ocrx_word' id='word_1_231' title='bbox 318 1388 362 1421; x_wconf 83' lang='lat' dir='ltr'>tis</span> <span class='ocrx_word' id='word_1_232' title='bbox 386 1388 539 1421; x_wconf 85' lang='lat' dir='ltr'>facientia</span> <span class='ocrx_word' id='word_1_233' title='bbox 563 1388 723 1432; x_wconf 88' lang='lat' dir='ltr'>genitivo,</span> <span class='ocrx_word' id='word_1_234' title='bbox 743 1393 779 1420; x_wconf 89' lang='lat' dir='ltr'>ut</span> <span class='ocrx_word' id='word_1_235' title='bbox 805 1384 945 1429; x_wconf 72' lang='lat' dir='ltr'>dive337,</span> <span class='ocrx_word' id='word_1_236' title='bbox 973 1388 1091 1420; x_wconf 77' lang='lat' dir='ltr'>divitis</span> <span class='ocrx_word' id='word_1_237' title='bbox 1116 1392 1149 1419; x_wconf 87' lang='lat' dir='ltr'>et</span> <span class='ocrx_word' id='word_1_238' title='bbox 1173 1387 1199 1419; x_wconf 86' lang='lat' dir='ltr'>si</span> <span class='ocrx_word' id='word_1_239' title='bbox 1223 1399 1290 1430; x_wconf 88' lang='lat' dir='ltr'>qua</span> <span class='ocrx_word' id='word_1_240' title='bbox 1312 1388 1401 1420; x_wconf 88' lang='lat' dir='ltr'>talia.</span> <span class='ocrx_word' id='word_1_241' title='bbox 1435 1387 1494 1420; x_wconf 66' lang='lat' dir='ltr'>sis</span> <span class='ocrx_word' id='word_1_242' title='bbox 1520 1388 1636 1420; x_wconf 87' lang='lat' dir='ltr'>tertiae</span> <span class='ocrx_word' id='word_1_243' title='bbox 1658 1392 1730 1420; x_wconf 83' lang='lat' dir='ltr'>sunt</span> <span class='ocrx_word' id='word_1_244' title='bbox 1754 1385 1991 1425; x_wconf 73' lang='lat' dir='ltr'>declinationis,</span> 
     </span>
     <span class='ocr_line' id='line_1_23' title="bbox 50 1436 1991 1484; baseline -0.001 -14"><span class='ocrx_word' id='word_1_245' title='bbox 50 1437 81 1471; x_wconf 72' lang='lat'>²⁸3</span> <span class='ocrx_word' id='word_1_246' title='bbox 106 1436 288 1483; x_wconf 72' lang='lat' dir='ltr'>genitivo³³</span> <span class='ocrx_word' id='word_1_247' title='bbox 320 1440 493 1481; x_wconf 88' lang='lat' dir='ltr'>facientia,</span> <span class='ocrx_word' id='word_1_248' title='bbox 527 1439 617 1472; x_wconf 81' lang='lat' dir='ltr'>haec</span> <span class='ocrx_word' id='word_1_249' title='bbox 642 1439 763 1480; x_wconf 80' lang='lat' dir='ltr'>navis,</span> <span class='ocrx_word' id='word_1_250' title='bbox 791 1439 893 1472; x_wconf 80' lang='lat' dir='ltr'>huius</span> <span class='ocrx_word' id='word_1_251' title='bbox 918 1439 1038 1479; x_wconf 75' lang='lat' dir='ltr'>mcvis;</span> <span class='ocrx_word' id='word_1_252' title='bbox 1072 1439 1276 1471; x_wconf 89' lang='lat' dir='ltr'>nominativo</span> <span class='ocrx_word' id='word_1_253' title='bbox 1303 1439 1426 1484; x_wconf 89' lang='lat' dir='ltr'>plurali</span> <span class='ocrx_word' id='word_1_254' title='bbox 1452 1450 1512 1472; x_wconf 78' lang='lat' dir='ltr'>ves</span> <span class='ocrx_word' id='word_1_255' title='bbox 1545 1438 1712 1483; x_wconf 90' lang='lat' dir='ltr'>producto</span> <span class='ocrx_word' id='word_1_256' title='bbox 1744 1438 1887 1478; x_wconf 82' lang='lat' dir='ltr'>faciunt,</span> <span class='ocrx_word' id='word_1_257' title='bbox 1921 1436 1991 1469; x_wconf 78' lang='lat' dir='ltr'>hae</span> 
     </span>
     <span class='ocr_line' id='line_1_24' title="bbox 49 1487 1989 1535; baseline -0.001 -13"><span class='ocrx_word' id='word_1_258' title='bbox 49 1500 176 1528; x_wconf 79' lang='lat' dir='ltr'>naves,·</span> <span class='ocrx_word' id='word_1_259' title='bbox 203 1495 343 1534; x_wconf 83' lang='lat' dir='ltr'>excepto</span> <span class='ocrx_word' id='word_1_260' title='bbox 370 1487 487 1532; x_wconf 72' lang='lat' dir='ltr'>uno³⁹‚</span> <span class='ocrx_word' id='word_1_261' title='bbox 513 1491 606 1534; x_wconf 90' lang='lat' dir='ltr'>quod</span> <span class='ocrx_word' id='word_1_262' title='bbox 632 1491 713 1524; x_wconf 84' lang='lat' dir='ltr'>facit</span> <span class='ocrx_word' id='word_1_263' title='bbox 739 1501 797 1523; x_wconf 82' lang='lat' dir='ltr'>res</span> <span class='ocrx_word' id='word_1_264' title='bbox 822 1490 1024 1523; x_wconf 88' lang='lat' dir='ltr'>nominativo</span> <span class='ocrx_word' id='word_1_265' title='bbox 1050 1490 1192 1535; x_wconf 88' lang='lat' dir='ltr'>plurali,</span> <span class='ocrx_word' id='word_1_266' title='bbox 1219 1490 1310 1523; x_wconf 78' lang='lat' dir='ltr'>haec</span> <span class='ocrx_word' id='word_1_267' title='bbox 1336 1491 1405 1530; x_wconf 84' lang='lat' dir='ltr'>vis,</span> <span class='ocrx_word' id='word_1_268' title='bbox 1432 1490 1536 1523; x_wconf 78' lang='lat' dir='ltr'>huius</span> <span class='ocrx_word' id='word_1_269' title='bbox 1561 1490 1629 1528; x_wconf 82' lang='lat' dir='ltr'>vis,</span> <span class='ocrx_word' id='word_1_270' title='bbox 1664 1490 1733 1522; x_wconf 81' lang='lat' dir='ltr'>hae</span> <span class='ocrx_word' id='word_1_271' title='bbox 1757 1490 1858 1522; x_wconf 78' lang='lat' dir='ltr'>vires.</span> <span class='ocrx_word' id='word_1_272' title='bbox 1917 1487 1989 1520; x_wconf 92' lang='lat' dir='ltr'>Lu-</span> 
     </span>
     <span class='ocr_line' id='line_1_25' title="bbox 51 1537 1988 1586; baseline 0 -14"><span class='ocrx_word' id='word_1_273' title='bbox 51 1541 169 1573; x_wconf 86' lang='lat' dir='ltr'>cretius</span> <span class='ocrx_word' id='word_1_274' title='bbox 193 1546 303 1574; x_wconf 84' lang='lat' dir='ltr'>tamen</span> <span class='ocrx_word' id='word_1_275' title='bbox 329 1553 467 1576; x_wconf 88' lang='lat' dir='ltr'>numero</span> <span class='ocrx_word' id='word_1_276' title='bbox 494 1542 616 1586; x_wconf 88' lang='lat' dir='ltr'>plurali</span> <span class='ocrx_word' id='word_1_277' title='bbox 641 1542 711 1574; x_wconf 78' lang='lat' dir='ltr'>hae</span> <span class='ocrx_word' id='word_1_278' title='bbox 736 1543 789 1575; x_wconf 76' lang='lat' dir='ltr'>vis</span> <span class='ocrx_word' id='word_1_279' title='bbox 817 1547 849 1574; x_wconf 86' lang='lat' dir='ltr'>et</span> <span class='ocrx_word' id='word_1_280' title='bbox 875 1542 942 1575; x_wconf 78' lang='lat' dir='ltr'>has</span> <span class='ocrx_word' id='word_1_281' title='bbox 967 1537 1068 1583; x_wconf 73' lang='lat' dir='ltr'>vis-⁴⁰,</span> <span class='ocrx_word' id='word_1_282' title='bbox 1095 1547 1131 1574; x_wconf 90' lang='lat' dir='ltr'>ut</span> <span class='ocrx_word' id='word_1_283' title='bbox 1157 1542 1196 1574; x_wconf 84' lang='lat' dir='ltr'>sit</span> <span class='ocrx_word' id='word_1_284' title='bbox 1222 1543 1344 1586; x_wconf 88' lang='lat' dir='ltr'>plurali</span> <span class='ocrx_word' id='word_1_285' title='bbox 1371 1546 1403 1574; x_wconf 89' lang='lat' dir='ltr'>et</span> <span class='ocrx_word' id='word_1_286' title='bbox 1429 1542 1498 1574; x_wconf 82' lang='lat' dir='ltr'>hae</span> <span class='ocrx_word' id='word_1_287' title='bbox 1524 1542 1585 1582; x_wconf 74' lang='lat' dir='ltr'>vis,</span> <span class='ocrx_word' id='word_1_288' title='bbox 1612 1541 1679 1574; x_wconf 79' lang='lat' dir='ltr'>has</span> <span class='ocrx_word' id='word_1_289' title='bbox 1704 1541 1765 1581; x_wconf 72' lang='grc' dir='ltr'>υἷε,</span> <span class='ocrx_word' id='word_1_290' title='bbox 1793 1551 1813 1573; x_wconf 93' lang='grc' dir='ltr'><strong>ο</strong></span> <span class='ocrx_word' id='word_1_291' title='bbox 1839 1540 1902 1577; x_wconf 79' lang='lat' dir='ltr'>vis,</span> <span class='ocrx_word' id='word_1_292' title='bbox 1929 1549 1988 1572; x_wconf 84' lang='lat' dir='ltr'>ca·-</span> 
     </span>
     <span class='ocr_line' id='line_1_26' title="bbox 49 1591 1988 1638; baseline -0.001 -14"><span class='ocrx_word' id='word_1_293' title='bbox 49 1603 102 1624; x_wconf 82' lang='lat' dir='ltr'>sus</span> <span class='ocrx_word' id='word_1_294' title='bbox 129 1591 252 1626; x_wconf 83' lang='lat' dir='ltr'>habens</span> <span class='ocrx_word' id='word_1_295' title='bbox 278 1594 311 1626; x_wconf 90' lang='lat' dir='ltr'>in</span> <span class='ocrx_word' id='word_1_296' title='bbox 337 1605 475 1627; x_wconf 86' lang='lat' dir='ltr'>numero</span> <span class='ocrx_word' id='word_1_297' title='bbox 502 1594 624 1638; x_wconf 86' lang='lat' dir='ltr'>plurali</span> <span class='ocrx_word' id='word_1_298' title='bbox 651 1598 725 1626; x_wconf 85' lang='lat' dir='ltr'>tres.</span> <span class='ocrx_word' id='word_1_299' title='bbox 778 1593 952 1637; x_wconf 78' lang='lat' dir='ltr'>Excipitur</span> <span class='ocrx_word' id='word_1_300' title='bbox 978 1605 1100 1634; x_wconf 90' lang='lat' dir='ltr'>unum,</span> <span class='ocrx_word' id='word_1_301' title='bbox 1139 1593 1231 1636; x_wconf 91' lang='lat' dir='ltr'>quod</span> <span class='ocrx_word' id='word_1_302' title='bbox 1257 1594 1307 1626; x_wconf 79' lang='lat' dir='ltr'>ris</span> <span class='ocrx_word' id='word_1_303' title='bbox 1333 1592 1412 1625; x_wconf 86' lang='lat' dir='ltr'>facit</span> <span class='ocrx_word' id='word_1_304' title='bbox 1438 1592 1603 1636; x_wconf 85' lang='lat' dir='ltr'>genitivo,</span> <span class='ocrx_word' id='word_1_305' title='bbox 1637 1592 1694 1625; x_wconf 80' lang='lat' dir='ltr'>hic</span> <span class='ocrx_word' id='word_1_306' title='bbox 1714 1592 1850 1637; x_wconf 76' lang='lat' dir='ltr'>pulvis,</span> <span class='ocrx_word' id='word_1_307' title='bbox 1886 1591 1988 1623; x_wconf 77' lang='lat' dir='ltr'>huius</span> 
     </span>
     <span class='ocr_line' id='line_1_27' title="bbox 45 1643 1986 1690; baseline 0.001 -14"><span class='ocrx_word' id='word_1_308' title='bbox 45 1643 217 1688; x_wconf 80' lang='lat' dir='ltr'>pulveris,</span> <span class='ocrx_word' id='word_1_309' title='bbox 246 1656 382 1678; x_wconf 90' lang='lat' dir='ltr'>numero</span> <span class='ocrx_word' id='word_1_310' title='bbox 410 1657 542 1690; x_wconf 83' lang='lat' dir='ltr'>semper</span> <span class='ocrx_word' id='word_1_311' title='bbox 568 1645 735 1690; x_wconf 84' lang='lat' dir='ltr'>singulari.</span> <span class='ocrx_word' id='word_1_312' title='bbox 786 1644 863 1678; x_wconf 81' lang='lat' dir='ltr'>Bas</span> <span class='ocrx_word' id='word_1_313' title='bbox 888 1645 1063 1678; x_wconf 86' lang='lat' dir='ltr'>terminata</span> <span class='ocrx_word' id='word_1_314' title='bbox 1090 1644 1222 1678; x_wconf 83' lang='lat' dir='ltr'>Graeca</span> <span class='ocrx_word' id='word_1_315' title='bbox 1248 1649 1337 1688; x_wconf 87' lang='lat' dir='ltr'>sunt,</span> <span class='ocrx_word' id='word_1_316' title='bbox 1364 1643 1454 1676; x_wconf 89' lang='lat' dir='ltr'>unde</span> <span class='ocrx_word' id='word_1_317' title='bbox 1478 1643 1505 1676; x_wconf 90' lang='lat' dir='ltr'>si</span> <span class='ocrx_word' id='word_1_318' title='bbox 1531 1643 1622 1687; x_wconf 85' lang='lat' dir='ltr'>apud</span> <span class='ocrx_word' id='word_1_319' title='bbox 1649 1644 1725 1676; x_wconf 87' lang='lat' dir='ltr'>illos</span> <span class='ocrx_word' id='word_1_320' title='bbox 1751 1643 1898 1688; x_wconf 87' lang='lat' dir='ltr'>genitivo</span> <span class='ocrx_word' id='word_1_321' title='bbox 1924 1654 1986 1680; x_wconf 84' lang='grc' dir='ltr'>τος</span> 
     </span>
    </p>
   </div>
   <div class='ocr_carea' id='block_1_7' title="bbox 339 1151 1993 1201">
    <p class='ocr_par' dir='ltr' id='par_1_7' title="bbox 339 1151 1993 1201">
     <span class='ocr_line' id='line_1_28' title="bbox 339 1151 1993 1201; baseline -0.001 -13"><span class='ocrx_word' id='word_1_322' title='bbox 339 1155 411 1190; x_wconf 78' lang='lat' dir='ltr'>l&#39;as</span> <span class='ocrx_word' id='word_1_323' title='bbox 435 1157 626 1199; x_wconf 89' lang='lat' dir='ltr'>terminata,</span> <span class='ocrx_word' id='word_1_324' title='bbox 660 1156 776 1190; x_wconf 86' lang='lat' dir='ltr'>tertiae</span> <span class='ocrx_word' id='word_1_325' title='bbox 802 1160 877 1190; x_wconf 84' lang='lat' dir='ltr'>sunt</span> <span class='ocrx_word' id='word_1_326' title='bbox 908 1155 1156 1199; x_wconf 82' lang='lat' dir='ltr'>declinationis,</span> <span class='ocrx_word' id='word_1_327' title='bbox 1187 1157 1235 1190; x_wconf 78' lang='lat' dir='ltr'>sis</span> <span class='ocrx_word' id='word_1_328' title='bbox 1260 1155 1315 1189; x_wconf 89' lang='lat' dir='ltr'>vel</span> <span class='ocrx_word' id='word_1_329' title='bbox 1348 1155 1404 1189; x_wconf 79' lang='lat' dir='ltr'>dis</span> <span class='ocrx_word' id='word_1_330' title='bbox 1435 1156 1560 1190; x_wconf 87' lang='lat' dir='ltr'>faciunt</span> <span class='ocrx_word' id='word_1_331' title='bbox 1591 1151 1781 1201; x_wconf 53' lang='lat' dir='ltr'>genitivum,</span> <span class='ocrx_word' id='word_1_332' title='bbox 1815 1165 1896 1196; x_wconf 81' lang='lat' dir='ltr'>vas,</span> <span class='ocrx_word' id='word_1_333' title='bbox 1929 1166 1993 1187; x_wconf 84' lang='lat' dir='ltr'>va-</span> 
     </span>
    </p>
   </div>
   <div class='ocr_carea' id='block_1_8' title="bbox 45 1745 1988 2021">
    <p class='ocr_par' dir='ltr' id='par_1_8' title="bbox 45 1745 1988 2021">
     <span class='ocr_line' id='line_1_29' title="bbox 1869 1745 1887 1759; baseline 0 0"><span class='ocrx_word' id='word_1_334' title='bbox 1869 1745 1887 1759; x_wconf 72' lang='lat' dir='ltr'>ss·</span> 
     </span>
     <span class='ocr_line' id='line_1_30' title="bbox 46 1766 1987 1811; baseline -0.001 -14"><span class='ocrx_word' id='word_1_335' title='bbox 46 1767 91 1807; x_wconf 72' lang='lat'>23)</span> <span class='ocrx_word' id='word_1_336' title='bbox 104 1769 188 1798; x_wconf 87' lang='lat' dir='ltr'>Cod.:</span> <span class='ocrx_word' id='word_1_337' title='bbox 211 1769 249 1799; x_wconf 81' lang='lat' dir='ltr'>Et</span> <span class='ocrx_word' id='word_1_338' title='bbox 264 1770 382 1800; x_wconf 81' lang='lat' dir='ltr'>aliumi</span> <span class='ocrx_word' id='word_1_339' title='bbox 405 1772 436 1800; x_wconf 81' lang='lat' dir='ltr'>ri</span> <span class='ocrx_word' id='word_1_340' title='bbox 453 1778 615 1810; x_wconf 79' lang='lat' dir='ltr'>correptum</span> <span class='ocrx_word' id='word_1_341' title='bbox 635 1771 675 1800; x_wconf 82' lang='lat' dir='ltr'>sis</span> <span class='ocrx_word' id='word_1_342' title='bbox 686 1770 806 1811; x_wconf 79' lang='lat' dir='ltr'>faciens</span> <span class='ocrx_word' id='word_1_343' title='bbox 818 1770 949 1810; x_wconf 73' lang='lat' dir='ltr'>genetiva</span> <span class='ocrx_word' id='word_1_344' title='bbox 957 1781 996 1801; x_wconf 88' lang='lat' dir='ltr'>m.</span> <span class='ocrx_word' id='word_1_345' title='bbox 1038 1770 1069 1798; x_wconf 90' lang='lat' dir='ltr'>P.</span> <span class='ocrx_word' id='word_1_346' title='bbox 1085 1784 1127 1791; x_wconf 92' lang='lat'>—</span> <span class='ocrx_word' id='word_1_347' title='bbox 1170 1767 1218 1808; x_wconf 81' lang='lat'>34)</span> <span class='ocrx_word' id='word_1_348' title='bbox 1236 1768 1299 1798; x_wconf 85' lang='lat' dir='ltr'>Ter.</span> <span class='ocrx_word' id='word_1_349' title='bbox 1318 1766 1423 1796; x_wconf 83' lang='lat' dir='ltr'>Heaut.</span> <span class='ocrx_word' id='word_1_350' title='bbox 1438 1768 1459 1804; x_wconf 85' lang='lat'>1,</span> <span class='ocrx_word' id='word_1_351' title='bbox 1479 1771 1506 1805; x_wconf 92' lang='lat'>1,</span> <span class='ocrx_word' id='word_1_352' title='bbox 1526 1770 1574 1800; x_wconf 84' lang='lat'>89.</span> <span class='ocrx_word' id='word_1_353' title='bbox 1597 1784 1636 1790; x_wconf 85' lang='lat'>--</span> <span class='ocrx_word' id='word_1_354' title='bbox 1679 1770 1724 1803; x_wconf 88' lang='lat'>35)</span> <span class='ocrx_word' id='word_1_355' title='bbox 1746 1768 1816 1796; x_wconf 92' lang='lat' dir='ltr'>Cod.</span> <span class='ocrx_word' id='word_1_356' title='bbox 1837 1774 1987 1807; x_wconf 45' lang='lat' dir='ltr'>iar-nquam</span> 
     </span>
     <span class='ocr_line' id='line_1_31' title="bbox 46 1809 1988 1854; baseline -0.002 -15"><span class='ocrx_word' id='word_1_357' title='bbox 46 1811 105 1840; x_wconf 86' lang='lat' dir='ltr'>Sed</span> <span class='ocrx_word' id='word_1_358' title='bbox 121 1813 147 1841; x_wconf 77' lang='lat' dir='ltr'>ri</span> <span class='ocrx_word' id='word_1_359' title='bbox 165 1812 301 1842; x_wconf 82' lang='lat' dir='ltr'>deletum.</span> <span class='ocrx_word' id='word_1_360' title='bbox 329 1813 366 1842; x_wconf 86' lang='lat' dir='ltr'>Et</span> <span class='ocrx_word' id='word_1_361' title='bbox 382 1812 467 1842; x_wconf 78' lang='lat' dir='ltr'>aliud</span> <span class='ocrx_word' id='word_1_362' title='bbox 482 1821 642 1852; x_wconf 76' lang='lat' dir='ltr'>correptum</span> <span class='ocrx_word' id='word_1_363' title='bbox 666 1815 720 1842; x_wconf 85' lang='lat' dir='ltr'>sis</span> <span class='ocrx_word' id='word_1_364' title='bbox 731 1813 766 1854; x_wconf 75' lang='lat' dir='ltr'><em>j</em></span> <span class='ocrx_word' id='word_1_365' title='bbox 786 1813 912 1852; x_wconf 77' lang='lat' dir='ltr'>genitivo</span> <span class='ocrx_word' id='word_1_366' title='bbox 929 1812 996 1840; x_wconf 85' lang='lat' dir='ltr'>Asc.</span> <span class='ocrx_word' id='word_1_367' title='bbox 1038 1811 1112 1845; x_wconf 79' lang='lat' dir='ltr'>(sic).</span> <span class='ocrx_word' id='word_1_368' title='bbox 1155 1811 1250 1838; x_wconf 86' lang='lat' dir='ltr'>Locus</span> <span class='ocrx_word' id='word_1_369' title='bbox 1268 1815 1310 1838; x_wconf 85' lang='lat' dir='ltr'>est</span> <span class='ocrx_word' id='word_1_370' title='bbox 1327 1821 1341 1837; x_wconf 86' lang='lat' dir='ltr'>a</span> <span class='ocrx_word' id='word_1_371' title='bbox 1360 1821 1406 1839; x_wconf 87' lang='lat' dir='ltr'>me</span> <span class='ocrx_word' id='word_1_372' title='bbox 1421 1821 1482 1839; x_wconf 86' lang='lat' dir='ltr'>nou</span> <span class='ocrx_word' id='word_1_373' title='bbox 1499 1811 1646 1840; x_wconf 76' lang='lat' dir='ltr'>inventus,</span> <span class='ocrx_word' id='word_1_374' title='bbox 1662 1826 1704 1832; x_wconf 97' lang='lat'><strong>—</strong></span> <span class='ocrx_word' id='word_1_375' title='bbox 1735 1810 1780 1848; x_wconf 88' lang='grc'>36)</span> <span class='ocrx_word' id='word_1_376' title='bbox 1799 1809 1872 1838; x_wconf 81' lang='lat' dir='ltr'>Sunt</span> <span class='ocrx_word' id='word_1_377' title='bbox 1888 1809 1988 1838; x_wconf 75' lang='lat' dir='ltr'>tertiae</span> 
     </span>
     <span class='ocr_line' id='line_1_32' title="bbox 45 1851 1985 1896; baseline -0.002 -15"><span class='ocrx_word' id='word_1_378' title='bbox 45 1853 78 1882; x_wconf 85' lang='lat' dir='ltr'>P.</span> <span class='ocrx_word' id='word_1_379' title='bbox 94 1871 129 1875; x_wconf 90' lang='lat'>—</span> <span class='ocrx_word' id='word_1_380' title='bbox 154 1854 201 1892; x_wconf 77' lang='lat'>24)</span> <span class='ocrx_word' id='word_1_381' title='bbox 219 1854 454 1894; x_wconf 75' lang='lat' dir='ltr'>Cod.:pluralih.</span> <span class='ocrx_word' id='word_1_382' title='bbox 470 1855 655 1896; x_wconf 72' lang='lat' dir='ltr'>bisfaciuni.</span> <span class='ocrx_word' id='word_1_383' title='bbox 671 1872 714 1877; x_wconf 91' lang='lat'>—-</span> <span class='ocrx_word' id='word_1_384' title='bbox 737 1856 783 1893; x_wconf 71' lang='lat'>25)</span> <span class='ocrx_word' id='word_1_385' title='bbox 800 1855 995 1883; x_wconf 81' lang='lat' dir='ltr'>Cod.:1ermi-</span> <span class='ocrx_word' id='word_1_386' title='bbox 1039 1853 1109 1881; x_wconf 88' lang='lat' dir='ltr'>Cod.</span> <span class='ocrx_word' id='word_1_387' title='bbox 1133 1853 1233 1881; x_wconf 73' lang='lat' dir='ltr'>tertiae</span> <span class='ocrx_word' id='word_1_388' title='bbox 1255 1860 1320 1881; x_wconf 80' lang='lat' dir='ltr'>sunt</span> <span class='ocrx_word' id='word_1_389' title='bbox 1334 1853 1398 1881; x_wconf 88' lang='lat' dir='ltr'>Asc.</span> <span class='ocrx_word' id='word_1_390' title='bbox 1418 1853 1449 1881; x_wconf 89' lang='lat' dir='ltr'>P.</span> <span class='ocrx_word' id='word_1_391' title='bbox 1472 1870 1507 1874; x_wconf 90' lang='lat'><strong>—</strong></span> <span class='ocrx_word' id='word_1_392' title='bbox 1553 1853 1600 1891; x_wconf 88' lang='lat'>37)</span> <span class='ocrx_word' id='word_1_393' title='bbox 1622 1853 1659 1881; x_wconf 86' lang='lat' dir='ltr'>Ut</span> <span class='ocrx_word' id='word_1_394' title='bbox 1678 1851 1755 1880; x_wconf 75' lang='lat' dir='ltr'>dives</span> <span class='ocrx_word' id='word_1_395' title='bbox 1771 1853 1844 1881; x_wconf 85' lang='lat' dir='ltr'>cod.</span> <span class='ocrx_word' id='word_1_396' title='bbox 1866 1853 1932 1880; x_wconf 87' lang='lat' dir='ltr'>Asc.</span> <span class='ocrx_word' id='word_1_397' title='bbox 1954 1857 1985 1878; x_wconf 80' lang='lat' dir='ltr'>ut</span> 
     </span>
     <span class='ocr_line' id='line_1_33' title="bbox 46 1892 1984 1935; baseline -0.001 -12"><span class='ocrx_word' id='word_1_398' title='bbox 46 1902 134 1925; x_wconf 81' lang='lat' dir='ltr'>nala.</span> <span class='ocrx_word' id='word_1_399' title='bbox 154 1896 233 1926; x_wconf 84' lang='lat' dir='ltr'>Asc.:</span> <span class='ocrx_word' id='word_1_400' title='bbox 250 1898 507 1927; x_wconf 78' lang='lat' dir='ltr'>terminatum.P.:</span> <span class='ocrx_word' id='word_1_401' title='bbox 527 1899 753 1926; x_wconf 77' lang='lat' dir='ltr'>terminatorum.</span> <span class='ocrx_word' id='word_1_402' title='bbox 777 1897 866 1933; x_wconf 87' lang='lat' dir='ltr'>Quod</span> <span class='ocrx_word' id='word_1_403' title='bbox 877 1896 993 1935; x_wconf 85' lang='lat' dir='ltr'>scripsi,</span> <span class='ocrx_word' id='word_1_404' title='bbox 1037 1896 1116 1923; x_wconf 88' lang='lat' dir='ltr'>deest</span> <span class='ocrx_word' id='word_1_405' title='bbox 1134 1895 1213 1932; x_wconf 82' lang='lat' dir='ltr'>apud</span> <span class='ocrx_word' id='word_1_406' title='bbox 1229 1895 1259 1923; x_wconf 84' lang='lat' dir='ltr'>P.</span> <span class='ocrx_word' id='word_1_407' title='bbox 1282 1911 1325 1916; x_wconf 92' lang='lat'>—-</span> <span class='ocrx_word' id='word_1_408' title='bbox 1366 1893 1412 1934; x_wconf 78' lang='lat'>38)</span> <span class='ocrx_word' id='word_1_409' title='bbox 1428 1893 1563 1923; x_wconf 74' lang='lat' dir='ltr'>Genen&#39;vo</span> <span class='ocrx_word' id='word_1_410' title='bbox 1581 1895 1727 1935; x_wconf 75' lang='lat' dir='ltr'>facientia</span> <span class='ocrx_word' id='word_1_411' title='bbox 1749 1895 1817 1924; x_wconf 92' lang='lat' dir='ltr'>Cod.</span> <span class='ocrx_word' id='word_1_412' title='bbox 1832 1892 1984 1935; x_wconf 78' lang='lat' dir='ltr'>facientia</span> 
     </span>
     <span class='ocr_line' id='line_1_34' title="bbox 45 1933 1982 1978; baseline -0.002 -11"><span class='ocrx_word' id='word_1_413' title='bbox 45 1947 93 1965; x_wconf 81' lang='lat' dir='ltr'>res</span> <span class='ocrx_word' id='word_1_414' title='bbox 108 1937 170 1976; x_wconf 84' lang='lat' dir='ltr'>ipsa</span> <span class='ocrx_word' id='word_1_415' title='bbox 194 1941 332 1977; x_wconf 79' lang='lat' dir='ltr'>postulat.</span> <span class='ocrx_word' id='word_1_416' title='bbox 353 1955 395 1961; x_wconf 90' lang='lat'>--</span> <span class='ocrx_word' id='word_1_417' title='bbox 437 1940 485 1978; x_wconf 75' lang='lat'>26)</span> <span class='ocrx_word' id='word_1_418' title='bbox 503 1940 583 1977; x_wconf 72' lang='lat' dir='ltr'>Virg.</span> <span class='ocrx_word' id='word_1_419' title='bbox 600 1941 704 1977; x_wconf 70' lang='lat' dir='ltr'>Geor-g.</span> <span class='ocrx_word' id='word_1_420' title='bbox 721 1940 758 1973; x_wconf 80' lang='lat' dir='ltr'>Il,</span> <span class='ocrx_word' id='word_1_421' title='bbox 778 1942 827 1971; x_wconf 83' lang='lat'>93.</span> <span class='ocrx_word' id='word_1_422' title='bbox 869 1940 993 1966; x_wconf 85' lang='lat' dir='ltr'>Omnem</span> <span class='ocrx_word' id='word_1_423' title='bbox 1033 1938 1123 1975; x_wconf 66' lang='lat' dir='ltr'>genii.</span> <span class='ocrx_word' id='word_1_424' title='bbox 1146 1937 1211 1965; x_wconf 85' lang='lat' dir='ltr'>Asc.</span> <span class='ocrx_word' id='word_1_425' title='bbox 1231 1938 1262 1966; x_wconf 90' lang='lat' dir='ltr'>P.</span> <span class='ocrx_word' id='word_1_426' title='bbox 1283 1953 1326 1958; x_wconf 97' lang='lat'><strong>—</strong></span> <span class='ocrx_word' id='word_1_427' title='bbox 1368 1937 1417 1975; x_wconf 82' lang='lat'>39)</span> <span class='ocrx_word' id='word_1_428' title='bbox 1438 1937 1576 1976; x_wconf 70' lang='lat' dir='ltr'>Excepto</span> <span class='ocrx_word' id='word_1_429' title='bbox 1602 1948 1659 1966; x_wconf 85' lang='lat' dir='ltr'>uno</span> <span class='ocrx_word' id='word_1_430' title='bbox 1682 1937 1753 1966; x_wconf 87' lang='lat' dir='ltr'>Cod.</span> <span class='ocrx_word' id='word_1_431' title='bbox 1773 1947 1830 1965; x_wconf 81' lang='lat' dir='ltr'>uno</span> <span class='ocrx_word' id='word_1_432' title='bbox 1854 1937 1933 1965; x_wconf 82' lang='lat' dir='ltr'>deest</span> <span class='ocrx_word' id='word_1_433' title='bbox 1950 1933 1982 1961; x_wconf 80' lang='lat' dir='ltr'>ill</span> 
     </span>
     <span class='ocr_line' id='line_1_35' title="bbox 45 1976 1980 2021; baseline 0.001 -15"><span class='ocrx_word' id='word_1_434' title='bbox 45 1978 126 2007; x_wconf 89' lang='lat' dir='ltr'>hunc</span> <span class='ocrx_word' id='word_1_435' title='bbox 139 1980 235 2009; x_wconf 88' lang='lat' dir='ltr'>locum</span> <span class='ocrx_word' id='word_1_436' title='bbox 245 1982 314 2011; x_wconf 89' lang='lat' dir='ltr'>Cod.</span> <span class='ocrx_word' id='word_1_437' title='bbox 327 1982 368 2009; x_wconf 75' lang='lat' dir='ltr'>ita</span> <span class='ocrx_word' id='word_1_438' title='bbox 386 1981 517 2010; x_wconf 66' lang='lat' dir='ltr'>exhibet:</span> <span class='ocrx_word' id='word_1_439' title='bbox 534 1981 634 2020; x_wconf 75' lang='lat' dir='ltr'>lageas</span> <span class='ocrx_word' id='word_1_440' title='bbox 649 1981 726 2020; x_wconf 70' lang='lat' dir='ltr'>lagei</span> <span class='ocrx_word' id='word_1_441' title='bbox 740 1982 825 2021; x_wconf 86' lang='lat' dir='ltr'>(quae</span> <span class='ocrx_word' id='word_1_442' title='bbox 841 1981 898 2009; x_wconf 82' lang='lat' dir='ltr'>iam</span> <span class='ocrx_word' id='word_1_443' title='bbox 912 1991 992 2018; x_wconf 85' lang='lat' dir='ltr'>seqq.</span> <span class='ocrx_word' id='word_1_444' title='bbox 1036 1980 1104 2011; x_wconf 84' lang='lat' dir='ltr'>Asc.</span> <span class='ocrx_word' id='word_1_445' title='bbox 1121 1983 1148 2007; x_wconf 88' lang='lat' dir='ltr'>et</span> <span class='ocrx_word' id='word_1_446' title='bbox 1164 1979 1194 2008; x_wconf 88' lang='lat' dir='ltr'>P.</span> <span class='ocrx_word' id='word_1_447' title='bbox 1216 1996 1258 2001; x_wconf 88' lang='lat'>—-</span> <span class='ocrx_word' id='word_1_448' title='bbox 1288 1979 1335 2017; x_wconf 82' lang='lat'>40)</span> <span class='ocrx_word' id='word_1_449' title='bbox 1350 1979 1441 2008; x_wconf 88' lang='lat' dir='ltr'>Totus</span> <span class='ocrx_word' id='word_1_450' title='bbox 1458 1979 1507 2007; x_wconf 85' lang='lat' dir='ltr'>hic</span> <span class='ocrx_word' id='word_1_451' title='bbox 1523 1980 1606 2008; x_wconf 88' lang='lat' dir='ltr'>locus</span> <span class='ocrx_word' id='word_1_452' title='bbox 1623 1980 1663 2008; x_wconf 86' lang='lat' dir='ltr'>ita</span> <span class='ocrx_word' id='word_1_453' title='bbox 1680 1979 1876 2008; x_wconf 80' lang='lat' dir='ltr'>exhibeturin</span> <span class='ocrx_word' id='word_1_454' title='bbox 1891 1976 1980 2004; x_wconf 75' lang='lat' dir='ltr'>Cod·=</span> 
     </span>
    </p>
   </div>
   <div class='ocr_carea' id='block_1_9' title="bbox 40 2021 994 2481">
    <p class='ocr_par' dir='ltr' id='par_1_9' title="bbox 40 2021 994 2481">
     <span class='ocr_line' id='line_1_36' title="bbox 45 2021 994 2064; baseline 0 -14"><span class='ocrx_word' id='word_1_455' title='bbox 45 2032 133 2060; x_wconf 81' lang='lat' dir='ltr'>supra</span> <span class='ocrx_word' id='word_1_456' title='bbox 157 2023 267 2062; x_wconf 84' lang='lat' dir='ltr'>scripta</span> <span class='ocrx_word' id='word_1_457' title='bbox 291 2023 376 2060; x_wconf 86' lang='lat' dir='ltr'>sunt)</span> <span class='ocrx_word' id='word_1_458' title='bbox 398 2025 489 2063; x_wconf 63' lang='lat' dir='ltr'>vet-313⁵</span> <span class='ocrx_word' id='word_1_459' title='bbox 516 2025 662 2064; x_wconf 76' lang='lat' dir='ltr'>tenuisque</span> <span class='ocrx_word' id='word_1_460' title='bbox 686 2023 793 2062; x_wconf 73' lang='lat' dir='ltr'>lageos.</span> <span class='ocrx_word' id='word_1_461' title='bbox 845 2021 994 2061; x_wconf 71' lang='lat' dir='ltr'>Vergilius</span> 
     </span>
     <span class='ocr_line' id='line_1_37' title="bbox 45 2062 990 2105; baseline 0.001 -13"><span class='ocrx_word' id='word_1_462' title='bbox 45 2062 208 2103; x_wconf 75' lang='lat' dir='ltr'>androgeus</span> <span class='ocrx_word' id='word_1_463' title='bbox 223 2064 371 2105; x_wconf 74' lang='lat' dir='ltr'>androgei.</span> <span class='ocrx_word' id='word_1_464' title='bbox 393 2065 468 2094; x_wconf 86' lang='lat' dir='ltr'>Tum</span> <span class='ocrx_word' id='word_1_465' title='bbox 490 2067 577 2094; x_wconf 88' lang='lat' dir='ltr'>Cod.:</span> <span class='ocrx_word' id='word_1_466' title='bbox 594 2077 675 2094; x_wconf 84' lang='lat' dir='ltr'>nam</span> <span class='ocrx_word' id='word_1_467' title='bbox 698 2064 753 2094; x_wconf 86' lang='lat' dir='ltr'>illa</span> <span class='ocrx_word' id='word_1_468' title='bbox 774 2076 846 2094; x_wconf 85' lang='lat' dir='ltr'>corr.</span> <span class='ocrx_word' id='word_1_469' title='bbox 879 2065 990 2093; x_wconf 73' lang='lat' dir='ltr'>111Asc.</span> 
     </span>
     <span class='ocr_line' id='line_1_38' title="bbox 44 2105 992 2147; baseline 0 -13"><span class='ocrx_word' id='word_1_470' title='bbox 44 2111 74 2134; x_wconf 82' lang='lat' dir='ltr'>et</span> <span class='ocrx_word' id='word_1_471' title='bbox 94 2107 141 2135; x_wconf 88' lang='lat' dir='ltr'>P.:</span> <span class='ocrx_word' id='word_1_472' title='bbox 166 2108 310 2147; x_wconf 70' lang='lat' dir='ltr'>tenuisque</span> <span class='ocrx_word' id='word_1_473' title='bbox 323 2107 437 2147; x_wconf 78' lang='lat' dir='ltr'>Lageos</span> <span class='ocrx_word' id='word_1_474' title='bbox 453 2107 631 2147; x_wconf 77' lang='lat' dir='ltr'>Androgeos</span> <span class='ocrx_word' id='word_1_475' title='bbox 650 2112 704 2137; x_wconf 83' lang='lat' dir='ltr'>cet.</span> <span class='ocrx_word' id='word_1_476' title='bbox 749 2108 861 2135; x_wconf 86' lang='lat' dir='ltr'>Nomen</span> <span class='ocrx_word' id='word_1_477' title='bbox 882 2105 992 2144; x_wconf 71' lang='lat' dir='ltr'>Virgi-</span> 
     </span>
     <span class='ocr_line' id='line_1_39' title="bbox 43 2146 990 2187; baseline -0.001 -11"><span class='ocrx_word' id='word_1_478' title='bbox 43 2146 101 2177; x_wconf 78' lang='lat' dir='ltr'>lius</span> <span class='ocrx_word' id='word_1_479' title='bbox 115 2148 160 2177; x_wconf 83' lang='lat' dir='ltr'>bis</span> <span class='ocrx_word' id='word_1_480' title='bbox 177 2150 277 2185; x_wconf 77' lang='lat' dir='ltr'>putavi</span> <span class='ocrx_word' id='word_1_481' title='bbox 293 2150 496 2187; x_wconf 79' lang='lat' dir='ltr'>scribendum,</span> <span class='ocrx_word' id='word_1_482' title='bbox 520 2150 708 2179; x_wconf 83' lang='lat' dir='ltr'>emendatore</span> <span class='ocrx_word' id='word_1_483' title='bbox 724 2149 842 2176; x_wconf 91' lang='lat' dir='ltr'>Codicis</span> <span class='ocrx_word' id='word_1_484' title='bbox 865 2147 990 2179; x_wconf 80' lang='lat' dir='ltr'>iubente,</span> 
     </span>
     <span class='ocr_line' id='line_1_40' title="bbox 42 2190 988 2230; baseline 0.001 -12"><span class='ocrx_word' id='word_1_485' title='bbox 42 2206 85 2212; x_wconf 90' lang='lat'>—</span> <span class='ocrx_word' id='word_1_486' title='bbox 99 2193 144 2227; x_wconf 73' lang='lat'>27)</span> <span class='ocrx_word' id='word_1_487' title='bbox 164 2190 218 2219; x_wconf 74' lang='lat' dir='ltr'>Sin</span> <span class='ocrx_word' id='word_1_488' title='bbox 236 2190 419 2230; x_wconf 78' lang='lat' dir='ltr'>appellativa.</span> <span class='ocrx_word' id='word_1_489' title='bbox 456 2193 497 2220; x_wconf 80' lang='lat' dir='ltr'>lta</span> <span class='ocrx_word' id='word_1_490' title='bbox 515 2198 595 2222; x_wconf 83' lang='lat' dir='ltr'>recte</span> <span class='ocrx_word' id='word_1_491' title='bbox 613 2192 684 2220; x_wconf 85' lang='lat' dir='ltr'>Cod.</span> <span class='ocrx_word' id='word_1_492' title='bbox 719 2192 803 2218; x_wconf 85' lang='lat' dir='ltr'>Deest</span> <span class='ocrx_word' id='word_1_493' title='bbox 818 2191 862 2218; x_wconf 80' lang='lat' dir='ltr'>sin</span> <span class='ocrx_word' id='word_1_494' title='bbox 879 2190 908 2217; x_wconf 88' lang='lat' dir='ltr'>in</span> <span class='ocrx_word' id='word_1_495' title='bbox 921 2190 988 2220; x_wconf 84' lang='lat' dir='ltr'>Asc.</span> 
     </span>
     <span class='ocr_line' id='line_1_41' title="bbox 41 2231 989 2271; baseline 0 -11"><span class='ocrx_word' id='word_1_496' title='bbox 41 2233 73 2261; x_wconf 87' lang='lat' dir='ltr'>P.</span> <span class='ocrx_word' id='word_1_497' title='bbox 87 2249 129 2254; x_wconf 92' lang='lat'>·-</span> <span class='ocrx_word' id='word_1_498' title='bbox 159 2234 206 2270; x_wconf 79' lang='lat'>28)</span> <span class='ocrx_word' id='word_1_499' title='bbox 221 2232 319 2261; x_wconf 75' lang='lat' dir='ltr'>Huius</span> <span class='ocrx_word' id='word_1_500' title='bbox 336 2235 466 2271; x_wconf 77' lang='lat' dir='ltr'>carioris,</span> <span class='ocrx_word' id='word_1_501' title='bbox 487 2234 624 2263; x_wconf 71' lang='lat' dir='ltr'>melior-is.</span> <span class='ocrx_word' id='word_1_502' title='bbox 669 2233 741 2261; x_wconf 86' lang='lat' dir='ltr'>Cod.</span> <span class='ocrx_word' id='word_1_503' title='bbox 755 2233 820 2260; x_wconf 86' lang='lat' dir='ltr'>Asc.</span> <span class='ocrx_word' id='word_1_504' title='bbox 837 2231 921 2260; x_wconf 78' lang='lat' dir='ltr'>huius</span> <span class='ocrx_word' id='word_1_505' title='bbox 936 2243 989 2261; x_wconf 82' lang='lat' dir='ltr'>ca—</span> 
     </span>
     <span class='ocr_line' id='line_1_42' title="bbox 42 2274 988 2313; baseline -0.001 -10"><span class='ocrx_word' id='word_1_506' title='bbox 42 2275 136 2310; x_wconf 72' lang='grc' dir='ltr'><strong><em>ηόνίς,</em></strong></span> <span class='ocrx_word' id='word_1_507' title='bbox 160 2274 244 2303; x_wconf 76' lang='lat' dir='ltr'>huius</span> <span class='ocrx_word' id='word_1_508' title='bbox 260 2274 386 2303; x_wconf 79' lang='lat' dir='ltr'>melioris</span> <span class='ocrx_word' id='word_1_509' title='bbox 401 2276 430 2303; x_wconf 83' lang='lat' dir='ltr'>P.</span> <span class='ocrx_word' id='word_1_510' title='bbox 452 2293 487 2298; x_wconf 89' lang='lat'>—-</span> <span class='ocrx_word' id='word_1_511' title='bbox 533 2276 581 2313; x_wconf 76' lang='lat'>29)</span> <span class='ocrx_word' id='word_1_512' title='bbox 600 2275 670 2303; x_wconf 88' lang='lat' dir='ltr'>Cod.</span> <span class='ocrx_word' id='word_1_513' title='bbox 688 2275 840 2303; x_wconf 82' lang='lat' dir='ltr'>mendose:</span> <span class='ocrx_word' id='word_1_514' title='bbox 857 2281 930 2302; x_wconf 79' lang='lat' dir='ltr'>suni.</span> <span class='ocrx_word' id='word_1_515' title='bbox 945 2290 988 2296; x_wconf 94' lang='lat'>—</span> 
     </span>
     <span class='ocr_line' id='line_1_43' title="bbox 41 2315 986 2356; baseline 0.001 -11"><span class='ocrx_word' id='word_1_516' title='bbox 41 2320 86 2351; x_wconf 90' lang='grc'>30)</span> <span class='ocrx_word' id='word_1_517' title='bbox 112 2316 188 2346; x_wconf 79' lang='lat' dir='ltr'>Vus</span> <span class='ocrx_word' id='word_1_518' title='bbox 207 2315 254 2345; x_wconf 81' lang='lat' dir='ltr'>vel</span> <span class='ocrx_word' id='word_1_519' title='bbox 274 2328 337 2346; x_wconf 75' lang='lat' dir='ltr'>vos</span> <span class='ocrx_word' id='word_1_520' title='bbox 359 2318 423 2345; x_wconf 80' lang='lat' dir='ltr'>Asc.</span> <span class='ocrx_word' id='word_1_521' title='bbox 444 2318 476 2346; x_wconf 87' lang='lat' dir='ltr'>P.</span> <span class='ocrx_word' id='word_1_522' title='bbox 498 2334 541 2340; x_wconf 95' lang='lat'>—-</span> <span class='ocrx_word' id='word_1_523' title='bbox 583 2317 628 2356; x_wconf 86' lang='lat'>31)</span> <span class='ocrx_word' id='word_1_524' title='bbox 646 2316 720 2345; x_wconf 79' lang='lat' dir='ltr'>Sunt</span> <span class='ocrx_word' id='word_1_525' title='bbox 745 2317 812 2345; x_wconf 84' lang='lat' dir='ltr'>add.</span> <span class='ocrx_word' id='word_1_526' title='bbox 830 2316 901 2344; x_wconf 85' lang='lat' dir='ltr'>Cod.</span> <span class='ocrx_word' id='word_1_527' title='bbox 918 2317 986 2346; x_wconf 85' lang='lat' dir='ltr'>Asc.</span> 
     </span>
     <span class='ocr_line' id='line_1_44' title="bbox 40 2357 986 2397; baseline 0 -9"><span class='ocrx_word' id='word_1_528' title='bbox 40 2358 131 2388; x_wconf 81' lang='lat' dir='ltr'>Abest</span> <span class='ocrx_word' id='word_1_529' title='bbox 147 2360 178 2388; x_wconf 91' lang='lat' dir='ltr'>P.</span> <span class='ocrx_word' id='word_1_530' title='bbox 203 2375 243 2380; x_wconf 93' lang='lat'>—</span> <span class='ocrx_word' id='word_1_531' title='bbox 287 2360 334 2397; x_wconf 60' lang='grc' dir='ltr'>δί’)</span> <span class='ocrx_word' id='word_1_532' title='bbox 355 2357 458 2388; x_wconf 80' lang='lat' dir='ltr'>Cervus</span> <span class='ocrx_word' id='word_1_533' title='bbox 476 2359 523 2388; x_wconf 81' lang='lat' dir='ltr'>vel</span> <span class='ocrx_word' id='word_1_534' title='bbox 544 2370 641 2388; x_wconf 79' lang='lat' dir='ltr'>cervos</span> <span class='ocrx_word' id='word_1_535' title='bbox 661 2358 745 2387; x_wconf 79' lang='lat' dir='ltr'>huius</span> <span class='ocrx_word' id='word_1_536' title='bbox 768 2360 858 2394; x_wconf 78' lang='lat' dir='ltr'>cervi,</span> <span class='ocrx_word' id='word_1_537' title='bbox 885 2369 986 2388; x_wconf 78' lang='lat' dir='ltr'>neruus</span> 
     </span>
     <span class='ocr_line' id='line_1_45' title="bbox 40 2400 985 2438; baseline -0.001 -8"><span class='ocrx_word' id='word_1_538' title='bbox 40 2400 86 2430; x_wconf 82' lang='lat' dir='ltr'>vel</span> <span class='ocrx_word' id='word_1_539' title='bbox 103 2412 204 2430; x_wconf 79' lang='lat' dir='ltr'>nervos</span> <span class='ocrx_word' id='word_1_540' title='bbox 224 2400 308 2429; x_wconf 78' lang='lat' dir='ltr'>huius</span> <span class='ocrx_word' id='word_1_541' title='bbox 331 2402 417 2430; x_wconf 80' lang='lat' dir='ltr'>nervi.</span> <span class='ocrx_word' id='word_1_542' title='bbox 442 2402 513 2431; x_wconf 87' lang='lat' dir='ltr'>Cod.</span> <span class='ocrx_word' id='word_1_543' title='bbox 557 2400 660 2430; x_wconf 83' lang='lat' dir='ltr'>Cervus</span> <span class='ocrx_word' id='word_1_544' title='bbox 682 2400 729 2429; x_wconf 87' lang='lat' dir='ltr'>vel</span> <span class='ocrx_word' id='word_1_545' title='bbox 747 2412 860 2438; x_wconf 75' lang='lat' dir='ltr'>cervos,</span> <span class='ocrx_word' id='word_1_546' title='bbox 884 2412 985 2430; x_wconf 78' lang='lat' dir='ltr'>nervus</span> 
     </span>
     <span class='ocr_line' id='line_1_46' title="bbox 42 2441 982 2481; baseline 0.003 -11"><span class='ocrx_word' id='word_1_547' title='bbox 42 2441 87 2471; x_wconf 76' lang='lat' dir='ltr'>vel</span> <span class='ocrx_word' id='word_1_548' title='bbox 106 2454 222 2479; x_wconf 82' lang='lat' dir='ltr'>nervos,</span> <span class='ocrx_word' id='word_1_549' title='bbox 246 2442 331 2472; x_wconf 76' lang='lat' dir='ltr'>huius</span> <span class='ocrx_word' id='word_1_550' title='bbox 353 2444 431 2472; x_wconf 77' lang='lat' dir='ltr'>ner-vi</span> <span class='ocrx_word' id='word_1_551' title='bbox 452 2444 517 2473; x_wconf 83' lang='lat' dir='ltr'>Asc.</span> <span class='ocrx_word' id='word_1_552' title='bbox 534 2443 566 2473; x_wconf 91' lang='lat' dir='ltr'>P.</span> <span class='ocrx_word' id='word_1_553' title='bbox 586 2459 626 2465; x_wconf 94' lang='lat'>--</span> <span class='ocrx_word' id='word_1_554' title='bbox 668 2443 714 2481; x_wconf 81' lang='lat'>33)</span> <span class='ocrx_word' id='word_1_555' title='bbox 737 2442 899 2472; x_wconf 76' lang='lat' dir='ltr'>Genitivum</span> <span class='ocrx_word' id='word_1_556' title='bbox 914 2444 982 2473; x_wconf 84' lang='lat' dir='ltr'>Asc.</span> 
     </span>
    </p>
   </div>
   <div class='ocr_carea' id='block_1_10' title="bbox 1026 2017 1981 2441">
    <p class='ocr_par' dir='ltr' id='par_1_10' title="bbox 1026 2017 1981 2441">
     <span class='ocr_line' id='line_1_47' title="bbox 1035 2017 1981 2061; baseline -0.002 -12"><span class='ocrx_word' id='word_1_557' title='bbox 1035 2020 1105 2049; x_wconf 80' lang='lat' dir='ltr'>Hae</span> <span class='ocrx_word' id='word_1_558' title='bbox 1121 2022 1193 2050; x_wconf 78' lang='lat' dir='ltr'>vires</span> <span class='ocrx_word' id='word_1_559' title='bbox 1208 2019 1329 2050; x_wconf 75' lang='lat' dir='ltr'>lucetius</span> <span class='ocrx_word' id='word_1_560' title='bbox 1350 2029 1446 2051; x_wconf 70' lang='lat' dir='ltr'>tamen</span> <span class='ocrx_word' id='word_1_561' title='bbox 1460 2033 1577 2050; x_wconf 80' lang='lat' dir='ltr'>numero</span> <span class='ocrx_word' id='word_1_562' title='bbox 1588 2020 1701 2061; x_wconf 79' lang='lat' dir='ltr'>plurali</span> <span class='ocrx_word' id='word_1_563' title='bbox 1720 2021 1775 2050; x_wconf 75' lang='lat' dir='ltr'>Izae</span> <span class='ocrx_word' id='word_1_564' title='bbox 1793 2019 1898 2048; x_wconf 85' lang='lat' dir='ltr'>vires</span> <span class='ocrx_word' id='word_1_565' title='bbox 1920 2017 1981 2054; x_wconf 79' lang='lat' dir='ltr'>(sic</span> 
     </span>
     <span class='ocr_line' id='line_1_48' title="bbox 1035 2059 1979 2102; baseline -0.003 -11"><span class='ocrx_word' id='word_1_566' title='bbox 1035 2063 1148 2091; x_wconf 83' lang='lat' dir='ltr'>duabus</span> <span class='ocrx_word' id='word_1_567' title='bbox 1164 2064 1267 2091; x_wconf 88' lang='lat' dir='ltr'>mediis</span> <span class='ocrx_word' id='word_1_568' title='bbox 1287 2063 1395 2092; x_wconf 82' lang='lat' dir='ltr'>litteris</span> <span class='ocrx_word' id='word_1_569' title='bbox 1413 2076 1442 2092; x_wconf 89' lang='lat' dir='ltr'>re</span> <span class='ocrx_word' id='word_1_570' title='bbox 1458 2064 1622 2102; x_wconf 86' lang='lat' dir='ltr'>traductis)</span> <span class='ocrx_word' id='word_1_571' title='bbox 1640 2071 1665 2092; x_wconf 81' lang='lat' dir='ltr'>et</span> <span class='ocrx_word' id='word_1_572' title='bbox 1681 2063 1734 2092; x_wconf 74' lang='lat' dir='ltr'>has</span> <span class='ocrx_word' id='word_1_573' title='bbox 1755 2062 1798 2090; x_wconf 79' lang='lat' dir='ltr'>vis</span> <span class='ocrx_word' id='word_1_574' title='bbox 1814 2059 1869 2102; x_wconf 82' lang='lat' dir='ltr'>(sic</span> <span class='ocrx_word' id='word_1_575' title='bbox 1886 2061 1979 2095; x_wconf 77' lang='lat' dir='ltr'>clare)</span> 
     </span>
     <span class='ocr_line' id='line_1_49' title="bbox 1034 2103 1978 2145; baseline -0.001 -11"><span class='ocrx_word' id='word_1_576' title='bbox 1034 2112 1065 2133; x_wconf 78' lang='lat' dir='ltr'>ui</span> <span class='ocrx_word' id='word_1_577' title='bbox 1086 2106 1123 2134; x_wconf 78' lang='lat' dir='ltr'>sit</span> <span class='ocrx_word' id='word_1_578' title='bbox 1133 2104 1245 2145; x_wconf 80' lang='lat' dir='ltr'>plurali</span> <span class='ocrx_word' id='word_1_579' title='bbox 1264 2112 1289 2134; x_wconf 82' lang='lat' dir='ltr'>et</span> <span class='ocrx_word' id='word_1_580' title='bbox 1310 2105 1365 2134; x_wconf 78' lang='lat' dir='ltr'>hae</span> <span class='ocrx_word' id='word_1_581' title='bbox 1376 2107 1418 2134; x_wconf 82' lang='lat' dir='ltr'>vis</span> <span class='ocrx_word' id='word_1_582' title='bbox 1435 2106 1488 2134; x_wconf 76' lang='lat' dir='ltr'>kas</span> <span class='ocrx_word' id='word_1_583' title='bbox 1506 2107 1549 2135; x_wconf 80' lang='lat' dir='ltr'>vis</span> <span class='ocrx_word' id='word_1_584' title='bbox 1572 2118 1588 2136; x_wconf 92' lang='grc' dir='ltr'><strong>ο</strong></span> <span class='ocrx_word' id='word_1_585' title='bbox 1603 2107 1654 2135; x_wconf 77' lang='lat' dir='ltr'>vis.</span> <span class='ocrx_word' id='word_1_586' title='bbox 1698 2104 1762 2132; x_wconf 77' lang='lat' dir='ltr'>Alia</span> <span class='ocrx_word' id='word_1_587' title='bbox 1782 2103 1898 2132; x_wconf 78' lang='lat' dir='ltr'>suntin</span> <span class='ocrx_word' id='word_1_588' title='bbox 1912 2104 1978 2131; x_wconf 84' lang='lat' dir='ltr'>Asc-</span> 
     </span>
     <span class='ocr_line' id='line_1_50' title="bbox 1034 2144 1979 2186; baseline -0.002 -11"><span class='ocrx_word' id='word_1_589' title='bbox 1034 2152 1062 2175; x_wconf 87' lang='lat' dir='ltr'>et</span> <span class='ocrx_word' id='word_1_590' title='bbox 1079 2149 1126 2178; x_wconf 81' lang='lat' dir='ltr'>P.:</span> <span class='ocrx_word' id='word_1_591' title='bbox 1141 2147 1195 2176; x_wconf 78' lang='grc' dir='ltr'>Ῐιαε</span> <span class='ocrx_word' id='word_1_592' title='bbox 1207 2149 1288 2177; x_wconf 81' lang='lat' dir='ltr'>vires.</span> <span class='ocrx_word' id='word_1_593' title='bbox 1318 2147 1473 2177; x_wconf 70' lang='lat' dir='ltr'>Lucretius</span> <span class='ocrx_word' id='word_1_594' title='bbox 1488 2156 1582 2177; x_wconf 76' lang='lat' dir='ltr'>lamen</span> <span class='ocrx_word' id='word_1_595' title='bbox 1601 2158 1717 2175; x_wconf 83' lang='lat' dir='ltr'>numero</span> <span class='ocrx_word' id='word_1_596' title='bbox 1731 2144 1845 2186; x_wconf 77' lang='lat' dir='ltr'>plur‘ali</span> <span class='ocrx_word' id='word_1_597' title='bbox 1859 2145 1913 2174; x_wconf 76' lang='lat' dir='ltr'>hae</span> <span class='ocrx_word' id='word_1_598' title='bbox 1927 2145 1979 2173; x_wconf 82' lang='grc' dir='ltr'>υἰ-</span> 
     </span>
     <span class='ocr_line' id='line_1_51' title="bbox 1033 2185 1979 2228; baseline -0.003 -10"><span class='ocrx_word' id='word_1_599' title='bbox 1033 2201 1076 2218; x_wconf 84' lang='lat' dir='ltr'>res</span> <span class='ocrx_word' id='word_1_600' title='bbox 1090 2197 1115 2218; x_wconf 83' lang='lat' dir='ltr'>et</span> <span class='ocrx_word' id='word_1_601' title='bbox 1132 2189 1186 2218; x_wconf 71' lang='lat' dir='ltr'>has</span> <span class='ocrx_word' id='word_1_602' title='bbox 1204 2191 1256 2226; x_wconf 83' lang='lat' dir='ltr'>vis,</span> <span class='ocrx_word' id='word_1_603' title='bbox 1272 2198 1302 2219; x_wconf 84' lang='lat' dir='ltr'>ut</span> <span class='ocrx_word' id='word_1_604' title='bbox 1319 2191 1357 2218; x_wconf 81' lang='lat' dir='ltr'>sit</span> <span class='ocrx_word' id='word_1_605' title='bbox 1375 2202 1477 2219; x_wconf 82' lang='lat' dir='ltr'>nomen</span> <span class='ocrx_word' id='word_1_606' title='bbox 1493 2192 1565 2219; x_wconf 77' lang='lat' dir='ltr'>vires</span> <span class='ocrx_word' id='word_1_607' title='bbox 1584 2200 1700 2218; x_wconf 81' lang='lat' dir='ltr'>numero</span> <span class='ocrx_word' id='word_1_608' title='bbox 1722 2200 1830 2228; x_wconf 86' lang='lat' dir='ltr'>semper</span> <span class='ocrx_word' id='word_1_609' title='bbox 1847 2185 1979 2228; x_wconf 86' lang='lat' dir='ltr'>plurali,·</span> 
     </span>
     <span class='ocr_line' id='line_1_52' title="bbox 1030 2228 1978 2269; baseline -0.005 -9"><span class='ocrx_word' id='word_1_610' title='bbox 1030 2239 1056 2260; x_wconf 84' lang='lat' dir='ltr'>et</span> <span class='ocrx_word' id='word_1_611' title='bbox 1071 2231 1142 2261; x_wconf 78' lang='lat' dir='ltr'>haec</span> <span class='ocrx_word' id='word_1_612' title='bbox 1157 2233 1208 2269; x_wconf 83' lang='lat' dir='ltr'>vis,</span> <span class='ocrx_word' id='word_1_613' title='bbox 1231 2232 1286 2261; x_wconf 81' lang='lat' dir='ltr'>lzae</span> <span class='ocrx_word' id='word_1_614' title='bbox 1302 2233 1354 2268; x_wconf 78' lang='lat' dir='ltr'>vis,</span> <span class='ocrx_word' id='word_1_615' title='bbox 1373 2232 1425 2261; x_wconf 77' lang='lat' dir='ltr'>has</span> <span class='ocrx_word' id='word_1_616' title='bbox 1439 2234 1492 2265; x_wconf 83' lang='lat' dir='ltr'>vis,</span> <span class='ocrx_word' id='word_1_617' title='bbox 1516 2243 1533 2260; x_wconf 90' lang='lat' dir='ltr'>o</span> <span class='ocrx_word' id='word_1_618' title='bbox 1548 2232 1592 2260; x_wconf 79' lang='lat' dir='ltr'>vis</span> <span class='ocrx_word' id='word_1_619' title='bbox 1606 2236 1660 2260; x_wconf 82' lang='lat' dir='ltr'>cet.</span> <span class='ocrx_word' id='word_1_620' title='bbox 1701 2231 1783 2267; x_wconf 80' lang='lat' dir='ltr'>Quae</span> <span class='ocrx_word' id='word_1_621' title='bbox 1800 2240 1885 2269; x_wconf 83' lang='lat' dir='ltr'>quam</span> <span class='ocrx_word' id='word_1_622' title='bbox 1902 2228 1978 2257; x_wconf 82' lang='lat' dir='ltr'>male</span> 
     </span>
     <span class='ocr_line' id='line_1_53' title="bbox 1030 2272 1977 2313; baseline -0.005 -11"><span class='ocrx_word' id='word_1_623' title='bbox 1030 2283 1059 2302; x_wconf 88' lang='lat' dir='ltr'>se</span> <span class='ocrx_word' id='word_1_624' title='bbox 1076 2273 1209 2311; x_wconf 80' lang='lat' dir='ltr'>habeant,</span> <span class='ocrx_word' id='word_1_625' title='bbox 1223 2280 1328 2313; x_wconf 80' lang='lat' dir='ltr'>sponte</span> <span class='ocrx_word' id='word_1_626' title='bbox 1345 2275 1530 2312; x_wconf 81' lang='lat' dir='ltr'>intelligitur.</span> <span class='ocrx_word' id='word_1_627' title='bbox 1575 2274 1675 2313; x_wconf 83' lang='lat' dir='ltr'>Lectio</span> <span class='ocrx_word' id='word_1_628' title='bbox 1693 2274 1762 2302; x_wconf 88' lang='lat' dir='ltr'>Cod.</span> <span class='ocrx_word' id='word_1_629' title='bbox 1781 2272 1874 2301; x_wconf 84' lang='lat' dir='ltr'>nostri</span> <span class='ocrx_word' id='word_1_630' title='bbox 1892 2279 1977 2299; x_wconf 86' lang='lat' dir='ltr'>omne</span> 
     </span>
     <span class='ocr_line' id='line_1_54' title="bbox 1028 2312 1975 2355; baseline -0.006 -10"><span class='ocrx_word' id='word_1_631' title='bbox 1028 2317 1136 2345; x_wconf 89' lang='lat' dir='ltr'>vulnus</span> <span class='ocrx_word' id='word_1_632' title='bbox 1150 2322 1293 2355; x_wconf 76' lang='lat' dir='ltr'>persanat.</span> <span class='ocrx_word' id='word_1_633' title='bbox 1319 2317 1453 2345; x_wconf 87' lang='lat' dir='ltr'>Ceterum</span> <span class='ocrx_word' id='word_1_634' title='bbox 1462 2316 1620 2355; x_wconf 84' lang='lat' dir='ltr'>respicitur</span> <span class='ocrx_word' id='word_1_635' title='bbox 1629 2312 1975 2346; x_wconf 80' lang='lat' dir='ltr'>LucretiilocusLib.Ill,</span> 
     </span>
     <span class='ocr_line' id='line_1_55' title="bbox 1027 2353 1973 2399; baseline -0.005 -12"><span class='ocrx_word' id='word_1_636' title='bbox 1027 2361 1098 2391; x_wconf 82' lang='lat'>266.</span> <span class='ocrx_word' id='word_1_637' title='bbox 1142 2358 1201 2387; x_wconf 75' lang='lat' dir='ltr'>Sed</span> <span class='ocrx_word' id='word_1_638' title='bbox 1214 2360 1300 2399; x_wconf 81' lang='lat' dir='ltr'>quasi</span> <span class='ocrx_word' id='word_1_639' title='bbox 1315 2358 1422 2388; x_wconf 80' lang='lat' dir='ltr'>multae</span> <span class='ocrx_word' id='word_1_640' title='bbox 1438 2361 1482 2388; x_wconf 75' lang='lat' dir='ltr'>vis</span> <span class='ocrx_word' id='word_1_641' title='bbox 1496 2360 1581 2388; x_wconf 78' lang='lat' dir='ltr'>unius</span> <span class='ocrx_word' id='word_1_642' title='bbox 1596 2359 1726 2398; x_wconf 82' lang='lat' dir='ltr'>corporis</span> <span class='ocrx_word' id='word_1_643' title='bbox 1742 2363 1868 2386; x_wconf 67' lang='lat' dir='ltr'>exstant.</span> <span class='ocrx_word' id='word_1_644' title='bbox 1892 2353 1973 2382; x_wconf 87' lang='lat' dir='ltr'>Adde</span> 
     </span>
     <span class='ocr_line' id='line_1_56' title="bbox 1026 2399 1973 2441; baseline -0.006 -12"><span class='ocrx_word' id='word_1_645' title='bbox 1026 2401 1122 2432; x_wconf 85' lang='lat' dir='ltr'>Eund.</span> <span class='ocrx_word' id='word_1_646' title='bbox 1140 2401 1175 2438; x_wconf 89' lang='lat' dir='ltr'>ll,</span> <span class='ocrx_word' id='word_1_647' title='bbox 1194 2404 1264 2434; x_wconf 84' lang='lat'>587.</span> <span class='ocrx_word' id='word_1_648' title='bbox 1310 2403 1352 2430; x_wconf 87' lang='lat' dir='ltr'>Cs.</span> <span class='ocrx_word' id='word_1_649' title='bbox 1372 2412 1446 2440; x_wconf 83' lang='lat' dir='ltr'>quae</span> <span class='ocrx_word' id='word_1_650' title='bbox 1463 2402 1501 2430; x_wconf 84' lang='lat' dir='ltr'>ad</span> <span class='ocrx_word' id='word_1_651' title='bbox 1516 2402 1646 2441; x_wconf 80' lang='lat' dir='ltr'>priorem</span> <span class='ocrx_word' id='word_1_652' title='bbox 1658 2399 1787 2429; x_wconf 82' lang='lat' dir='ltr'>Lucretii</span> <span class='ocrx_word' id='word_1_653' title='bbox 1803 2399 1902 2426; x_wconf 88' lang='lat' dir='ltr'>locum</span> <span class='ocrx_word' id='word_1_654' title='bbox 1915 2404 1973 2423; x_wconf 90' lang='lat' dir='ltr'>nu-</span> 
     </span>
    </p>
   </div>
   <div class='ocr_carea' id='block_1_11' title="bbox 1024 2443 1440 2483">
    <p class='ocr_par' dir='ltr' id='par_1_11' title="bbox 1024 2443 1440 2483">
     <span class='ocr_line' id='line_1_57' title="bbox 1024 2443 1440 2483; baseline 0.007 -11"><span class='ocrx_word' id='word_1_655' title='bbox 1024 2453 1078 2483; x_wconf 85' lang='lat' dir='ltr'>per</span> <span class='ocrx_word' id='word_1_656' title='bbox 1096 2444 1214 2473; x_wconf 85' lang='lat' dir='ltr'>notavit</span> <span class='ocrx_word' id='word_1_657' title='bbox 1228 2443 1377 2483; x_wconf 79' lang='lat' dir='ltr'>Forbiger.</span> <span class='ocrx_word' id='word_1_658' title='bbox 1398 2460 1440 2467; x_wconf 94' lang='lat'>--</span> 
     </span>
    </p>
   </div>
  </div>
 </body>
</html>
