2263 2668
217 176 288 209 140
630 174 773 208 PAULI
799 173 919 207 DIAC.
946 173 1204 208 EXCERPTA
1230 176 1293 209 EX
1319 176 1407 210 LIB.
1437 178 1579 212 POMP.
1609 179 1747 212 FESTI

219 263 488 314 Strufertarios'
513 266 684 305 dicebant,
711 266 768 310 qui
792 264 981 310 quaedam²
1001 267 1161 302 sacrificia
1186 268 1230 301 ad
1257 269 1393 303 arbores
1421 269 1619 316 fulguritas³
1644 273 1830 316 faciebant,
1858 285 1877 306 a
1895 273 1996 319 serto
2019 276 2168 311 scilicet⁴

320 320 466 362 quodam
493 318 644 351 sacrificii
670 329 804 361 genere.

222 371 443 404 Silicerninm
478 374 548 401 erat
579 365 706 413 genus⁵
732 369 927 410 farciminis,
976 381 1044 413 quo
1072 369 1151 403 fletu
1179 369 1328 404 familia⁶
1355 372 1594 417 purgabatur⁷.
1657 375 1790 408 Dictum
1819 381 1928 409 autem
1956 378 2168 419 silicernium,

321 422 395 464 quia
423 420 513 452 cuius
539 420 672 453 nomine
699 432 739 453 ea
766 432 818 453 res
844 421 1087 463 instituebatur,
1123 422 1148 454 is
1174 420 1261 455 iamfl
1282 421 1468 457 silentium*³
1489 432 1647 460 cerneret.
1703 426 1885 460 Caecilius:

590 471 739 505 Credidi
764 472 977 505 silicernium
1004 473 1077 506 eius
1103 484 1159 506 me
1186 485 1260 508 esse
1287 486 1434 510 esurum.

221 523 354 556 &udum
382 523 524 565 siccum,
566 523 659 566 quasi
684 524 844 564 seudum,
878 524 912 556 id
941 529 989 557 est
1015 524 1083 558 sine
1110 525 1188 558 udo.

219 574 370 607 Securus
381 569 405 589 ¹⁰
426 573 494 606 sine
518 585 607 608 cura.

218 624 382 658 Sublesta
408 625 537 658 infirma
565 631 597 658 et
622 626 742 659 tenuia.
797 626 953 660 Plautus:

589 677 746 710 Gravior
766 682 970 722 paupertas
983 676 1054 723 fil,
1089 677 1193 724 fides
1219 678 1413 721 sublestior,

319 727 351 759 id
381 733 429 760 est
455 727 626 762 infirmior.
689 729 786 762 Idem
819 730 930 762 vinum
959 726 1037 762 ait¹l
1060 729 1363 771 sublestissimum,
1412 733 1490 775 quia
1521 733 1668 766 infirmos
1702 731 1835 767 faeiat¹²
1863 735 1915 767 vel
1943 745 2086 779 corpore
2114 735 2165 767 vel

316 779 426 810 animo
439 775 472 812 ¹³.

215 831 324 862 Sec-us
350 830 461 868 aliter;
504 831 604 864 haud
629 843 745 873 secus,
780 843 847 864 non
875 832 978 866 aliter.

217 881 350 925 Stipem
384 893 453 914 esse
486 894 657 916 nummmn
691 880 889 928 signatumn
916 884 1101 917 testimonio
1136 890 1183 916 est
1211 890 1242 917 et
1268 884 1303 917 id
1315 881 1348 926 ¹⁵,
1396 886 1489 929 quod
1524 885 1621 919 datur
1648 888 1680 919 in
1694 884 1716 903 ¹⁰
1744 887 1945 932 stipendium
1974 887 2087 927 militi,
2135 892 2167 920 et

316 944 418 975 quum
430 929 453 949 ¹⁷
473 934 656 979 spondetur
682 935 841 979 pecunia,
883 936 976 978 quod
1001 936 1167 980 stipulari
1195 936 1325 968 dicitur.

216 982 384 1017 sobrinus
410 990 457 1017 est
484 987 587 1030 patris
615 987 678 1020 mei
706 987 893 1020 consobrini
905 984 928 1004 ¹⁸
948 987 1036 1020 filius
1063 993 1095 1020 et
1122 987 1232 1019 matris
1260 999 1354 1020 meae
1382 988 1602 1021 consobrinae
1614 984 1636 1004 ¹⁹
1659 990 1756 1022 filius.

215 1034 402 1068 Sororiare
429 1049 593 1071 mammae
621 1038 775 1071 dicuntur
801 1039 1007 1083 puellarum,
1052 1050 1155 1082 quum
1183 1039 1328 1083 primum
1357 1044 1551 1073 tumescunt.

215 1085 381 1132 Sum-egit
410 1093 441 1120 et
466 1093 581 1122 sortus
607 1101 670 1133 pro
696 1090 850 1133 surrexit,
887 1095 920 1123 et
946 1090 1038 1134 quasi
1065 1090 1168 1134 possit
1194 1091 1265 1123 fieri
1292 1096 1473 1132 surrectus,
1508 1092 1699 1135 frequenter
1726 1093 1837 1137 posuit
1859 1093 1982 1125 Livius.

214 1137 300 1171 Sors
327 1145 359 1171 et
386 1140 621 1183 patrimonium
647 1142 822 1186 significat.
875 1141 976 1175 Unde
1003 1147 1168 1175 consortes
1196 1142 1352 1181 dicimus3
1384 1148 1416 1175 et
1442 1143 1497 1176 dei
1525 1154 1720 1188 responsum
1749 1150 1781 1177 et
1808 1144 1901 1188 quod
1928 1144 2050 1187 cuique
2076 1142 2165 1176 acci-

316 1190 364 1222 dit
389 1191 422 1223 in
448 1193 627 1227 sortiendo.

212 1239 386 1274 Sorucum
413 1248 479 1284 est,
519 1255 586 1288 quo
613 1248 806 1277 ornamenta
832 1249 1006 1288 portantur
1033 1245 1250 1278 scenicorum.

213 1291 375 1326 Sobrium
403 1294 510 1328 vicum
537 1297 668 1329 Romae
696 1296 822 1329 dictum
849 1292 1012 1340 putant20,
1056 1297 1109 1329 vel
1136 1297 1229 1340 quod
1256 1297 1288 1329 in
1317 1308 1357 1329 eo
1385 1297 1475 1330 nulla
1502 1294 1672 1330 tabernam
1696 1298 1814 1338 fuerit,
1864 1297 1916 1330 vel
1945 1297 2038 1340 quod
2065 1297 2097 1329 in
2125 1307 2164 1329 eo

312 1344 484 1379 Mercurio
511 1347 616 1388 lacte,
658 1358 725 1380 non
751 1347 826 1380 vino
854 1348 1115 1392 supplicabatur.

213 1395 301 1429 Sons
326 1407 465 1436 nocens;
499 1399 613 1432 insons
638 1400 805 1432 innocens.

212 1446 363 1481 Sodales
389 1448 486 1488 dicti.
520 1451 614 1494 quod
642 1463 704 1484 una
731 1450 885 1484 sederent
912 1455 945 1482 et
973 1455 1095 1492 essent,
1130 1451 1183 1483 vel
1210 1450 1302 1494 quod
1331 1462 1370 1484 ex
1397 1462 1455 1483 suo
1484 1447 1602 1483 (ἱειῐίς22
1626 1451 1712 1484 vesci
1739 1450 1830 1484 soliti
1857 1446 1964 1491 sint²³,
1991 1451 2043 1483 vel
2072 1449 2163 1493 quod

311 1500 395 1532 inter
422 1513 456 1534 se
482 1503 622 1536 invicem
650 1499 871 1543 suaderentffl,
909 1502 1002 1546 quod
1030 1503 1110 1535 utile
1137 1506 1230 1535 esset.

213 1548 323 1584 sodes
350 1552 376 1584 si
403 1553 521 1595 audes,
549 1551 617 1586 ut²⁶
639 1554 686 1587 sis
712 1565 775 1598 pro
803 1554 827 1587 si
855 1554 921 1593 vis,
949 1558 982 1586 et
1007 1553 1101 1587 illico
1128 1565 1191 1598 pro
1218 1554 1250 1586 in
1277 1553 1366 1586 loco.
1413 1553 1589 1586 Terentius
1616 1554 1648 1586 in
1658 1550 1683 1570 ²⁵⁵
1705 1552 1849 1586 Andria:

579 1605 667 1647 Dic,
702 1606 822 1646 sodes,
864 1605 941 1650 quis
967 1605 1045 1638 heri
1078 1605 1287 1649 Chrysidem
1312 1605 1460 1638 habuit?

214 1651 342 1686 Surum
353 1651 376 1671 ²⁷
398 1655 571 1697 (licebant,
598 1669 637 1690 ex
664 1669 732 1700 quo
760 1669 821 1702 per
848 1656 1109 1690 deminutionem
1137 1657 1174 1689 fit
1199 1653 1391 1690 surculus²³.
1442 1656 1585 1689 Ennius:

585 1709 682 1742 Unus
707 1705 842 1742 surus'ffl
865 1719 986 1741 surum
1002 1708 1141 1754 ferret,
1174 1712 1292 1741 tamen
1319 1707 1514 1753 defendere
1536 1711 1664 1752 posset.

215 1753 384 1790 Surremil
394 1755 419 1776 ³⁰
441 1760 578 1804 sumpsit
587 1757 611 1777 ³¹
621 1771 630 1793 :

581 1811 692 1856 Inque
718 1809 877 1845 ηιαηιιεῑ32
896 1812 1060 1845 surremit
1088 1811 1229 1845 hastam
1239 1808 1273 1842 ³³.

217 1854 427 1903 Surrempsit
439 1858 463 1878 ³¹
490 1863 665 1898 sustulerit.

300 1971 329 2012 1)
358 1977 590 2020 Strufertarios]
622 1982 671 2010 Sic
693 1982 723 2011 L.
746 1982 778 2012 Β,
802 1981 830 2009 S.
883 1981 1108 2018 Serufhrtarios
1129 1980 1165 2008 Μ.
1210 1990 1266 2009 om.
1282 1979 1337 2008 Cu.
1351 1982 1377 2011 1.
1392 1980 1420 2008 S.
1444 1996 1477 2000 —
1501 1981 1547 2016 17)
1571 1977 1676 2017 quum]
1701 1977 1784 2016 quod
1798 1977 1827 2005 Β.
1851 1994 1882 1998 -
1909 1977 1954 2014 18)
1979 1973 2160 2011 consobrim]

217 2014 273 2043 ΟΠ·
290 2017 316 2046 Ῑ·
332 2018 359 2047 2·
380 2029 426 2056 Pl·-
459 2037 494 2043 -
527 2025 555 2061 Ξ)
578 2024 745 2063 quaedam]
772 2035 830 2053 om.
848 2024 879 2053 L.
908 2039 949 2044 —
975 2026 1005 2060 3)
1020 2022 1166 2063 fulgur-‚J
1209 2023 1406 2051 consobrinus
1424 2023 1453 2051 L.
1486 2038 1520 2042 —
1555 2020 1600 2061 19)
1624 2019 1837 2060 consobrinae]
1859 2019 2056 2048 consobrinus
2071 2017 2104 2046 L.
2121 2032 2162 2038 ·-

207 2058 330 2096 fl‘lgffl‘·
351 2059 388 2086 M·
413 2062 468 2092 GU.
487 2066 512 2094 1.
527 2067 556 2095 2.
579 2078 622 2103 pr.
652 2084 694 2089 —
722 2065 754 2107 4)
781 2065 915 2104 scilicet]
945 2077 1000 2095 om.
1018 2068 1051 2095 B.
1074 2084 1116 2090 —
1137 2066 1165 2106 5)
1209 2064 1255 2105 ΞΟ)
1279 2064 1395 2093 dictum
1405 2063 1532 2103 putant]
1551 2070 1687 2102 putatur
1701 2063 1818 2091 dictum
1832 2063 1864 2091 B.
1902 2061 2162 2100 dia-tumputatur

212 2111 309 2138 gemm
324 2102 422 2140 sara}
452 2105 605 2141 quoddam
624 2120 689 2147 gen.
706 2111 793 2147 sare.
814 2109 846 2140 L.
896 2111 1006 2148 gratia
1022 2111 1108 2147 fare.
1131 2110 1163 2140 Β,
1209 2108 1247 2137 Μ.
1266 2108 1322 2137 Gu.
1332 2111 1360 2141 2.
1383 2124 1426 2129 —
1447 2109 1492 2144 21)
1516 2106 1604 2135 nulla
1618 2106 1691 2145 inlr]
1713 2107 1763 2134 Sic
1777 2107 1809 2136 L.
1825 2106 1858 2137 B.
1874 2105 2006 2137 Gu.1.2.
2049 2102 2161 2132 tabern.

215 2160 257 2164 —
278 2142 307 2182 6)
320 2145 470 2183 familia]
484 2149 632 2182 familiae
644 2152 673 2179 B.
695 2169 735 2174 —
758 2151 786 2193 7)
807 2151 1023 2191 purgabatur]
1040 2163 1164 2191 purga-
1207 2151 1286 2180 null.
1302 2151 1381 2188 vulg.
1404 2165 1445 2172 —
1467 2148 1513 2188 225)
1535 2148 1632 2189 datis]
1658 2149 1789 2188 dapibus
1803 2149 1833 2178 S.
1858 2165 1893 2170 -
1918 2149 1968 2185 23)
1987 2145 2068 2185 sint]
2091 2150 2161 2173 sunt

216 2185 328 2213 [mutus
350 2187 379 2214 [⁴-
405 2203 439 2207 —
467 2186 495 2228 8)
519 2191 597 2229 iam]
622 2198 685 2220 tum
709 2195 738 2222 L.
761 2212 802 2217 —
823 2195 852 2233 9)
874 2195 1047 2233 silentium]
1070 2197 1119 2224 Sic
1133 2196 1163 2224 L.
1207 2204 1254 2232 pr.
1276 2209 1318 2215 --
1339 2190 1386 2232 24)
1408 2191 1584 2230 suaderent]
1608 2203 1665 2220 sua
1681 2191 1827 2220 darentur
1838 2191 1870 2219 L.
1914 2201 1973 2219 sua
1989 2188 2116 2218 daretur
2126 2187 2159 2216 B.

216 2228 248 2256 B·
263 2228 302 2257 M·
321 2229 376 2258 Gu·
394 2232 420 2260 1·
437 2232 467 2260 2·
482 2241 527 2268 Pr·
569 2233 681 2261 silicem
696 2237 772 2274 vulg.
792 2242 820 2266 et
836 2238 912 2266 scal.
936 2254 975 2259 —
1001 2237 1046 2277 10)
1069 2239 1163 2266 Secu-
1207 2247 1264 2264 sua
1286 2234 1393 2263 darent
1415 2245 1460 2274 pr.
1487 2251 1528 2256 —-
1557 2234 1602 2272 25)
1627 2234 1679 2274 ut]
1704 2236 1752 2262 uti
1769 2234 1799 2263 L.
1813 2233 1850 2264 M.
1881 2249 1923 2255 —
1950 2231 1995 2272 26)
2019 2230 2068 2270 in]
2090 2229 2158 2259 add-

215 2270 286 2308 rus]
309 2282 364 2300 om.
385 2271 512 2309 glossam
535 2274 611 2303 scal.
635 2280 662 2303 et
682 2277 749 2305 Dae.
772 2295 813 2301 -
838 2279 881 2318 11)
905 2282 1011 2308 vinum
1028 2280 1090 2320 ait]
1114 2280 1163 2309 Sic
1207 2279 1265 2309 Gu.
1284 2280 1309 2308 1.
1324 2281 1353 2309 2.
1372 2288 1416 2317 pr.
1461 2288 1519 2306 om.
1536 2277 1617 2315 vulg.
1640 2294 1682 2300 —
1703 2274 1753 2317 27)
1775 2275 1901 2314 Surum]
1924 2277 2053 2304 Surcum
2068 2274 2098 2302 L.
2118 2287 2156 2294 -

212 2313 250 2341 Μ·
270 2313 328 2342 Gu-
342 2317 370 2345 2-
414 2316 459 2341 “lt
478 2316 539 2343 vm·
557 2316 635 2353 vulg.
658 2333 698 2339 -
722 2319 764 2356 12)
779 2321 903 2360 saciat]
921 2324 1005 2359 facit
1021 2324 1052 2352 L.
1066 2324 1099 2352 B.
1123 2339 1163 2345 -—
1205 2320 1254 2359 28)
1276 2321 1433 2355 surculus]
1458 2330 1565 2347 suren-5·
1585 2320 1616 2349 B.
1641 2336 1680 2342 —
1702 2319 1747 2356 29)
1778 2319 1863 2348 Unus
1881 2317 1988 2356 surus]
2012 2325 2106 2345 unum
2118 2314 2154 2362 .¹‘.·

215 2358 258 2389 13)
281 2356 327 2383 vel
342 2366 419 2395 corp.
435 2358 486 2387 vel.
505 2358 566 2396 an.]
590 2359 636 2386 vel
649 2370 700 2389 αη.
718 2361 764 2387 νεῖ
779 2373 856 2400 corp.
873 2364 903 2391 L.
927 2381 963 2386 —
990 2364 1035 2404 14)
1058 2367 1162 2404 signa·
1206 2364 1313 2392 omisso
1329 2374 1436 2399 surm,
1468 2362 1550 2400 quod
1569 2362 1640 2391 item
1657 2373 1713 2391 om.
1731 2362 1789 2391 Gu.
1807 2365 1833 2393 1.
1855 2377 1897 2383 —
1918 2358 1967 2399 3ο)
1989 2360 2153 2393 Surremttj

213 2397 295 2436 mm]
309 2398 486 2436 figuratum
501 2400 529 2429 [¹-
551 2416 594 2422 -
618 2400 664 2440 15)
687 2407 713 2429 et
727 2401 778 2440 id]
801 2410 827 2430 et
840 2404 875 2431 de
889 2417 919 2432 eo
935 2407 966 2435 L.
984 2407 1014 2434 B.
1031 2405 1100 2446 (om.
1119 2409 1160 2445 et)
1205 2407 1336 2434 Suremlt
1359 2406 1390 2434 L.
1408 2406 1441 2434 B.
1456 2405 1496 2433 M.
1513 2410 1546 2433 ut
1568 2415 1640 2434 mox
1656 2405 1686 2433 L.
1700 2405 1732 2432 B.
1754 2404 1810 2433 Gu.
1825 2406 1854 2435 2.
1877 2419 1919 2425 —
1939 2400 1986 2440 31)
2008 2399 2152 2437 sumpsit]

212 2439 248 2470 M.
264 2440 319 2470 Gu.
332 2444 361 2473 2.
389 2442 445 2471 Sed
463 2443 611 2481 quomodo
626 2443 657 2471 id
672 2444 830 2482 explicem,
855 2448 962 2476 nescio.
983 2464 1025 2470 —
1049 2451 1094 2485 16)
1116 2451 1160 2485 in]
1203 2449 1361 2476 sustulerit
1382 2447 1448 2476 add.
1466 2448 1505 2476 M.
1530 2463 1572 2469 ·-—
1593 2446 1639 2485 39.)
1663 2445 1792 2483 manu-⁹]
1814 2455 1908 2473 manu
1929 2453 1972 2482 pr.
1993 2443 2020 2470 S·
2042 2457 2084 2463 -
2106 2445 2153 2475 33)
