2263 2668
774 147 863 181 LIB.
890 148 916 181 l.

970 147 1114 184 SEGM.
1140 151 1248 185 XVII.

1937 158 1985 191 93

54 242 258 281 coniunctio,
293 242 475 275 communis
502 252 570 274 esse
596 252 661 274 non
687 242 829 286 poterit,
857 241 934 285 quia
959 243 992 275 in
1013 244 1211 288 pronomine
1237 246 1309 278 solo
1337 257 1356 279 c
1381 246 1490 280 littera
1516 247 1626 281 reddit
1652 248 1823 293 duplicem
1859 262 1986 294 sonum,

52 297 86 329 in
120 294 348 329 coniunctione
373 293 573 337 simplice1113
605 294 723 326 merito
751 305 833 337 ergo
868 294 976 327 brevis
1004 299 1060 327 est.

1120 297 1213 329 Scire
1240 302 1350 331 autem
1377 295 1562 342 oportet²⁰,
1598 311 1785 344 pronomen
1811 302 1869 334 hic
1895 303 1986 347 apud

53 347 229 392 Virgilium
263 345 393 377 duobus
425 349 551 376 tantum
579 344 659 378 locis
686 356 748 389 pro
775 345 868 377 brevi
895 357 964 379 esse
990 347 1154 390 positum3
1188 359 1265 380 nam
1292 350 1415 393 ubique
1442 350 1546 395 longa
1572 348 1731 395 syllaba21
1765 357 1813 385 est
1839 364 1905 386 non
1931 366 1987 387 so-

52 399 122 432 lum
150 397 242 442 apud
269 396 465 440 Virgilium,
493 395 551 428 sed
579 396 677 429 etiam
704 396 795 441 apud
822 397 911 429 alios.

146 481 410 516 suannxvfl.
461 480 534 513 De
563 482 944 525 productione
982 483 1065 516 vel
1100 486 1461 529 correptione
1495 487 1891 532 syllabam-amn.

216 550 248 582 l.
300 549 384 582 Sunt
411 549 541 592 aliquae
568 549 716 592 syllabae
743 550 834 594 apud
854 550 1044 595 Virgilium,
1072 563 1159 594 quae
1185 554 1377 586 necessitate
1403 556 1549 598 metrica,
1577 567 1653 589 cum
1678 557 1757 589 vitio
1783 558 1987 599 barbarismi,

53 604 110 647 qui
137 602 225 647 apud
257 607 374 646 poetas
400 598 669 645 metaplas1m1s2³
696 602 894 645 appellatur,
923 609 1037 635 contra
1063 604 1225 636 rationem
1254 604 1519 649 corripiunturffl.

51 667 137 699 quae
164 665 240 687 cum
268 654 383 686 breves
410 651 524 692 sint²·'‚
551 653 735 685 necessario
762 654 1000 697 producuntur.

1571 607 1655 641 Sunt
1681 608 1824 652 aliquae,
1855 609 1985 656 [1434]

1053 654 1284 698 Corripiuntur
1310 657 1343 688 in
1369 656 1437 690 his:

277 704 392 737 Matri
418 704 530 748 longa
557 704 679 737 decem
705 705 856 738 tulerunt
872 704 1033 751 fastidia
1059 704 1237 740 mensesffi.

51 756 152 789 Item:

275 803 378 839 Illius
404 802 561 843 armu²⁷;

52 864 98 893 et:

277 907 396 952 Ipsius
422 912 503 941 unte
529 905 685 941 oculosffl.

50 960 204 994 Mediam
229 960 391 1002 syllabam
416 960 671 1003 pronominum,
699 971 776 993 cum
804 960 843 992 sit
869 961 995 1005 longa,
1024 962 1193 1006 corripuit.

284 1010 445 1055 Obstipui
470 1015 703 1055 steteruntque
731 1023 852 1045 comae
864 1009 909 1050 ²⁹3

52 1060 117 1097 te³⁰
143 1063 303 1107 syllabam
330 1062 468 1106 longam
494 1063 527 1094 in
553 1063 656 1095 verbo
685 1064 855 1107 corripuit.

908 1064 990 1097 Item
1000 1075 1008 1096 ι

1246 962 1328 996 Item
1339 974 1347 995 :

277 1113 489 1158 Egerimus,
516 1114 624 1156 nosti,
653 1118 685 1146 et
711 1115 856 1147 nimium
882 1116 1078 1149 meminisse
1104 1126 1242 1150 necesse
1269 1120 1317 1149 est
1327 1111 1371 1153 ³¹,-

51 1166 84 1199 ri
110 1165 273 1210 syllabam
301 1165 439 1209 longam
468 1162 668 1209 corripuit³².
721 1166 826 1199 Item:

280 1215 477 1261 Urbemque
503 1216 676 1249 Fidenam
685 1213 729 1255 ³³,-

37 1267 79 1314 fi
102 1267 248 1312 syllaba,
279 1279 354 1301 cum
381 1269 420 1300 sit
446 1268 565 1312 longa,
592 1267 660 1302 hoc
683 1268 761 1303 loco
788 1269 896 1302 brevis
924 1273 980 1302 est.

1032 1268 1116 1302 Item
1126 1280 1134 1301 :

281 1319 370 1353 Cum
395 1318 508 1352 subito
535 1320 738 1364 adsurgens
751 1319 872 1365 fluctu
897 1320 1072 1353 nimbosus
1102 1316 1255 1354 Orion³⁴.

53 1369 86 1404 O
113 1369 274 1414 syllabam
301 1371 481 1415 corripuit,
509 1382 596 1414 quae
622 1372 702 1404 alibi
728 1372 833 1416 longa
856 1377 926 1414 est,
954 1377 1005 1404 ut:

273 1423 531 1467 Armutumque
557 1434 647 1456 auro
675 1424 909 1468 circumspicit
941 1423 1076 1457 Oriona

1084 1418 1118 1455 35·

212 1472 246 1505 2.
298 1470 459 1507 Deinde³⁶
486 1474 529 1506 de
555 1475 708 1507 brevibus
735 1476 864 1516 (licam,
891 1487 977 1519 quae
1002 1486 1065 1520 pro
1092 1473 1203 1519 longis
1230 1477 1302 1506 sunt
1328 1474 1465 1518 positae.

276 1525 423 1558 Italiam
442 1524 529 1570 suto
553 1524 783 1571 profirgus³⁷5

48 1575 191 1619 primam
218 1577 400 1621 syllabam,
434 1588 510 1610 cum
538 1578 577 1610 sit
602 1578 727 1619 brevis,
754 1579 891 1623 longam
918 1578 1049 1622 posuit,
1087 1577 1235 1621 quamvis
1262 1580 1364 1619 caput
1390 1575 1484 1619 pedis
1512 1574 1628 1609 faciat:
1663 1575 1742 1608 alibi
1770 1576 1856 1608 enim
1884 1574 1990 1608 brevis

50 1632 114 1668 est,
142 1634 194 1661 ut:

269 1680 425 1725 Antiqua
453 1691 472 1713 e
498 1680 623 1721 cedro,
651 1679 833 1725 Italusque
854 1684 1030 1725 paterque
1057 1674 1258 1712 Sabinusssfl.

49 1730 150 1763 Item:

276 1782 432 1815 Exercet
458 1781 582 1815 Diana
609 1776 788 1819 clzoros³⁰;

49 1830 88 1863 di
113 1833 274 1876 syllabam
301 1833 478 1878 produxit,
505 1834 583 1877 quia
609 1834 713 1878 longa
741 1839 806 1872 θεῖς
833 1845 909 1866 nam
937 1833 1015 1865 alibi
1043 1842 1115 1864 eam
1143 1830 1279 1861 brevem
1306 1829 1436 1873 posuit,
1463 1834 1516 1861 ut:

50 1936 118 1964 Asc.
133 1935 162 1963 P.
187 1934 280 1963 breves
302 1939 381 1962 recte
400 1934 470 1963 cod.
494 1935 545 1973 qui
562 1935 639 1964 idem
660 1943 690 1963 ut
708 1945 764 1963 om.
783 1952 817 1956 ——
857 1933 899 1968 19)
916 1933 997 1968 virg.

50 1979 122 2007 Aen.
146 1977 193 2013 VI,
213 1980 282 2009 792.
329 1977 398 2006 cod.
421 1976 533 2014 audes,
557 1978 607 2006 sed
631 1988 765 2006 c0r1·.—
806 1974 853 2015 ΞΟ)
880 1975 998 2013 Oportet

50 2019 130 2060 quod
152 2020 226 2047 male
248 2019 279 2046 in
305 2020 376 2049 Cod.
405 2030 496 2057 quum
528 2021 613 2048 eliam
637 2021 677 2048 ibi
700 2024 842 2058 sequatur
865 2017 998 2045 inliuili—

1041 1932 1072 1959 P.
1105 1937 1139 1958 ie
1167 1928 1230 1968 syll.
1261 1934 1341 1957 recte
1370 1930 1440 1958 Cod.
1469 1930 1537 1959 Asc.
1569 1946 1610 1952 —
1663 1929 1709 1969 31)
1740 1930 1818 1967 Virg.
1842 1929 1914 1957 Aen.
1939 1928 1988 1964 Vl,

1041 1973 1111 2004 514.
1134 1988 1175 1994 —-
1223 1971 1270 2011 32)
1293 1972 1366 2000 Nam
1397 1973 1509 2010 syllaba
1544 1974 1569 2001 ri
1599 1973 1630 2001 in
1659 1973 1817 2011 praeterito
1849 1972 1890 2011 pf.
1913 1971 1987 2000 coni.

1041 2015 1185 2054 producta
1213 2014 1301 2042 etiam
1331 2016 1496 2053 reperitur,
1527 2025 1601 2053 quae
1632 2015 1791 2053 productio
1821 2014 1850 2043 h.
1882 2015 1901 2042 l.
1934 2024 1988 2052 pro

49 2074 112 2092 vus.
167 2059 255 2099 Quod
275 2067 354 2089 recle
377 2072 434 2091 om.
458 2062 489 2090 in
512 2063 578 2092 Asc.
600 2064 627 2091 P.
646 2079 686 2084 —
730 2062 777 2099 21)
801 2060 907 2098 Longa
924 2057 997 2096 syl—-
1040 2058 1140 2095 regula
1163 2057 1286 2095 ponitur
1309 2067 1325 2084 a
1348 2057 1557 2087 Grammatico.
1603 2058 1645 2086 Cf.
1670 2058 1782 2089 Grotes,
1800 2058 1850 2086 Gr.
1871 2057 1904 2085 L.
1921 2056 1987 2084 mai.

50 2104 140 2134 laba
163 2110 202 2131 est
220 2103 290 2131 Cod.
305 2104 370 2132 Asc.
406 2104 477 2133 Voc.
495 2104 610 2144 syllaba
628 2115 683 2132 om.
700 2105 729 2132 Ρ.
749 2119 790 2125 —
820 2106 864 2133 22¹)
884 2100 997 2128 Inscri-
1039 2106 1110 2130 tom.
1135 2099 1170 2128 II.
1196 2098 1222 2139 §.
1249 2102 1300 2131 29.
1324 2110 1347 2127 a.
1379 2116 1420 2121 —
1470 2099 1516 2138 33)
1541 2100 1619 2137 Virg.
1650 2100 1723 2129 Aen.
1754 2101 1812 2137 VI,
1843 2101 1915 2132 773.
1948 2114 1986 2120 —

48 2149 112 2188 plio
140 2147 171 2174 in
199 2155 288 2173 versu
317 2146 458 2174 continuo
489 2148 597 2185 scripta
622 2147 691 2175 cod.
715 2161 756 2166 -
799 2146 847 2181 2⁷3)
875 2142 996 2171 Barba-
1039 2142 1084 2182 34)
1108 2142 1187 2179 Virg.
1208 2143 1277 2170 Aen.
1298 2142 1318 2177 I,
1339 2143 1411 2173 535.
1456 2142 1631 2181 Aclsurgens
1654 2143 1723 2172 Cod.
1746 2153 1898 2181 assurgens
1918 2141 1985 2170 Asc.

49 2190 132 2219 rismi
150 2204 191 2211 ·—-
210 2186 422 2227 metaplasmus.
466 2189 510 2217 Ita
533 2190 605 2219 cod.
630 2189 694 2216 Asc.
718 2187 996 2225 βαρβαρισμοῦ
1038 2185 1068 2213 P.
1093 2202 1128 2206 —
1183 2186 1229 2222 35)
1255 2184 1332 2221 Virg.
1364 2185 1434 2213 Aen.
1465 2185 1519 2222 Ill,
1550 2187 1622 2217 517.
1654 2202 1695 2206 —
1743 2184 1789 2224 36)
1814 2182 1925 2213 Deinde
1953 2182 1987 2210 cle

49 2249 88 2254 —
113 2228 379 2271 μεταπλασμός
402 2231 431 2259 Ρ.
454 2248 493 2252 --
538 2234 581 2264 24)
606 2230 675 2258 cod.
700 2229 921 2266 corripiantur,
945 2227 995 2255 sed
1039 2226 1168 2256 breuibus
1192 2227 1262 2255 Cod.
1308 2227 1382 2255 Dein
1406 2226 1440 2255 tle
1463 2226 1506 2256 br.
1531 2228 1596 2255 Asc.
1614 2229 1641 2256 P.
1660 2244 1698 2249 —-
1744 2227 1790 2268 37)
1816 2228 1895 2263 Virg.
1917 2226 1984 2253 Aen.

49 2285 126 2303 corr.
149 2290 191 2295 —-
235 2274 279 2305 25)
303 2272 371 2300 Cod.
394 2280 470 2308 sunt,
493 2274 543 2301 sed
567 2284 642 2300 corr.
668 2288 707 2293 —
757 2272 806 2304 26)
832 2271 909 2308 Virg.
932 2270 994 2299 Ecl.
1037 2270 1059 2306 l,
1080 2274 1107 2302 2.
1137 2286 1178 2292 --
1229 2269 1277 2307 38)
1302 2269 1380 2307 Virg.
1410 2270 1484 2298 Aen.
1512 2270 1583 2305 VH,
1612 2272 1679 2301 178.
1734 2270 1870 2309 Antiqua
1901 2266 1984 2296 cedro

49 2318 99 2353 lv,
123 2319 173 2348 61.
199 2332 240 2337 -
284 2314 331 2352 27)
356 2314 434 2351 Virg.
456 2316 527 2344 Aen.
550 2316 572 2349 Ι,
598 2317 644 2346 16.
673 2331 707 2335 -
754 2313 800 2351 25)
825 2313 902 2350 Virg.
922 2313 993 2342 Aen.
1037 2314 1105 2342 Asc.
1145 2313 1173 2343 Ρ.
1208 2311 1483 2352 Antiquaecaeclro
1515 2313 1599 2350 (sic)
1631 2313 1701 2341 Cod.
1731 2329 1770 2333 -
1823 2314 1872 2343 39)
1904 2310 1981 2343 virg.

49 2361 78 2397 I,
104 2360 172 2390 114.
194 2374 235 2378 —-
285 2358 337 2392 29)
358 2356 437 2392 Virg.
462 2358 532 2385 Aen.
555 2358 595 2394 ΙΙ,
620 2356 690 2388 774.
716 2355 768 2392 ΙΙΙ,
792 2356 841 2386 48,
888 2354 995 2384 Obsti-
1036 2355 1107 2385 Aen.
1130 2355 1157 2391 I,
1181 2356 1254 2387 499,

47 2403 100 2442 pui
123 2401 194 2429 cod.
220 2398 369 2438 obstupui
390 2399 456 2427 Asc.
475 2400 504 2429 P.
519 2416 560 2422 —
603 2401 653 2436 30)
678 2399 740 2427 Sic
761 2397 903 2437 syllabam
920 2398 995 2426 male
