2263 2668
507 138 572 172 DE
598 135 986 172 SIGNIFICATIONE
1015 136 1299 175 VERBORUM.
1352 137 1498 171 IABER
1523 136 1615 171 XIV.
1959 139 2034 173 615

80 232 172 261 sacris
200 231 337 260 familiae.
380 230 492 259 Notum
520 230 598 259 enim
628 234 671 259 est
700 229 796 258 veteri
824 229 888 258 iure
917 228 1074 258 Pontificio
1098 231 1260 268 contineri,
1297 235 1332 260 ut
1354 241 1436 259 sacra
1460 231 1576 270 privata
1600 233 1815 259 conserventur
1837 241 1872 260 ac
1894 231 2033 271 deinceps

80 275 202 304 familiis
225 274 396 313 prodantur.
440 273 483 301 Ex
507 283 565 311 quo
588 273 773 308 institutum,
803 277 835 300 ut
859 281 895 300 ne
918 277 1014 300 morte
1037 274 1257 311 patrisfamilias
1280 284 1431 303 sacrorum
1452 273 1594 302 memoria
1616 272 1780 309 occideret,
1805 273 1856 302 sed
1878 273 1914 302 iis
1936 280 2034 305 essent

81 318 236 354 adiuncta,
260 317 297 345 ad
320 325 394 354 quos
417 315 549 343 eiusdem
572 320 667 344 morte
690 316 815 355 pecunia
838 314 974 344 venisset.
1006 315 1099 352 Igitur
1122 317 1297 355 praestigiae
1321 317 1524 355 excogitatae,
1550 316 1658 354 quibus
1681 316 1784 352 fucus,
1807 321 1840 345 ut
1863 315 1904 345 ita
1927 317 2034 355 dicam,

81 361 138 398 legi
160 360 251 389 fieret.
295 357 460 388 Introducti
489 363 559 387 sunt
588 359 666 387 enim
697 358 794 393 modi,
831 357 940 395 quibus
970 367 1052 386 sacra
1081 360 1306 397 perimerentur.
1350 360 1383 388 Id
1413 364 1511 388 antem
1536 359 1627 388 fiebat
1649 363 1702 387 aut
1724 358 1959 397 emancipatione
1981 370 2036 399 per

82 414 130 432 aes
155 408 184 431 et
206 403 327 438 libram,
351 400 484 429 adhibito
508 401 689 439 libripende‚
713 410 789 439 quae
811 399 860 428 hic
882 400 994 428 dicitur
1018 402 1209 431 manumissio
1232 413 1385 431 sacrorum
1410 413 1522 431 caussa.
1557 402 1659 430 Cicero
1672 401 1710 431 11.
1734 402 1821 439 Legg.
1842 403 1880 438 (c.
1893 404 1944 434 20.
1958 402 2036 440 fin.):

84 445 166 484 Quin
189 446 274 474 etiam
300 450 416 480 cavent,
439 451 470 471 ut
493 444 542 473 cui
561 442 630 483 plus
653 442 780 483 legatum
803 443 857 480 sit,
879 453 968 483 quam
991 443 1052 471 sine
1075 443 1213 484 religione
1236 456 1338 484 capere
1358 443 1459 482 liceat,
1487 445 1512 473 is
1532 456 1584 484 per
1606 455 1655 473 aes
1677 451 1703 472 et
1726 442 1833 473 libram
1856 443 1972 474 heredes
1994 453 2036 474 te-

81 489 220 517 stamenti
247 485 360 522 solvat,
395 493 549 526 propterea
572 485 652 526 quod
674 497 706 515 eo
730 485 798 515 loco
821 496 864 515 res
885 493 926 515 est
949 486 992 514 ita
1013 485 1110 515 soluta
1133 486 1305 524 hereditate,
1342 489 1428 528 quasi
1448 499 1482 516 ea
1502 488 1628 528 pecunia
1650 485 1748 525 legata
1771 498 1830 516 non
1852 494 1932 518 esset.
1977 487 2037 516 Aut

82 531 173 560 fiebat
195 530 253 558 alio
277 539 381 567 genere
402 529 591 567 imaginariae
614 527 810 565 venditionis,
846 538 921 567 quae
947 528 1112 558 vocabatur
1143 530 1311 568 coemptio,
1349 529 1488 559 adhibitis
1517 530 1636 558 senibus
1664 529 1948 567 coemptionalibus,
1985 530 2038 569 qui

83 583 147 602 asse
171 573 296 608 Caiano,
331 570 390 600 hoc
413 576 455 600 est
477 582 598 600 nummo
622 572 760 600 sestertio
784 571 858 600 dicis
881 581 983 599 caussa
1007 575 1052 600 ter
1075 578 1197 611 accepto
1221 578 1250 601 et
1273 583 1377 601 rursus
1399 573 1519 602 reddito
1542 572 1681 601 heredem
1704 571 1903 601 absolverent.
1947 572 1982 601 In
2006 583 2038 601 ea

81 626 139 655 pro
162 615 286 643 Murena
311 616 448 651 (e.12.);
487 614 584 643 Sacra
614 614 661 643 illi
689 616 841 652 (veteres)
872 614 987 643 interire
1013 613 1175 645 noluerunt,
1221 614 1339 644 Ηονιιηι
1363 616 1477 654 ingenio
1500 627 1579 644 senes
1601 613 1642 643 ad
1665 614 1858 653 coemptiones
1872 613 2039 656 faciendas

83 656 342 687 interimendorum
365 667 515 686 sacrorum
540 668 647 686 caussa
670 658 774 696 reperti
795 663 871 686 sunt.
905 657 964 685 Aut
987 656 1116 695 denique
1140 657 1348 694 detestatione,
1372 668 1448 696 quae
1471 657 1642 686 solennibus
1665 656 1763 687 verbis
1779 657 1887 685 Calatis
1910 657 2039 685 comitiis

82 700 297 730 celebrabatur.
330 700 442 727 Gellius
465 699 515 729 lib.
530 700 595 729 XV.
615 701 721 736 (c.27‚
746 701 802 737 2.):
826 698 932 728 Iisdem
957 700 1100 735 comitiis,
1123 711 1197 740 quae
1215 699 1321 729 Calata
1344 698 1489 739 appellari
1512 699 1645 729 diximus
1667 707 1693 728 et
1714 710 1865 728 sacrorum
1888 697 2039 728 detestatio

83 750 110 772 et
133 750 303 772 testamenta
316 742 390 781 fieri
411 741 552 773 solebant.
600 743 700 778 Quare
725 747 753 770 et
776 742 896 771 Servius
919 742 1151 771 Iurisconsultus
1174 743 1293 782 scripsit
1315 742 1425 771 librum
1449 743 1484 771 de
1508 743 1599 771 saeris
1623 742 1820 779 detestandis,
1844 741 1896 770 ubi
1918 742 1954 771 de
1976 742 2041 771 iure

83 790 330 815 testamentorum
356 785 536 823 disputabat.
575 785 690 814 Gellius
714 785 762 814 lib.
777 785 825 814 Vt.
845 787 948 816 c.12.:
971 784 1089 813 Servius
1113 783 1266 824 Sulpicius
1289 784 1535 821 Iurisconsultus,
1557 786 1603 814 vir
1625 785 1731 814 aetatis
1752 795 1820 813 suae
1843 783 2040 821 doctissimus,

83 829 114 857 in
137 827 214 858 libro
238 826 274 856 de
295 826 606 866 sacrisdetestandis,
644 839 704 868 qua
733 829 847 857 ratione
876 825 1023 856 adductus
1048 828 1264 856 Testamentum
1285 827 1403 856 verbum
1426 839 1483 856 esse
1506 826 1620 867 duplex:
1641 827 1803 866 scripserit,
1839 837 1897 855 non
1921 827 2040 866 reperio.

84 872 233 910 Corrupto
262 870 339 899 enim
368 870 399 898 in
422 870 520 898 Gellio
550 871 641 908 vulgo
674 871 788 899 editur:
827 871 857 899 in
880 869 956 899 libro
980 868 1015 898 de
1037 871 1214 899 testamentis
1235 869 1373 900 secundo.
1419 871 1458 898 At
1480 881 1529 906 ea,
1562 880 1648 908 quam
1671 869 1807 908 reposui,
1840 873 1883 898 est
1906 874 2041 898 veterum

84 923 263 942 excusorum
288 918 317 942 et
340 912 454 941 calamo
478 918 671 941 exaratorum
694 913 794 943 lectio.
834 913 891 941 Alii
914 917 998 941 erant
1019 913 1107 941 etiam
1130 913 1211 941 modi
1233 912 1479 952 perimendorum
1503 923 1671 949 sacrorum,
1702 917 1736 941 ut
1758 916 1849 951 caput
1872 911 2042 950 partitionis

83 956 113 984 in
138 956 324 985 deducendis
347 960 467 983 centum
491 956 628 984 nummis.
667 957 708 985 De
732 967 792 995 quo
815 956 885 984 vide
908 955 1041 984 secundo
1064 955 1101 983 de
1123 955 1247 993 legibus.
1287 956 1413 983 Tantum
1438 965 1470 984 ea
1495 966 1548 993 ego
1572 955 1714 994 apposui,
1743 965 1820 993 quae
1845 954 2042 991 declararent,

83 998 156 1037 quid
179 998 372 1026 manumissio
396 1008 550 1027 sacrorum
575 1009 663 1027 causa
685 998 734 1027 hic
758 998 839 1038 apud
862 999 996 1035 Festum,
1023 998 1093 1037 quid
1117 998 1187 1027 item
1212 998 1367 1027 detestatio
1391 1008 1552 1026 sacrorum.
1591 999 1693 1036 Neque
1716 1002 1760 1026 est
1783 996 1864 1035 quod
1886 998 2042 1036 quisquam

82 1046 185 1080 putet,
208 1041 469 1070 manumissionem
493 1052 646 1070 sacrorum
671 1052 775 1070 caussa
799 1041 873 1077 dici,
901 1041 982 1079 quod
1005 1040 1132 1069 Vestalis
1156 1046 1185 1070 et
1207 1041 1327 1069 Flamen
1352 1041 1441 1069 Dialis
1464 1041 1564 1069 exibat
1587 1041 1680 1080 patris
1703 1041 1749 1069 sui
1773 1043 1929 1078 potestate.
1969 1040 2042 1068 Nam

82 1084 106 1112 ii
130 1085 229 1113 statim
254 1085 316 1112 sine
340 1084 578 1122 emancipatione
602 1095 635 1113 ac
659 1085 766 1123 capitis
790 1084 994 1113 deminutione
1016 1084 1052 1112 de
1074 1083 1168 1123 patris
1192 1089 1337 1123 potestate
1361 1084 1491 1113 exibant.
1534 1084 1636 1122 Neque
1658 1083 1733 1112 libet
1754 1082 1916 1121 intelligere
1939 1082 1975 1111 de
1998 1092 2043 1118 eo,

84 1137 173 1166 quem
198 1131 282 1165 pater
305 1126 336 1154 in
359 1127 484 1155 alienam
508 1127 650 1156 familiam
675 1128 775 1164 daret,
806 1132 839 1156 ut
862 1137 929 1156 cum
953 1137 1019 1156 eum
1044 1137 1080 1155 ex
1104 1132 1253 1165 potestate
1277 1126 1438 1164 emisisset,
1468 1130 1570 1165 postea
1592 1136 1745 1155 sacrorum
1769 1135 1858 1154 causa
1880 1125 2044 1154 manumis-

84 1170 128 1198 sio
157 1170 368 1198 celebraretur.
416 1169 475 1205 Qui
506 1170 584 1198 enim
611 1170 641 1198 in
670 1171 757 1199 tertia
787 1169 1006 1208 mancipatione
1034 1169 1067 1198 in
1095 1169 1161 1198 iure
1191 1169 1265 1198 cessi
1294 1175 1380 1198 erant
1403 1179 1418 1197 a
1442 1174 1581 1207 parente,
1618 1170 1648 1198 in
1672 1169 1757 1197 cuius
1780 1172 1926 1207 potestate
1949 1172 2044 1203 erant,

84 1213 188 1241 eodem
217 1217 369 1241 momento
399 1212 429 1240 in
460 1212 554 1251 patris
586 1213 720 1251 adoptivi
749 1223 834 1241 sacra
863 1213 1044 1249 transibant,
1082 1222 1141 1250 quo
1164 1223 1180 1242 e
1202 1212 1297 1252 patris
1319 1212 1462 1240 naturalis
1486 1212 1577 1240 sacris
1601 1211 1730 1240 exibant.
1775 1211 1909 1250 Apparet
1937 1215 2044 1245 autem,

84 1255 136 1293 qui
167 1255 259 1284 sacris
291 1254 504 1283 exsolvebatur
533 1256 597 1283 auri
628 1256 711 1294 puri,
747 1256 850 1294 probi,
886 1256 967 1294 puti,
1004 1256 1049 1284 sui
1075 1255 1175 1284 nescio
1200 1260 1343 1294 quantum
1368 1265 1454 1283 arcae
1477 1254 1651 1283 Pontificum
1675 1254 1784 1283 inferre
1806 1253 1909 1282 solere.
1941 1251 2044 1282 Scal.

85 1298 187 1333 Quae,
219 1298 288 1336 quia
312 1297 497 1335 praeclaram
520 1298 677 1326 solutionis
698 1308 848 1326 sacrorum
873 1303 902 1327 et
924 1299 1144 1334 detestationis,
1174 1308 1271 1337 neque
1293 1298 1388 1326 cuivis
1412 1297 1529 1326 obviam
1554 1297 1753 1335 cognitionem
1776 1296 1947 1332 continent,
1970 1304 2045 1334 pru·-

84 1341 156 1369 dens
179 1340 344 1379 praeterire
368 1340 468 1376 nolui,
499 1341 552 1368 etsi
576 1351 609 1369 ea
633 1340 731 1369 minus
756 1341 794 1369 ad
817 1341 895 1369 hanc
919 1341 1198 1378 manumissionem,
1228 1351 1287 1380 qua
1311 1340 1347 1369 de
1370 1340 1473 1369 Festus
1495 1340 1638 1378 loquitur.
1682 1340 1755 1368 Nam
1778 1340 1900 1378 proprie
1923 1343 1952 1367 et
1973 1347 2046 1367 vere

83 1383 193 1412 dictam
216 1382 477 1412 manumissionem
494 1383 600 1412 Festus
622 1383 778 1421 intelligit,
803 1394 872 1412 cum
895 1384 1013 1413 scilicet
1034 1394 1187 1412 sacrorum
1211 1394 1315 1412 caussa
1338 1393 1440 1412 servus
1463 1383 1729 1412 manumittebatur
1752 1392 1768 1410 a
1791 1381 1921 1410 domino.
1953 1380 2047 1418 quue

83 1426 154 1455 satis
181 1435 334 1465 superque
364 1425 547 1462 ostendunt,
585 1436 660 1464 quae
689 1436 779 1465 supra
809 1426 887 1455 idem
911 1427 1015 1455 Festus
1043 1427 1156 1466 posuit:
1195 1426 1375 1456 Ilffanumitti
1397 1424 1550 1455 dicebatur
1571 1437 1668 1454 servus
1690 1435 1843 1454 sacrorum
1866 1434 1972 1453 caussa
1992 1427 2047 1451 etc.

82 1469 196 1497 Locum
219 1468 278 1497 adi.
314 1467 449 1496 Coniicio
473 1473 571 1498 autem
594 1479 748 1498 sacrorum
772 1479 875 1498 caussa
898 1469 1112 1498 manumissum
1135 1480 1254 1498 servum
1276 1469 1348 1506 dici,
1380 1478 1449 1498 cum
1472 1479 1488 1497 a
1511 1468 1631 1497 domino
1654 1467 1934 1502 manumittebantur,
1962 1470 1995 1494 ut
2017 1465 2047 1493 in

82 1511 210 1540 familiae
240 1521 324 1540 sacra
353 1510 503 1539 transiret.
549 1511 652 1549 Neque
682 1513 758 1540 enim
788 1512 820 1540 id
842 1512 930 1541 nobis
953 1523 968 1540 a
991 1512 1145 1541 veteribus
1168 1512 1363 1551 explicatum.
1407 1512 1465 1541 Pro
1488 1521 1522 1540 eo
1545 1516 1641 1540 autem
1662 1511 1731 1551 puri
1749 1509 1838 1550 probi
1858 1508 1983 1552 profani
2003 1508 2049 1537 sui

81 1555 148 1584 auri
166 1557 218 1587 20.
250 1553 393 1582 Dominus
414 1554 560 1583 solvebat.
606 1554 695 1583 Dae.

247 1595 458 1625 Pacionem.
504 1596 576 1624 Vide
599 1607 691 1635 supra
714 1596 745 1624 in
768 1595 913 1635 Nuptiae.-
947 1594 1028 1636 quod
1050 1607 1128 1625 nova
1148 1596 1330 1635 paciofiat:
1362 1607 1378 1625 a
1404 1597 1519 1625 Graeco
1542 1593 1647 1635 πήγω,
1681 1594 1820 1623 Doricum
1841 1605 1939 1634 pago,
1969 1592 2048 1622 unde

84 1639 244 1677 antiquum
270 1649 364 1677 paco:
401 1637 443 1665 ita
472 1639 549 1666 enim
580 1639 658 1667 infra
689 1639 845 1676 legendum
870 1649 923 1677 pro
944 1649 1055 1678 paceo:
1088 1649 1182 1677 paco,
1215 1639 1321 1677 pacio,
1354 1646 1496 1678 pactum,
1532 1638 1656 1677 pacisci.
1687 1637 1777 1667 Dac.
1824 1637 1900 1667 Vide
1921 1635 2046 1665 Nonium

83 1680 162 1720 (pag.
174 1679 259 1719 474.)
283 1681 312 1708 in
337 1679 508 1709 Pacis-cunt.
536 1679 641 1711 Goth.
682 1680 780 1710 Paceo
805 1686 908 1719 pacto,
932 1691 1017 1719 paco.
1055 1681 1186 1710 Glossis:
1210 1680 1293 1710 Paeo
1317 1679 1473 1720 εἰρηνεύω.
1518 1680 1631 1709 Idem.

247 1721 397 1751 Presan.
422 1721 479 1761 (Ad
503 1724 631 1763 p-216.)
656 1724 721 1752 Non
746 1724 866 1761 dubito,
892 1724 963 1763 quin
985 1722 1184 1763 praecidanea
1206 1723 1396 1752 scribendum
1419 1724 1457 1752 sit
1481 1733 1518 1752 ex
1540 1723 1591 1759 iis,
1616 1732 1691 1761 quae
1713 1721 1793 1750 idem
1809 1722 1911 1750 Festus
1928 1725 1957 1750 et
1969 1719 2045 1746 Pau-

83 1766 130 1794 lus
153 1765 189 1794 de
211 1764 406 1804 praecidanea
429 1766 574 1794 scribunt.
613 1767 678 1795 Vid.
703 1767 777 1795 Cato
800 1767 837 1795 de
860 1777 891 1796 re
914 1771 988 1795 rust.
1012 1767 1087 1795 Gell.
1111 1766 1224 1797 lib.IV.
1246 1777 1310 1805 cap.
1323 1769 1353 1798 6.
1377 1766 1470 1796 And.
1493 1766 1603 1805 Augs
1628 1765 1702 1794 Vide
1725 1764 1895 1794 Doctissimi
1918 1760 2046 1789 Turnebi

84 1808 278 1844 Adversaria,
318 1807 369 1846 qui
392 1807 461 1845 legit
484 1807 734 1838 Praesentaneam.
766 1808 870 1839 Scal.
917 1809 1037 1848 Optime
1059 1809 1239 1848 supplevere
1261 1809 1319 1838 viri
1342 1808 1425 1838 docti
1448 1808 1662 1837 Praesentanea
1683 1817 1776 1846 porca
1799 1805 1907 1836 dicitur
1929 1808 1984 1832 etc·
2007 1813 2044 1831 eX

82 1850 232 1879 Victorini
254 1850 330 1879 libro
353 1849 390 1878 de
409 1850 633 1890 orthographia
657 1852 735 1892 (pag.
747 1853 840 1884 2470.
856 1852 1010 1891 Putsch.),
1032 1852 1084 1891 qui
1102 1853 1346 1881 Praesentaneam
1371 1851 1503 1891 appellat
1526 1860 1649 1891 porcam
1672 1850 1770 1886 illam,
1794 1857 1868 1886 quae
1890 1851 2044 1885 praesente

84 1898 202 1922 mortuo
225 1893 444 1922 immolabatur.
487 1893 575 1923 Dae.

248 1942 423 1973 Pateram
445 1943 674 1984 perplovere.
720 1946 779 1974 Diis
802 1946 905 1974 vinum
929 1945 1112 1975 offerebatur
1134 1945 1165 1974 in
1188 1945 1319 1984 pateris,
1341 1944 1421 1974 unde
1443 1943 1552 1973 usitata
1574 1943 1606 1971 in
1629 1940 1780 1971 sacrificiis
1800 1938 1927 1969 formula
1940 1945 2042 1979 patera

82 1984 246 2026 perplovit,
271 1986 302 2015 id
325 1991 369 2015 est
392 1986 448 2016 hac
472 1992 501 2016 et
522 1988 592 2016 illac
613 1987 749 2029 perpluit.
794 1988 884 2018 Dac-

247 2036 466 2069 Pastinum.
512 2039 663 2068 Pastillum
689 2044 717 2068 et
739 2040 876 2079 pastillus
892 2049 906 2066 a
922 2049 1017 2078 pane,
1039 2037 1214 2079 paniculus,
1235 2036 1415 2078 particillas,
1436 2035 1577 2078 pastillus
1598 2046 1689 2076 genus
1708 2034 1764 2064 libi
1784 2032 1925 2071 rotundi,
1949 2041 2042 2072 quare

83 2080 114 2109 in
137 2080 242 2118 glossis
265 2080 403 2119 pastillus
426 2080 596 2120 τροχισκός,
621 2081 792 2121 τροχοειδὴς
815 2080 914 2121 ἄρτος.
959 2081 1047 2110 1)αο-

249 2129 380 2160 Ριιίἷία
408 2142 516 2160 saaea.
548 2131 606 2172 (Ad
629 2132 760 2173 p.216.)
792 2133 873 2161 Haec
900 2131 973 2160 mihi
1001 2132 1103 2170 ignota
1131 2136 1210 2160 sunt.
1248 2131 1356 2160 Ficana
1378 2129 1453 2159 Latii
1481 2129 1553 2159 urbs
1574 2129 1715 2159 Ficuluea
1737 2132 1832 2158 vetus.
1869 2126 1932 2156 Liv.
1954 2125 2003 2154 lib.
2016 2123 2037 2152 I.

86 2172 171 2202 Dac.
207 2171 316 2202 Pictor.
348 2173 457 2203 Lictor.
503 2173 611 2205 Goth.

248 2221 395 2254 Paveri.
426 2224 485 2264 (Ad
509 2224 633 2264 p.216.)
663 2224 787 2256 Pavera.
829 2224 906 2253 Alibi
930 2224 1000 2253 olim
1023 2223 1251 2263 explicavimus.
1277 2222 1378 2253 Scal.
1418 2223 1502 2261 Legit
1524 2223 1600 2251 Scal.
1619 2233 1728 2263 pavera
1742 2220 1913 2264 frumenta,
1940 2216 1971 2245 id
1993 2220 2036 2244 est

83 2265 233 2306 paviendo
255 2266 381 2294 multum
405 2268 491 2304 trita,
517 2272 548 2296 ut
570 2277 695 2306 granum
719 2267 904 2305 deglubatur.
951 2267 1008 2295 Sed
1032 2272 1062 2296 et
1085 2272 1162 2296 stare
1185 2273 1284 2307 potest
1307 2267 1400 2296 altera
1424 2267 1524 2295 lectio.
1568 2265 1657 2295 Dac.

249 2314 450 2347 Paludati.
494 2318 567 2347 Inde
595 2317 772 2354 paludatum
804 2329 860 2356 pro
891 2319 998 2357 quovis
1027 2319 1121 2348 milite
1146 2318 1296 2355 invenias,
1332 2322 1365 2346 ut
1388 2317 1469 2356 apud
1491 2316 1586 2345 Lucil.
1610 2313 1776 2346 Paludem
1798 2310 1926 2341 rorarius
1948 2307 2034 2335 Satir.

82 2358 136 2390 lib.
151 2359 214 2430 Χ.Β
227 2359 352 2399 Proprie
381 2366 478 2390 autem
505 2360 636 2400 paludae
664 2366 694 2390 et
721 2359 934 2400 paludamenta
965 2362 1181 2401 Imperatorum
1211 2366 1295 2390 erant
1323 2360 1468 2398 insignia,
1506 2369 1582 2397 quae
1613 2357 1728 2387 thoraci
1749 2350 2034 2393 superimponeban-

83 2408 142 2432 tur.
221 2412 272 2431 ac.
