2263 2668
251 169 327 204 (334
678 164 1021 199 COMMENTARII
1047 167 1095 200 IN
1120 166 1263 200 PAULI
1288 164 1484 198 DIACONI
1510 165 1766 200 EXCERPTA

249 261 434 297 Athenaeus,
458 257 659 288 considerarit.
703 257 796 285 Porro
820 266 888 285 cum
910 256 984 285 liaeo
1007 268 1044 286 ex
1068 264 1189 288 auctore
1212 260 1326 288 Graeco
1350 259 1515 287 ‹lesumeret
1535 259 1652 294 Festus,
1678 259 1707 287 in
1730 259 1789 288 illis
1812 259 1910 288 verbis
1931 260 2089 289 reddendis
2109 271 2192 299 grae-

251 305 350 334 cissat.
394 304 466 331 Nam
495 298 609 339 ὦραίαν
635 299 790 335 παρθένον
818 300 910 328 vertit
938 302 1154 339 tempestivam.
1200 303 1240 330 De
1264 303 1365 330 Galata
1396 306 1541 337 scriptore
1570 302 1697 340 amplius
1727 312 1910 340 quaeramus.
1939 300 2038 331 Scal.
2088 302 2193 333 Urbem

251 345 423 376 condidisse.
456 342 623 379 Distingue:
645 341 743 370 urbem
767 340 933 371 condidisse
954 343 984 371 in
1005 342 1136 382 palatio,
1160 344 1274 373 Romae
1296 346 1375 383 eique
1398 342 1509 371 dedisse
1528 355 1639 373 nomen.
1660 344 1748 373 Dac.
1782 344 1936 373 Historiae
1953 343 2098 374 Cumanae
2115 355 2194 374 com-

247 390 367 428 positor.
397 385 491 413 Huius
514 395 621 413 nomen
643 385 774 423 reperire
797 395 856 412 non
882 386 973 423 potui.
994 384 1103 416 Idem.
1138 386 1266 424 Quorum
1290 387 1411 415 subiecti
1433 387 1484 425 qui
1497 386 1625 427 fuerint.
1657 387 1735 415 naec
1752 389 1891 425 Scaliger.
1923 388 1979 416 Sed
1997 387 2096 415 nescio
2115 387 2194 417 unde

248 431 298 458 ille
320 426 351 458 τὸ
374 426 648 463 Cacoxenidarum,
671 432 836 455 monstrum
860 429 935 455 enim
959 428 1042 456 verbi
1063 427 1278 458 Camooeenidae
1301 429 1498 466 omnibusque
1522 430 1630 466 opinor
1652 431 1803 466 ignotum,
1828 440 1920 468 quare
1942 429 2024 458 aliud
2046 438 2194 467 quaeren-

248 472 317 500 dum
342 475 394 499 est.
417 468 525 498 Idem.
568 469 701 498 IVIontem
722 468 868 508 palatium
892 471 921 498 in
945 481 1001 510 quo
1016 470 1253 511 frequentissimi
1276 470 1470 507 consederint,
1493 470 1685 509 appellavisse
1705 484 1724 501 α
1746 472 1855 501 viribus
1878 473 1999 511 regentis
2017 470 2193 503 Valentiam.

247 513 330 541 Hauc
352 512 506 541 historiam
528 512 624 550 tangit
645 512 763 540 Solinus
787 512 886 540 statim
911 513 993 540 initio
1019 524 1082 551 cap.
1098 517 1142 544 1.:
1176 513 1250 543 Sunt
1274 515 1323 554 qui
1345 512 1438 541 videri
1460 513 1548 541 velint
1571 513 1685 542 Romae
1706 514 1881 543 vocabulum
1905 514 1942 542 ab
1965 512 2102 543 Evandro
2123 515 2194 554 pri..

247 567 324 584 mum
348 554 465 591 clatum,
494 566 559 584 cum
583 553 721 593 oppidum
744 553 785 582 ibi
808 553 993 595 offendisset,
1025 554 1104 595 quod
1126 564 1305 585 exstructum
1330 563 1414 583 antea
1442 555 1610 584 Valentiam
1635 556 1754 585 clia-erat
1777 559 1907 586 iuventus
1929 556 2058 592 Latium
2087 567 2193 585 serva-

247 605 334 638 taque
356 598 570 638 significatione
591 598 721 634 impositi
738 598 820 636 prius
844 598 970 625 nominis
989 594 1101 635 Ῥώμην
1129 597 1252 635 Graece,
1291 597 1460 626 Valentiam
1491 600 1691 636 nominatam5
1724 611 1811 639 quam
1838 598 1971 628 Arcades
1999 600 2140 639 quoniam
2161 599 2193 627 in

246 639 366 669 excelsa
386 648 470 679 parte
492 641 598 669 montis
620 638 814 676 habitassent,
839 638 998 668 derivatum
1023 639 1170 680 deinceps,
1194 649 1224 669 ut
1248 642 1391 669 tutissima
1416 640 1529 669 urbium
1553 652 1635 670 arces
1657 649 1839 672 vocarentur.
1865 641 1973 670 Idem.
2007 639 2192 680 Agathocles

249 680 455 723 Gyzicenarum
477 693 570 711 rerum
595 682 783 721 conscriptor.
828 682 918 710 Solin.
941 683 1008 710 loco
1032 693 1119 721 supra
1144 685 1248 711 citato:
1280 682 1462 721 Agathocles
1484 682 1600 718 scribit,
1630 683 1758 712 Romam
1782 695 1839 713 non
1862 685 2008 723 captivam
2021 683 2137 725 fuisse,
2159 690 2191 712 ut

246 736 335 764 supra
359 723 468 752 dictum
492 732 548 759 est,
587 722 638 752 sed
660 724 795 753 Ascanio
819 732 936 761 natam,
970 724 1087 754 Aeneae
1108 734 1234 765 neptem,
1270 724 1477 764 appellationis
1498 726 1582 754 istius
1605 737 1738 755 caussam
1754 726 1862 767 fuisse.
1896 725 2006 754 Idem.
2049 724 2192 754 Pru-ime

241 768 351 806 flumen
373 765 481 796 Nolon.
529 768 568 794 De
594 766 716 794 flumine
742 767 818 795 Nolo
849 767 921 795 nihil
952 777 1076 805 usquam
1105 779 1149 797 nie
1180 769 1280 804 legisse
1311 768 1437 795 memini.
1484 768 1584 796 Molon
1613 775 1702 797 vocat
1729 770 1831 807 Pomp.
1856 769 1980 797 Sabinus
1997 768 2030 798 V.
2056 767 2190 798 Aeneid.:

245 808 343 837 Aiunt
364 807 484 848 quidam
508 809 641 838 Aeneam
664 808 805 848 sepultum
829 810 859 837 in
882 809 951 838 urbe
973 809 1164 850 Berezyntlzia
1184 822 1274 850 prope
1290 811 1404 851 flumen
1429 809 1546 840 Melon.
1593 812 1649 839 Sed
1677 811 1734 839 hoc
1764 811 1834 840 mihi
1866 822 1958 850 aeque
1979 810 2115 848 ignotum
2137 814 2191 841 est.

244 848 353 879 Idem.
393 848 506 880 Callias
529 850 708 891 Agathoclis
731 850 827 880 Siculi
849 853 900 891 qui
923 864 965 880 res
985 861 1082 892 gestas
1104 854 1284 891 conscripsit.
1330 852 1438 881 Calliae
1464 853 1570 889 verba,
1606 864 1681 892 quae
1705 854 1762 883 linc
1785 855 1952 892 pertinent,
1988 857 2090 882 extant
2111 852 2191 891 apud

246 892 434 931 Dionysium:
474 896 606 929 Καλλίας
629 891 658 924 δ’
684 890 699 924 ὅ
720 892 772 930 τὰς
790 892 1012 935 Ἀγαθοκλέους
1034 892 1153 935 πράξεις
1175 892 1354 935 ἀναγράψας
1377 900 1444 926 cett.
1477 896 1565 935 (Vide
1588 906 1678 936 supra
1698 898 1773 927 Scal.
1796 896 1918 936 notam).
1963 896 2059 924 Huius
2080 896 2191 924 Romae

244 935 376 965 mulieris
398 936 532 966 meminit
552 936 757 976 Lycophron:

826 979 935 1014 Τοίους
959 976 989 1009 «3⁷
1009 977 1078 1017 ἐμός
1099 992 1140 1015 τις
1162 977 1307 1019 σύγγονος
1328 980 1425 1018 λείψει
1448 981 1573 1016 διπλοῦς

823 1019 985 1058 Σκύμνους
1004 1022 1140 1058 λέοντας,
1165 1023 1265 1061 ἔξοχον
1285 1020 1398 1061 Ῥώμης
1420 1023 1513 1059 γένος.

243 1060 350 1091 Idem.
386 1062 517 1092 Lembus
539 1064 590 1103 qui
612 1061 777 1102 appellatur
799 1063 983 1093 Heraclides.
1028 1065 1109 1093 Idem
1133 1066 1224 1093 Solio.
1249 1068 1375 1102 cup.1.:
1412 1064 1572 1094 Heraclidi
1599 1064 1698 1105 placet
1723 1066 1814 1094 Troia
1844 1073 1948 1104 capta,
1984 1063 2125 1105 quosdam
2148 1074 2189 1093 ex

242 1103 368 1134 Achivis
391 1106 420 1134 in
443 1117 476 1134 ea
498 1104 566 1135 loca
588 1104 638 1134 ubi
660 1117 736 1134 nunc
760 1104 859 1134 Roma
882 1114 936 1141 est,
960 1105 1102 1136 devenisse
1121 1119 1172 1147 per
1197 1106 1344 1146 Tiberim,-
1369 1106 1472 1136 deinde
1493 1107 1632 1136 suadente
1654 1107 1764 1143 Rome,
1788 1107 1972 1137 nobilissima
1994 1108 2187 1146 captivarum,

242 1157 317 1186 quae
341 1146 386 1176 his
414 1159 508 1177 comes
535 1155 615 1184 erat,
653 1148 778 1176 incensis
806 1148 942 1186 navibus,
974 1151 1104 1188 posuisse
1131 1149 1225 1185 sedes,
1260 1151 1403 1178 struxisse
1431 1151 1543 1179 moenia
1566 1158 1591 1178 et
1614 1149 1752 1189 oppidum
1777 1150 1813 1178 ab
1836 1161 1870 1179 ea
1892 1149 2007 1178 Romen
2028 1149 2187 1179 vacavisse.

243 1189 383 1218 Lembum
407 1190 594 1219 Heraclidem
617 1190 755 1227 intelligit
778 1191 898 1219 Servius
921 1201 986 1219 cum
1011 1192 1127 1220 scribit:
1153 1191 1328 1221 Heraclides
1350 1193 1392 1221 ait
1414 1191 1529 1221 Romen
1552 1192 1677 1221 nobilem
1702 1194 1848 1232 captivam
1874 1192 2035 1221 Troianam
2057 1190 2114 1220 huc
2136 1202 2187 1230 ap-

240 1230 349 1270 pulisse
370 1239 396 1261 el
418 1232 517 1262 taedio
540 1233 630 1261 maris
652 1234 775 1262 suasisse
797 1232 906 1269 seclem,
943 1245 984 1262 ear
1006 1235 1087 1263 cuius
1111 1235 1225 1263 nomine
1247 1234 1344 1263 urbem
1368 1243 1512 1266 vocatam,
1544 1234 1657 1263 Idem.
1703 1234 1830 1264 Galatas
1857 1233 1968 1263 scribit.
2014 1234 2091 1264 Vett.
2115 1233 2188 1262 libb.

241 1273 351 1304 habeut
367 1274 504 1307 Gallitas.
536 1276 672 1304 Fortasse
695 1276 916 1304 rescribendum
937 1274 1056 1306 Clinias.
1094 1277 1230 1306 Servius:
1256 1275 1369 1306 Clinias
1392 1277 1479 1318 refert
1496 1276 1777 1315 Telemachi-filiam
1800 1276 1916 1306 Romen
1938 1277 2053 1306 nomine
2071 1276 2189 1305 Aeneae

242 1324 362 1355 nuptam
386 1317 494 1358 fuisse,
530 1329 570 1346 ex
598 1318 680 1347 cuius
708 1317 851 1347 vocabulo
873 1317 1002 1347 Romam
1025 1319 1204 1358 appellatam
1227 1322 1313 1336 ****
1336 1318 1409 1347 dicit
1432 1319 1573 1348 Latinum
1595 1331 1636 1348 οτι·
1664 1318 1765 1358 Ulysse
1784 1327 1811 1348 et
1836 1318 1917 1349 Circe
1938 1318 2047 1348 editum
2070 1317 2106 1347 de
2127 1328 2187 1348 no-

240 1359 317 1387 mine
337 1361 446 1389 sororis
467 1371 536 1389 suae
558 1367 690 1389 mortuae
711 1359 826 1390 Romen
849 1361 994 1390 civitatem
1017 1361 1187 1401 appellasse.
1232 1361 1380 1400 Suppleo:
1417 1360 1550 1401 idemque
1579 1361 1668 1398 dicit,
1705 1362 1751 1390 vel
1779 1361 1854 1390 idem
1883 1362 1958 1390 enim
1981 1360 2062 1391 dicit.
2107 1360 2185 1389 Haec

242 1401 318 1430 enim
341 1402 378 1432 de
401 1402 504 1432 eodeni
527 1403 674 1442 scriptore
695 1403 886 1441 intelligenda
909 1408 985 1432 sunt.
1023 1405 1122 1439 Quare
1146 1415 1182 1433 ex
1205 1403 1263 1432 hoc
1285 1404 1352 1432 loco
1376 1408 1511 1442 apertum
1535 1409 1593 1438 est,
1615 1404 1695 1432 Festi
1717 1404 1816 1432 locum
1840 1404 1921 1433 hunc
1943 1404 2018 1433 male
2040 1403 2185 1441 digestum

240 1452 302 1473 esse
325 1449 413 1483 atque
435 1446 523 1474 etiam
546 1445 698 1481 mutilum,
723 1446 772 1483 qui
796 1446 918 1474 atterius
942 1456 997 1484 ope
1020 1448 1063 1474 sic
1086 1447 1172 1476 facile
1196 1447 1293 1475 sanari
1317 1450 1430 1484 potest:
1457 1444 1527 1475 Cum
1548 1454 1614 1485 post
1637 1445 1746 1475 obitum
1764 1447 1882 1475 Aeneae
1902 1447 2054 1484 imperium
2077 1444 2186 1474 Italiae

237 1488 408 1525 pervenisset
435 1486 476 1516 ad
497 1487 641 1517 Latinum
669 1486 779 1527 Ulyssis
804 1487 956 1528 Circesque
974 1487 1092 1527 filium,
1130 1490 1210 1528 isque
1237 1500 1277 1518 ex
1302 1488 1397 1517 Rome
1424 1487 1588 1517 Telemachi
1616 1490 1783 1527 suscepisset
1800 1487 1889 1528 filios
1910 1487 2040 1518 Remum
2061 1486 2184 1517 Romu-

238 1527 369 1569 lumque,
393 1529 459 1559 urbi
482 1530 618 1560 conditae
639 1530 669 1558 in
690 1528 804 1568 palatio
828 1541 962 1559 caussam
982 1531 1076 1570 fuisse
1095 1530 1291 1570 appellandae
1310 1531 1494 1570 potissimum
1516 1530 1639 1561 Romae.
1672 1532 1755 1566 Quae
1777 1531 1865 1569 plane
1888 1531 2001 1569 gemina
2024 1534 2094 1560 sunt
2116 1540 2184 1559 cum

237 1573 458 1610 superioribuS,
493 1573 550 1601 nisi
580 1572 660 1611 quod
688 1572 736 1600 hic
759 1573 863 1601 Festus
893 1583 930 1601 ex
954 1574 1046 1602 Rome
1075 1574 1206 1601 sublatos
1230 1574 1338 1602 liberos
1361 1573 1468 1609 refert,
1504 1583 1576 1611 quos
1599 1574 1726 1602 eundem
1748 1574 1847 1602 locum
1871 1574 1964 1602 citans
1986 1573 2186 1611 praetermisit

237 1615 367 1645 Servius.
410 1615 460 1644 Ait
481 1615 602 1644 Servius
626 1626 663 1644 ex
683 1615 774 1644 Clinia
798 1614 966 1644 Telemachi
989 1615 1079 1644 filiam
1103 1617 1216 1644 Romen
1235 1617 1348 1645 Aeneae
1372 1621 1494 1654 nuptam
1518 1615 1623 1653 fuisse,
1646 1617 1828 1654 mortuisque
1846 1615 1944 1644 Aenea
1967 1620 1995 1644 et
2017 1616 2108 1644 Rome
2130 1616 2186 1644 La·-

238 1657 330 1687 tinum
355 1659 461 1686 Romae
485 1659 606 1686 fratrem
628 1658 752 1696 imperio
776 1659 902 1696 potitum
927 1658 964 1686 de
986 1658 1106 1686 nomine
1130 1659 1242 1687 sororis
1265 1669 1335 1687 suae
1358 1658 1462 1687 urbem
1484 1659 1609 1686 Romam
1633 1658 1751 1687 dixisse.
1786 1658 1824 1686 Et
1845 1658 1924 1687 idem
1946 1658 2036 1697 plane
2057 1657 2108 1686 hic
2131 1658 2185 1686 Fe-

237 1704 298 1728 stus
322 1711 357 1729 ex
380 1699 483 1729 eodem
505 1701 616 1737 Clinia,
654 1701 710 1729 nisi
738 1701 820 1738 quod
848 1701 932 1730 addit
956 1701 1080 1730 Aeneam
1105 1712 1141 1730 ex
1165 1702 1258 1730 Rome
1282 1702 1390 1729 liberos
1413 1701 1597 1739 suscepisse,
1634 1712 1701 1729 nam
1724 1699 1756 1731 τὸ
1779 1701 1860 1740 isque
1881 1700 1917 1729 de
1941 1701 2040 1729 Aenea
2061 1700 2187 1738 intelligi

239 1741 343 1772 debere
365 1748 479 1772 certum
503 1748 555 1772 est.
593 1743 729 1772 Iudicent
751 1748 848 1772 tamen
873 1744 991 1772 eruditi.
1028 1744 1121 1772 Porro
1145 1743 1193 1772 hic
1217 1744 1417 1782 praetermisit
1439 1744 1542 1772 Festus
1566 1753 1668 1772 eorum
1692 1744 1883 1780 sententiam,
1906 1743 1957 1782 qui
1979 1753 1995 1770 a
2018 1743 2109 1771 Roma
2132 1742 2186 1771 Ae.

239 1785 361 1824 sculapii
383 1786 443 1814 filia
466 1786 533 1814 urbi
557 1796 663 1814 nomen
684 1787 857 1824 impositum
882 1786 1084 1823 tradiderunt,
1110 1791 1142 1815 ut
1165 1786 1294 1815 Marinus
1318 1788 1380 1815 sive
1399 1786 1548 1815 Marianus
1568 1787 1812 1825 Lupercaliorum
1836 1790 1939 1824 poeta,
1964 1785 2048 1814 cuius
2071 1794 2185 1822 versus,

240 1828 288 1864 qui
312 1829 391 1867 apud
414 1829 549 1858 Servium
573 1827 653 1869 (pag.
666 1830 696 1861 4.
721 1829 766 1858 ed.
792 1827 877 1870 Dan.)
900 1830 1054 1867 leguntur,
1078 1829 1119 1857 sic
1143 1829 1314 1865 dirigendos
1338 1834 1366 1857 et
1391 1829 1601 1868 concipiendos
1624 1830 1740 1858 monuit
1762 1828 1883 1857 doctiss.
1905 1828 2081 1857 Salmasius:

933 1870 1035 1900 Roma
1058 1879 1126 1900 ante
1144 1870 1306 1900 Romulum
1318 1871 1396 1910 suit,

934 1913 971 1942 Et
994 1913 1032 1942 ab
1054 1925 1087 1942 ea
1111 1925 1213 1943 nomen
1235 1913 1382 1943 Romulus

937 1955 1113 1995 Adquisivit
1139 1978 1377 1986 ........

940 1997 999 2027 Sed
1022 1998 1099 2026 Diva
1114 1999 1204 2037 flava
1227 2006 1252 2027 et
1276 1997 1408 2028 candida

939 2039 1040 2069 Roma
1061 2039 1226 2080 Aesculapi
1239 2040 1313 2080 filia

935 2082 1052 2112 Novum
1077 2094 1180 2111 nomen
1202 2082 1293 2113 Latio
1306 2082 1397 2122 fecit.

933 2124 1026 2154 Hanc
1052 2124 1224 2154 conditricis
1246 2127 1361 2154 nomine

933 2166 985 2195 Ab
1007 2167 1073 2206 ipsa
1096 2178 1193 2196 omnes
1216 2166 1344 2197 Romam
1366 2175 1480 2197 vocant.

243 2203 378 2243 Optime,
411 2209 479 2233 sunt
501 2206 577 2234 enim
600 2207 717 2236 dimetri
738 2208 864 2237 iambici.
911 2209 1109 2238 Praetertnisit
1132 2211 1220 2239 etiam
1243 2210 1346 2239 Festus
1368 2210 1459 2239 fuisse
1482 2209 1533 2248 qui
1557 2209 1724 2246 traderent,
1750 2211 1870 2240 Romam
1893 2211 2002 2240 dictam
2024 2221 2042 2240 a
2063 2211 2182 2240 fatidica

243 2257 316 2284 quae
344 2247 539 2285 praedixisset
568 2249 703 2278 Evandro
732 2249 777 2279 his
807 2262 872 2280 eum
899 2252 973 2280 locis
1004 2257 1145 2290 oportere
1174 2253 1339 2282 considere.
1383 2253 1455 2281 Item
1484 2252 1511 2281 ei
1540 2262 1648 2281 nomen
1674 2253 1846 2292 impositum
1869 2265 1886 2282 a
1909 2254 2039 2283 Romulo
2060 2253 2182 2283 Ascanii

244 2288 304 2317 filio
327 2294 360 2318 ut
382 2290 473 2318 refert
496 2290 702 2319 Eratosthenes
724 2293 803 2329 apud
826 2295 968 2323 Servium.
994 2293 1104 2323 Idem.
1129 2294 1211 2334 (Post
1233 2305 1284 2324 vv.
1307 2293 1500 2335 appellandae
1518 2295 1726 2334 potissimum.)
1753 2296 1787 2324 In
1809 2296 1874 2325 istis
1896 2297 2013 2325 laciniis
2034 2295 2180 2325 immfim-

243 2331 317 2360 briis
340 2336 454 2360 tantum
476 2332 595 2361 odorari
618 2333 769 2370 potuimus
793 2335 828 2363 de
851 2346 1022 2374 compressu
1044 2337 1130 2373 Iliae,
1162 2340 1314 2376 expositos
1336 2338 1464 2366 infantes
1488 2338 1611 2366 Remum
1634 2343 1662 2367 et
1685 2339 1862 2374 Rornulum3
1897 2339 1976 2377 quod
2000 2349 2015 2367 a
2037 2337 2179 2367 Faustulo

244 2379 314 2402 sunt
336 2374 466 2410 educati3
496 2375 578 2413 quod
599 2385 614 2402 a
637 2384 720 2402 ruma
743 2375 800 2403 sint
823 2378 982 2412 nominati;
1013 2380 1091 2416 quod
1115 2389 1151 2408 ex
1170 2380 1312 2410 Faustulo
1336 2384 1557 2418 cognoverunt,
1587 2390 1646 2418 quo
1670 2385 1754 2417 patre
1777 2386 1874 2410 essent
1895 2380 2058 2420 procreati3
2089 2379 2180 2408 resti-

245 2418 334 2446 tuisse
356 2426 480 2455 regnum
502 2427 558 2446 avo
581 2416 743 2452 Numitori3
773 2427 824 2454 per
847 2420 971 2456 auguria
992 2420 1176 2457 decrevisse,
1203 2428 1269 2451 uter
1291 2433 1398 2452 nomen
1421 2422 1488 2451 urbi
1510 2422 1691 2461 imponere15
1721 2428 1851 2452 extrema
1874 2423 1963 2451 verba
1985 2432 2022 2451 ex
2042 2421 2177 2460 Epitoma
