2263 2668
448 120 512 154 DE
540 119 814 155 VERBORUM
839 118 1226 155 SIGNIFICATIONE
1252 119 1565 161 FRAGMENTA.
1828 124 1902 159 235

114 226 269 262 poenam
297 215 514 249 remiserunt.
568 215 609 249 P.
632 215 800 261 Africani
808 239 816 255 ‚
857 216 897 248 L.
920 214 1067 248 Mummi
1092 214 1250 248 Censura
1276 215 1442 261 insignis:
1484 218 1548 251 sed
1574 218 1608 251 in
1636 229 1706 263 qua
1730 219 1902 263 segnitiae

118 269 152 301 in
173 266 311 312 agendo
332 270 470 300 notetur
492 266 693 301 Illummz’us.
746 267 784 300 Is·
805 267 963 300 Asellam
985 266 1084 299 nulla
1105 267 1211 299 soluta
1235 277 1350 310 poena
1374 279 1417 300 ex
1439 270 1591 303 aerariis
1616 270 1760 313 exemit,
1793 269 1899 316 Afri·

119 320 200 354 cani
227 319 334 352 irrisa
362 318 550 360 severitate,
579 320 638 363 qui
664 319 762 352 illum
779 318 926 364 fecerat
947 318 1139 351 aerarium.
1192 317 1268 351 Sed
1295 322 1327 351 et
1355 319 1398 360 Q.
1420 320 1518 354 Fulvi
1538 321 1743 363 Nobilioris,
1771 322 1898 356 eteius

119 371 284 416 collegae
314 369 350 404 Τ.
373 370 468 403 Anni
495 369 602 403 Lusci
627 370 690 403 fuit
715 369 930 404 nobilissima
960 369 1136 403 Censura:
1169 369 1343 402 nobilitati
1367 371 1469 404 tribus
1495 374 1581 406 notis
1606 373 1727 407 inustis
1750 374 1898 407 severis-

118 422 224 456 simis.
281 421 324 468 Q.
348 421 496 466 Pompei
521 425 552 454 et
583 420 625 467 Q.
652 421 787 456 Caecili
812 421 945 455 Metelli
971 420 1198 454 Macedonici
1228 420 1386 454 Censura
1413 423 1520 457 lectus
1545 430 1695 464 senatus;
1734 425 1778 458 ad
1806 437 1897 459 sum-

118 485 214 507 mum
240 477 420 507 senatores
442 474 551 506 amoti
575 477 653 506 sant
672 479 756 515 tres,
785 478 817 506 et
839 485 880 507 eo
901 473 1044 514 lumine,
1073 473 1132 518 qm·
1151 473 1303 506 aliorum
1326 472 1547 521 offunderent
1569 476 1763 511 claritatem.
1816 477 1896 510 Re-

119 526 294 567 dinunt,
334 523 537 571 significat,
571 525 738 568 redeant,
774 526 899 559 Ennius
949 550 958 558 .
1633 553 1640 560 .
1693 528 1896 561 redinunt

119 578 159 610 in
187 576 391 622 patriam
524 602 530 609 .
587 601 595 609 .
655 602 662 610 .
721 601 729 609 .
784 603 791 610 .
845 603 852 610 .
906 602 915 610 .
1102 580 1180 609 eunt
1214 576 1277 608 feri
1459 602 1466 609 .
1521 604 1832 613 ,,,,,,
1888 605 1895 611 .

119 628 305 673 Regium
334 632 400 668 est,
429 627 523 672 quod
551 631 616 667 est,
645 632 705 661 aut
730 627 800 672 suit
820 628 953 673 Regis,
980 632 1015 661 ut
1040 639 1151 660 servus
1177 627 1320 673 regius,
1346 631 1379 660 et
1405 628 1529 662 domus
1554 631 1677 675 regia,
1705 631 1820 675 qualis
1847 635 1896 664 est

118 680 249 714 Numae
271 679 428 724 Pompili.
456 683 493 712 at
520 679 649 724 regale
664 679 830 725 facinus,
858 680 952 725 quod
978 682 1028 713 est
1055 679 1199 725 dignum
1226 690 1318 724 rege.

286 755 507 789 Romanos
533 755 568 788 in
594 755 652 789 lib.
671 755 738 790 XI.
771 755 928 789 Graecos
956 756 1107 801 appellat
1140 755 1285 796 Ennius,
1320 766 1398 788 cum
1426 756 1495 788 ait:
1533 756 1748 790 Contendant
1780 756 1898 790 Grae-

120 818 198 849 c0S‚
242 806 363 840 Graios
391 818 589 840 memorare
616 808 722 840 solent
754 819 826 848 sos,
869 808 963 853 qaod
988 808 1133 841 Graeca
1166 808 1283 852 lingua
1317 807 1440 852 longos
1474 819 1535 851 per
1567 810 1732 853 temporis
1765 812 1899 841 tractus

119 858 285 905 gentibus
311 858 456 904 Hispani
468 863 490 893 *.
544 860 620 892 Non
646 856 855 892 Romanos2
882 860 933 893 ait
964 859 1103 893 Graece
1129 860 1277 899 locutos,
1322 870 1399 892 cum
1426 859 1590 892 Romulus
1624 860 1714 893 urbis
1741 860 1900 893 conditor

120 909 236 944 verbis
265 911 430 956 Linguae
455 911 602 944 Latinae
628 911 757 945 locutus
784 910 839 949 sit3
877 911 942 945 sed
967 911 1061 956 quod
1088 911 1169 944 olim
1196 911 1342 956 Lingua
1375 909 1554 944 Graeciae
1580 913 1688 955 gentis
1713 912 1811 944 fuerit
1837 923 1898 944 ea-

120 962 202 995 dem
230 973 309 995 cum
335 962 484 1004 Latina,
510 973 644 1007 param
666 962 867 1008 prolatione
894 968 1028 996 mutata.
1056 962 1124 996 hoc
1150 966 1267 996 autem
1293 973 1413 995 verum
1442 973 1515 995 esse
1542 963 1669 996 indicat
1695 963 1792 1007 origo
1820 963 1898 1002 eius,

120 1025 212 1059 quae
237 1014 378 1047 videtur
404 1014 505 1058 quasi
531 1013 698 1047 Graecae
725 1015 908 1058 usurpatio.
961 1012 1154 1059 Rigido3
1182 1017 1267 1047 tum
1295 1014 1484 1047 caerula
1510 1025 1627 1054 suro,
1654 1025 1732 1047 cam
1755 1015 1805 1047 ait
1827 1014 1898 1047 En-

120 1065 210 1106 nius,
253 1065 405 1098 locatus*
429 1065 561 1098 videtur
593 1077 700 1110 super
731 1069 844 1109 etymo
877 1065 976 1099 verbi
1007 1066 1150 1099 caeruli.
1187 1070 1235 1098 est
1261 1066 1348 1098 enim
1376 1077 1395 1098 a
1422 1066 1571 1098 matris**
1597 1065 1742 1099 nomine.
1778 1066 1898 1099 eodem

120 1116 226 1150 verbo
253 1117 300 1150 de
327 1117 453 1150 eadem
474 1128 510 1150 re
529 1128 606 1150 usus
626 1121 725 1150 estet
745 1117 864 1152 L.11.:
891 1117 996 1151 Fert
1023 1129 1068 1152 se
1093 1129 1136 1151 se
1156 1128 1240 1163 per
1267 1117 1391 1151 laeta
1419 1117 1562 1163 campi
1589 1118 1778 1156 caerula;
1804 1123 1899 1162 prata

121 1169 265 1203 caerula
289 1180 391 1202 mare
425 1169 539 1214 ipsum
566 1168 657 1202 dixit
684 1174 717 1202 et
742 1168 838 1202 alibi:

207 1228 323 1263 ⁴Inde
350 1228 500 1262 Parum
520 1239 603 1274 per
629 1229 817 1263 caerula
843 1227 1032 1263 navibus
1059 1228 1377 1263 ambulabant*.

120 1288 243 1322 Parum
268 1289 407 1322 insulam
432 1285 453 1337 Η
474 1288 588 1322 refert.
639 1288 741 1322 Item:

1818 1285 1898 1332 [96]

222 1348 356 1383 Unum
382 1359 521 1383 surum
548 1360 666 1382 surus
691 1349 827 1391 ferre,
862 1354 1000 1382 tamen
1026 1348 1268 1383 defendere
1294 1352 1512 1395 possunt*.

122 1467 174 1497 lib.
197 1468 226 1500 6.
262 1468 306 1497 De
334 1467 366 1496 L.
395 1467 487 1496 Paulo
517 1471 547 1496 et
576 1467 612 1503 Q.
641 1466 790 1507 Philippo.
834 1467 937 1497 Livius
960 1468 991 1497 in

121 1510 252 1549 epitoma
276 1511 326 1539 lib.
346 1512 397 1542 46.
421 1515 449 1539 et
471 1510 651 1540 Plutarchus
671 1511 703 1539 in
725 1511 817 1539 Paulo
846 1512 991 1540 memine-

121 1558 204 1590 runt,
227 1554 409 1592 traduntque
421 1552 477 1582 hos
500 1563 637 1582 censores
660 1553 691 1582 in
706 1554 896 1582 recensendis
913 1555 995 1592 equi·

121 1595 202 1624 tibus
225 1596 365 1626 Romanis
387 1601 448 1624 tres
471 1606 486 1624 e
508 1597 618 1624 Senatu
641 1596 787 1632 movisse3
809 1597 993 1635 Paulumque

125 1647 249 1667 censura
280 1649 385 1676 magna
407 1648 443 1666 ex
466 1643 551 1676 parte
573 1643 671 1676 gesta,
703 1638 734 1666 in
758 1639 896 1668 morbum
920 1639 994 1668 inci-

122 1679 208 1709 disse.
252 1680 293 1709 De
323 1681 363 1709 M.
393 1680 540 1719 Popillio,
582 1685 611 1709 et
638 1681 668 1709 P.
692 1681 831 1720 Scipione
860 1682 994 1710 meminit

124 1722 200 1752 Plin.
223 1723 272 1751 lib.
289 1723 337 1754 34.
354 1722 494 1761 Idemque
516 1723 565 1751 lib.
581 1726 628 1755 17.
655 1726 781 1762 cap.26.
804 1724 914 1762 inquit:
935 1726 992 1753 Ro-

124 1775 187 1794 mae
212 1765 242 1794 in
270 1765 415 1804 Capitolio
443 1766 474 1794 in
504 1776 554 1794 ara
576 1766 656 1795 Iovis
678 1766 756 1795 bello
788 1767 884 1796 Persei
907 1772 990 1796 enata

123 1808 223 1846 palma
245 1808 413 1844 victoriam,
431 1807 660 1847 triumphosque
676 1809 839 1847 portendit.
849 1808 905 1838 hac
921 1815 992 1839 tem-

123 1855 236 1889 pestate
262 1855 426 1889 prostrata,
457 1850 559 1879 eodem
589 1851 656 1881 loco
677 1852 753 1880 ficus
776 1858 859 1880 enata
887 1858 931 1882 est
953 1853 991 1882 M.

124 1893 285 1930 Messalae,
327 1893 358 1922 C.
384 1893 463 1921 Cassi
485 1903 641 1922 censorum
664 1895 769 1924 lustro.
796 1905 811 1923 a
836 1906 895 1934 quo
920 1900 990 1924 lem-

124 1946 196 1974 pore
219 1935 394 1975 pudicitiam
411 1935 583 1965 subversam
602 1936 668 1965 Piso
685 1938 782 1976 gravis
800 1942 906 1966 auctor
921 1948 991 1977 pro-

125 1978 201 2007 didit
223 1983 278 2007 etc.
302 1987 369 2006 cum
390 1983 486 2007 autem
509 1979 540 2007 in
562 1980 691 2017 vulgatis
716 1980 896 2009 editionibus
919 1980 991 2009 scri-

124 2025 209 2059 ptum
232 2022 285 2058 sit,
311 2022 342 2049 in
365 2021 530 2059 capitoliis,
553 2032 607 2050 nos
629 2023 866 2059 emendavimus,
887 2023 917 2051 in
941 2033 991 2052 ara

123 2064 218 2100 lovis,
243 2063 325 2102 quod
350 2064 378 2091 in
401 2063 478 2092 libro
502 2064 583 2103 apud
613 2075 659 2094 me
682 2065 792 2094 collato
816 2075 884 2094 cum
907 2070 991 2094 vetu-

123 2106 260 2136 stissimis
291 2106 509 2145 exemplaribus
533 2106 572 2135 sit
600 2108 632 2135 in
654 2119 711 2136 ara
734 2107 828 2144 labis,
863 2112 892 2136 et
914 2107 992 2136 Festi

122 2149 321 2188 fragmentum
349 2147 440 2177 habel.
469 2149 556 2188 plane
586 2151 617 2177 in
638 2161 694 2178 ara
717 2174 723 2180 .
748 2174 755 2180 .
780 2172 786 2179 .
810 2172 818 2179 .
842 2160 900 2189 quo
925 2160 993 2178 sane

124 2192 294 2221 testimonio
309 2190 433 2220 mirifice
457 2191 671 2231 comprobatur
694 2192 859 2221 emendatio
883 2197 994 2220 nostra.

124 2235 165 2263 De
188 2235 220 2264 L.
245 2234 391 2268 Lentulo,
416 2239 446 2262 et
474 2234 506 2262 L.
529 2234 640 2263 Marcio
665 2235 838 2264 censoribus
863 2235 902 2263 ita
929 2234 993 2263 Val.

122 2277 270 2306 Maximus
293 2276 398 2306 scribit
413 2276 462 2304 lib.
479 2277 506 2308 5.
532 2277 564 2304 L.
582 2277 725 2306 Lentulus
749 2277 914 2306 consularis
930 2277 994 2315 lege

123 2320 251 2349 Caecilia
280 2318 513 2358 repetundarum
542 2319 665 2348 crimine
693 2329 854 2359 oppressus
883 2320 996 2348 Censor

123 2373 192 2392 cum
223 2363 255 2391 L.
287 2362 449 2391 Censorino
474 2366 589 2390 creatus
613 2367 664 2391 est.
721 2363 762 2391 l)e
787 2362 819 2390 1..
844 2361 995 2400 Africano,

123 2410 153 2434 et
176 2406 207 2435 L.
233 2405 375 2434 Mummio
400 2404 532 2434 meminit
557 2405 660 2434 Cicero
682 2405 734 2434 lib.
758 2408 782 2433 2.
808 2404 844 2434 de
868 2410 995 2441 oratore,

1034 1467 1066 1496 in
1090 1477 1150 1506 quo
1173 1466 1295 1502 scribit,
1333 1466 1459 1496 Claudio
1489 1465 1590 1494 Asello
1613 1473 1722 1503 equum
1746 1474 1761 1491 a
1784 1463 1814 1491 P.
1837 1462 1902 1490 Sci-

1034 1511 1124 1550 pione
1148 1511 1237 1539 fuisse
1261 1510 1447 1549 ademptum,
1469 1518 1597 1547 eumque
1618 1507 1649 1535 in
1673 1507 1800 1535 aerarios
1823 1506 1902 1534 rela-

1035 1559 1118 1590 tum,
1142 1553 1194 1582 sed
1220 1564 1236 1581 a
1257 1554 1289 1581 L.
1312 1553 1454 1581 Mummio
1478 1552 1576 1581 statim
1601 1560 1637 1580 ex
1660 1549 1780 1578 aerariis
1806 1558 1903 1576 exem-

1035 1601 1131 1635 ptum.
1155 1596 1241 1624 cuius
1265 1595 1384 1634 quidem
1407 1594 1528 1624 Mummi
1551 1594 1581 1622 in
1614 1593 1728 1630 agendo
1752 1590 1903 1629 segnitiem

1035 1643 1121 1668 notat
1144 1637 1322 1667 Plutarchus
1341 1638 1372 1666 in
1394 1636 1545 1676 Apophth.
1570 1635 1605 1671 Q.
1625 1634 1800 1669 Nobilioris‚
1825 1637 1853 1661 et
1868 1631 1902 1662 T.

1034 1681 1123 1710 Lusci
1145 1691 1285 1710 censurae
1308 1681 1391 1709 nulla
1415 1685 1496 1708 extat
1524 1678 1664 1706 memoria
1695 1677 1726 1705 in
1752 1674 1901 1704 veteribus

1036 1724 1244 1753 monumentis.
1269 1733 1306 1752 ex
1337 1723 1502 1760 fragmento
1529 1725 1626 1749 tamen
1656 1718 1840 1758 Capitolino,
1873 1721 1902 1746 et:

1034 1766 1092 1795 hoc
1122 1766 1218 1801 Festi,
1254 1770 1370 1794 constat
1399 1774 1549 1793 censorem
1579 1762 1671 1791 fuisse
1699 1762 1735 1797 Q.
1764 1759 1902 1790 Nobilio-

1034 1819 1115 1844 rem,
1145 1809 1195 1837 cui
1227 1809 1340 1846 collega
1372 1806 1560 1847 quaerendus
1588 1815 1656 1834 cum
1683 1806 1738 1841 sit,
1768 1808 1900 1832 extrema

1033 1852 1084 1880 illa
1122 1851 1307 1890 cognominis
1344 1849 1460 1889 syllaba
1496 1871 1504 1879 .
1547 1870 1554 1877 .
1594 1869 1602 1876 .
1679 1869 1686 1876 .
1824 1865 1835 1875 .
1864 1845 1901 1881 ci,

1034 1894 1148 1923 indicat
1184 1894 1219 1922 T.
1254 1892 1385 1921 Annium
1410 1893 1558 1927 Luscum,
1606 1890 1655 1928 qui
1694 1899 1754 1918 cos.
1783 1891 1902 1917 creatur

1034 1947 1112 1966 anno
1143 1936 1286 1964 Dcxxv.
1317 1945 1385 1964 cum
1417 1934 1453 1970 Q.
1477 1932 1628 1962 Nobiliore
1652 1941 1807 1961 censuram
1837 1939 1902 1968 ges-

1035 1982 1115 2008 sisse.
1164 1979 1206 2006 De
1236 1978 1270 2013 Q.
1292 1978 1404 2006 Metelli
1432 1975 1632 2013 Macedonici,
1669 1979 1699 2004 et
1722 1974 1758 2010 Q.
1781 1970 1902 2011 Pompei

1035 2031 1159 2051 censura
1187 2020 1334 2049 videndus
1369 2019 1485 2048 Plinius
1518 2018 1594 2047 libro
1625 2020 1654 2049 7.
1690 2027 1756 2055 cap.
1777 2016 1830 2047 43·
1861 2029 1901 2037 -

1035 2063 1063 2103 Ξ)
1093 2063 1281 2101 Romanos]
1319 2062 1474 2092 Videndus
1510 2060 1669 2100 Dionysius
1702 2059 1753 2088 lib.
1778 2060 1805 2088 1.
1845 2056 1903 2085 An-

1036 2106 1209 2145 tiquitatum
1245 2106 1452 2134 Romanarum.
1507 2104 1585 2132 Urs.
1612 2117 1654 2124 -—
1697 2100 1726 2141 3)
1757 2098 1902 2139 Rigida]

1038 2150 1110 2177 Cato
1146 2147 1182 2176 de
1210 2157 1243 2176 re
1273 2148 1385 2177 rustica
1414 2157 1478 2186 cap.
1503 2150 1532 2178 1.
1591 2144 1706 2173 Bonum
1736 2142 1902 2182 aquarium,

1037 2191 1242 2230 oppidumque
1263 2190 1397 2220 validum
1421 2190 1494 2226 siet,
1525 2192 1579 2217 aut’
1598 2196 1694 2224 mare,
1724 2190 1777 2215 aut
1798 2184 1903 2221 amnis,

1038 2244 1095 2272 qua
1118 2243 1209 2262 naves
1233 2233 1394 2263 ambulant.
1447 2232 1551 2261 Cicero
1574 2229 1662 2259 etiam
1686 2229 1778 2258 maria
1801 2227 1903 2274 ambu?

1035 2277 1144 2305 lavisse
1178 2275 1255 2305 dixit
1283 2275 1513 2315 Xenophontem
1543 2273 1687 2301 imitatus.
1742 2272 1775 2300 In
1813 2269 1902 2298 Ennii

1038 2324 1136 2348 autem
1150 2327 1239 2347 versu
1261 2319 1347 2348 metri
1371 2326 1459 2347 causa
1483 2314 1695 2345 ambullabant
1710 2313 1902 2343 scribendum

1037 2367 1186 2401 putamus.
1208 2371 1276 2390 nam
1300 2361 1428 2391 Ennium
1441 2359 1571 2400 primum
1592 2358 1754 2396 geminasse
1776 2355 1903 2401 semivo-

1038 2405 1136 2440 cales,
1173 2409 1387 2442 consonantes,
1426 2407 1456 2433 et
1477 2406 1574 2431 mutas
1595 2399 1738 2430 habemus
1760 2408 1850 2438 supra
1873 2404 1902 2424 m

1544 2453 1660 2497 Gg*

1907 859 1916 868 ”
1928 858 1946 884 s.
1970 858 2070 898 {lespe-

1959 901 2022 918 nae.

1909 1062 1938 1086 ·f.
1958 1061 2055 1086 iocatus

1908 1095 1959 1122 “fi
1979 1095 2055 1120 maris

1907 1222 1936 1248 ·f.
1952 1221 2073 1246 ambulla-

1957 1257 2026 1281 bant.

1910 1346 1920 1356 ³
1928 1345 1946 1370 f.
1961 1348 2071 1379 possent.
