2263 2668
525 139 590 173 DE
615 139 1001 174 SIGNIFICATIONE
1027 138 1312 175 VERBORUM.
1365 138 1510 174 LIBER
1535 142 1628 177 VIII.
1969 143 2046 178 445

104 235 211 270 victos,
237 232 294 262 Ῐιοο
316 239 357 261 est
379 239 456 260 terra
480 239 505 260 ei
528 230 633 261 altrice
654 232 718 271 ipsa
741 230 828 260 humo
851 239 877 260 et
898 231 1066 260 humatione
1084 229 1196 268 cedere,
1220 243 1303 271 quem
1325 243 1433 261 morem
1455 233 1621 264 etiamnunc
1637 232 1742 263 durare
1755 235 1786 263 in
1802 232 1959 263 Germania
1972 236 2043 267 scio.

104 275 193 304 Vides
214 275 296 304 hunc
317 285 428 303 morem
452 275 481 302 in
506 274 662 303 Germania
685 279 780 303 aetate
803 274 904 311 Plinii,
940 278 969 303 et
990 283 1043 311 ego
1068 283 1134 302 eum
1164 275 1333 303 etiamnunc
1356 274 1464 304 durare
1486 276 1516 304 in
1540 276 1685 306 Vasconia
1708 282 1789 306 certo
1812 278 1888 314 scio,
1926 282 1954 306 et
1975 278 2045 307 inde

104 318 247 356 originem
270 318 396 346 traxisse
419 317 563 353 arbitror,
604 317 684 355 quod
713 327 779 345 eum
803 317 930 356 primum
953 325 1067 355 pugnae
1089 325 1181 353 genus
1203 318 1282 355 apud
1306 318 1445 356 antiquos
1470 323 1574 357 utpote
1596 324 1731 358 pastores
1753 320 1834 348 lucta
1855 320 1963 357 fuerit,
2000 321 2044 349 vi-

104 365 169 389 ctus
192 365 226 389 ut
248 371 279 389 se
301 365 409 388 terram
433 359 562 397 tetigisse
586 359 755 388 ostenderet
776 364 805 388 et
825 360 865 388 ita
888 369 918 387 se
940 359 1029 397 plane
1057 359 1200 387 minorem
1229 360 1387 397 fateretur,
1427 360 1534 389 victori
1563 361 1683 391 herbam
1711 372 1748 391 ex
1773 362 1876 391 eodem
1898 363 1967 391 loco
1990 362 2045 392 de-

105 408 236 442 cerptam
258 402 436 442 porrigebat.
469 401 526 430 Sed
547 407 651 440 postea
675 402 749 430 illud
774 401 810 430 ad
832 402 888 430 alia
910 400 1083 430 traductum
1108 406 1135 429 et
1151 400 1267 430 herbam
1292 401 1361 430 clare
1376 413 1432 441 pro
1455 413 1485 431 se
1508 404 1620 433 victum
1643 405 1729 433 fateri
1753 405 1865 433 dictum
1889 409 1941 434 est.
1972 405 2046 434 Inde

103 446 231 474 Nonius:
272 444 405 474 Herbam
433 451 537 473 veteres
563 442 695 484 palmam
726 443 773 473 vel
800 445 950 473 victoriam
983 442 1043 472 dici
1068 442 1180 474 volunt.
1224 444 1282 473 Sed
1309 444 1383 473 haec
1413 446 1504 484 paulo
1534 447 1619 476 aliter
1647 447 1768 476 Servius
1798 447 1835 476 ad
1863 447 1938 476 illud
1965 447 2043 477 VIII.

104 491 177 518 Aen.
201 488 316 528 (116.):

635 527 672 556 Et
694 528 766 557 viiia
789 536 919 568 comptos
940 525 1032 557 voluit
1051 526 1237 566 praetendere
1259 539 1366 557 ramos.

110 580 149 610 Ut
172 581 202 609 in
222 581 307 620 pacis
327 579 480 619 petitione,
504 579 617 617 inquit,
643 590 740 607 ramus
761 578 855 608 olivae
877 590 940 608 cum
963 579 1042 607 vitris
1065 578 1254 619 offerebatur,
1276 580 1386 618 partim
1399 578 1545 620 fabulae,
1567 581 1676 620 partim
1700 588 1822 610 naturae
1842 581 1933 623 efficit
1958 583 2044 611 ratio.

104 622 183 652 Nam
207 633 271 651 cum
296 620 331 650 cle
353 623 467 650 nomine
489 621 674 650 Athenarum
698 621 849 660 Neptunus
870 629 896 649 ez
920 621 1056 650 Minerva
1079 620 1299 657 contenderent,
1331 629 1356 649 et
1379 622 1504 650 iussisset
1525 622 1649 662 Iupiter,
1673 631 1703 652 ut
1725 622 1807 652 illius
1829 624 1943 653 nomine
1965 623 2045 653 dice-

105 673 184 694 retur·
206 665 326 700 civitas,
353 665 404 703 qui
425 674 528 692 munus
551 663 653 692 melius
676 662 825 692 obtulisset
848 663 1025 699 hominibus,
1049 674 1152 703 equum
1176 662 1341 702 Neptunus,
1365 663 1503 693 Minerva
1526 664 1633 694 olivam
1651 664 1776 706 protulit
1798 673 1823 694 et
1845 667 1945 694 statim
1966 667 2046 697 vicit.

109 705 194 736 Unde
216 718 280 736 cum
304 707 362 734 eius
385 717 483 734 ramus
506 704 598 735 alicui
620 706 759 746 offertur,
785 705 899 734 indicat
921 717 982 734 eum
1006 717 1063 733 esse
1086 704 1243 734 meliorem.
1287 705 1371 735 Hinc
1393 713 1433 735 est
1456 705 1532 734 illud
1551 707 1751 746 proverbium:
1779 707 1911 736 Her-bam
1935 707 1990 744 do,
2014 707 2047 736 id

105 757 146 778 est
169 747 239 778 cedo
261 749 431 784 victoriam,
468 747 548 788 quoti
572 747 671 776 Varro
696 749 725 776 in
749 749 934 788 antiquarum
962 746 1045 777 libris
1065 748 1166 787 ponit:
1207 746 1277 776 Cum
1300 749 1330 776 in
1353 747 1496 788 agonibus
1519 748 1636 778 herbam
1661 751 1691 779 in
1714 749 1832 779 modum
1853 749 1972 790 palmae
1994 749 2048 778 dat

105 790 214 832 aliquis
238 791 277 824 ei,
302 801 365 820 cum
389 802 446 830 quo
471 789 640 819 contendere
662 801 718 819 non
742 791 820 829 capit
842 789 1000 832 etfalemr
1021 801 1079 818 esse
1101 789 1256 820 meliorem.
1291 790 1370 819 Haec
1393 791 1529 824 Servius,
1553 792 1603 820 sed
1627 793 1717 821 multo
1740 793 1844 821 melius
1867 793 1979 822 Festus.
2014 793 2048 820 In

106 833 230 863 Graecia
254 837 352 862 autem
374 843 478 861 manus
501 834 564 862 sive
588 843 707 861 manum
730 833 802 861 victi
823 834 937 871 pugiles
961 832 1159 871 porrigebant.
1203 832 1352 862 Theocrit.
1374 833 1460 872 Idyll.
1481 834 1580 871 XXII,
1605 833 1716 874 (129.):

642 902 679 906 —
724 900 766 905 -—
800 885 858 918 πᾶς
882 878 909 912 δ’
935 883 981 913 ἐπὶ
1007 886 1094 923 γαῖαν

641 923 722 956 Κεῖτ’
746 921 976 964 ἀλλοφρονέων,
1009 926 1058 956 καὶ
1081 923 1234 965 ἀνέσχετο,
1265 929 1350 962 νῖκος
1373 923 1518 956 &nonduin

637 966 822 1009 Ἀμφοτὲρας
845 966 908 1008 ἅμα
929 971 1037 1009 χεῖρας.

104 1011 161 1040 Ubi
183 1011 255 1039 olim
276 1011 374 1050 plura.
419 1011 506 1041 Dae.

269 1060 402 1091 Heluo.
446 1063 489 1091 Ab
513 1060 652 1100 eluendo,
675 1062 755 1101 elno,
781 1064 831 1102 qui
854 1063 933 1091 bona
956 1073 1007 1091 sua
1031 1062 1102 1091 eluit
1124 1062 1142 1091 i.
1162 1073 1186 1093 e.
1212 1062 1350 1101 dissipat,
1375 1063 1490 1102 perdit;
1515 1074 1581 1092 cum
1605 1063 1785 1101 aspiratione
1807 1061 1900 1092 heluo.
1937 1062 2048 1091 Gloss.:

103 1103 223 1141 Helue,
253 1102 423 1143 λαφύκτης,
459 1104 573 1133 heluam·
600 1102 782 1143 λαφύσσειν,
820 1105 947 1134 haurire.
993 1105 1151 1141 Quomodo
1179 1104 1296 1134 haurire
1323 1116 1390 1144 opes
1413 1106 1490 1135 dixit
1512 1106 1655 1134 Martialis
1679 1103 1753 1146 (IX,
1776 1104 1857 1144 83.).
1900 1105 1957 1133 Sed
1981 1104 2050 1133 vide

103 1145 241 1176 Helvela.
273 1146 360 1176 Duc.
406 1146 504 1176 Heluo
534 1158 593 1175 uon
623 1148 658 1176 ab
688 1147 826 1185 eluendo,
866 1158 1018 1187 nunquam
1047 1148 1124 1177 enim
1153 1148 1365 1187 praepositioni
1388 1160 1428 1178 ex
1452 1149 1617 1187 aspiratur,
1654 1148 1706 1177 sed
1737 1148 1771 1176 ab
1795 1146 1864 1176 halo
1887 1146 2048 1183 descendit,

104 1189 187 1228 quod
208 1189 312 1217 Festus
335 1190 376 1226 (v.
400 1188 523 1227 Elaeus)
546 1190 711 1228 significare
734 1191 821 1219 docet
842 1201 925 1227 eum,
949 1191 999 1229 qui
1023 1190 1161 1219 hesterno
1184 1190 1256 1219 vino
1280 1195 1323 1219 est
1346 1191 1513 1228 languidus.
1545 1189 1629 1220 Halo
1652 1195 1750 1219 autem
1773 1190 1901 1219 eiusdem
1925 1194 1968 1218 est
1990 1189 2050 1218 ori-

103 1232 196 1270 ginis,
226 1236 314 1270 atque
338 1232 519 1260 Graecorum
544 1230 616 1270 ἄλη,
648 1243 723 1271 quae
747 1243 775 1262 v.
798 1244 937 1269 errorem,
969 1232 1188 1272 dissipationem
1211 1233 1347 1270 denotat,
1373 1234 1451 1263 unde
1475 1231 1620 1272 ἆλάομαι,
1644 1243 1726 1270 erro,
1750 1243 1849 1270 vagor.
1895 1231 2050 1268 Quemad-

103 1274 226 1303 modum
248 1284 320 1302 vero
344 1285 361 1303 a
386 1275 499 1302 Graeco
524 1271 578 1313 ἄλη
603 1275 754 1304 descendit
774 1272 874 1311 ἀλύω,
906 1275 984 1304 unde
1007 1273 1119 1314 ἄλύκη,
1151 1272 1269 1313 ἅλυσις,
1293 1271 1429 1314 «imaum,
1453 1275 1595 1311 ἅλυκτος,
1619 1271 1765 1312 ἆλυκτέω,
1789 1272 1958 1311 ἄλυκτὰζω,
1982 1272 2050 1304 ἀλυ-

103 1318 230 1353 κταίνω,
262 1313 443 1355 dinumerat,
474 1317 516 1344 sic
539 1317 575 1345 ab
599 1316 685 1355 halo,
714 1318 839 1346 veniunt
861 1316 1044 1354 halucinari,
1068 1317 1168 1355 heluo,
1191 1317 1302 1355 elucus,
1328 1317 1456 1348 helucus.
1501 1319 1537 1347 Et
1559 1316 1629 1347 halo
1653 1318 1772 1357 quidem
1795 1316 1875 1345 haud
1897 1316 1985 1345 dubie
2008 1327 2051 1345 er-

103 1369 218 1395 ronem,
248 1363 312 1387 turn
335 1357 540 1395 vacillantem,
577 1359 606 1387 h.
630 1370 653 1388 e.
677 1360 728 1398 qui
752 1365 850 1389 mente
873 1370 907 1388 ac
929 1359 1054 1399 pedibus
1078 1371 1137 1388 non
1161 1361 1232 1389 satis
1255 1365 1390 1390 constare
1412 1367 1525 1400 potest,
1556 1360 1709 1399 significat.
1755 1360 1852 1396 Quare
1874 1357 2049 1395 halucinari,

103 1401 185 1439 quod
208 1405 252 1429 est
274 1411 437 1440 procusum
460 1405 493 1429 ut
514 1403 721 1439 sermocinari,
744 1403 866 1442 proprie
889 1407 987 1431 mente
1010 1403 1166 1439 vacillare,
1186 1402 1309 1444 faseln,
1331 1404 1498 1432 necessario
1521 1403 1608 1433 valet.
1655 1402 1770 1440 Helue,
1793 1401 1874 1441 quod
1897 1411 1911 1430 e
1931 1410 2051 1440 permu-

101 1444 213 1472 tatione
235 1444 349 1472 vocalis
371 1444 510 1472 radicalis
532 1449 648 1482 ortum,
676 1456 737 1474 non
760 1445 885 1485 proprie
908 1450 991 1474 notat
1014 1456 1080 1474 eum
1104 1445 1156 1484 qui
1179 1446 1304 1484 dissipat
1326 1447 1402 1476 bona
1426 1457 1495 1483 sua,
1525 1446 1575 1475 sed
1599 1446 1649 1485 qui
1671 1445 1731 1474 hue
1753 1445 1824 1473 illuc
1847 1444 2052 1481 circumvaga·

103 1491 171 1523 tur,
195 1491 285 1525 atque
307 1487 349 1515 ita
372 1487 525 1523 vorando,
553 1488 701 1525 potando,
731 1488 864 1516 ludendo
889 1487 1101 1526 patrimonium
1125 1488 1283 1518 consumit.
1330 1489 1413 1517 Unde
1434 1488 1563 1525 keluari,
1593 1488 1749 1517 helnonem
1773 1498 1850 1523 esse,
1879 1495 2051 1515 consumere

102 1529 296 1567 dissipand03
333 1529 414 1566 quod
437 1529 523 1557 etiam
547 1530 664 1567 passive
687 1529 814 1566 dicitur,
850 1534 884 1558 ut
906 1529 1010 1567 virgil.
1034 1530 1176 1559 catalect.
1199 1531 1346 1569 pag-142.
1371 1531 1490 1561 Burm.:
1525 1529 1563 1559 Et
1591 1529 1706 1560 heluam
1732 1541 1795 1559 sera
1815 1529 1993 1569 patrimonio
2016 1525 2051 1556 In

99 1569 197 1610 fratre
213 1571 408 1609 parsimonia.
452 1570 513 1598 Iam
542 1570 659 1599 helucus
682 1576 710 1600 et
732 1572 823 1600 subet.
847 1571 1029 1600 abstractum
1052 1570 1182 1608 elucum,
1220 1573 1270 1600 Gr.
1290 1569 1401 1612 οἷλύκη,
1442 1574 1478 1601 ab
1500 1573 1650 1602 heluando
1674 1573 1844 1609 derivatur,
1880 1576 1908 1600 et
1930 1569 2052 1610 proprie

103 1617 148 1641 est
170 1611 348 1647 hela-icus,
371 1610 565 1649 hela-icum,
595 1618 628 1641 ut
650 1624 665 1641 a
686 1612 774 1650 villa,
800 1612 933 1650 villicus,
964 1624 979 1641 a
1003 1614 1090 1649 civis,
1114 1614 1239 1650 civicus,
1263 1614 1298 1642 ab
1322 1614 1429 1652 hostie,
1451 1615 1597 1652 hosticus3
1622 1615 1704 1654 quod
1727 1625 1818 1653 genus
1838 1612 2051 1643 contractionis

104 1654 244 1683 usitatius
267 1659 311 1683 est
333 1654 363 1682 in
387 1654 540 1682 adiectivis
563 1665 639 1693 quae
662 1655 692 1683 in
715 1663 780 1684 utus
804 1655 954 1684 desinunt.
991 1655 1174 1694 significabit
1196 1656 1286 1694 igitur
1308 1655 1427 1686 helucus
1448 1657 1596 1686 hominem
1618 1657 1768 1686 heluando
1790 1657 1938 1693 deditum,
1960 1655 2050 1692 vulgo

104 1700 202 1725 autem
226 1706 310 1732 eum,
340 1696 392 1733 qui
417 1695 556 1725 hesterno
579 1697 650 1725 vino
674 1698 772 1735 gravis
796 1702 856 1734 est,
884 1696 1031 1734 helucum,
1061 1698 1232 1737 crapulam,
1256 1699 1445 1737 gravedinem
1469 1710 1506 1728 ex
1528 1700 1660 1738 crapula.
1705 1701 1747 1730 Cf.
1771 1700 1856 1728 etiam
1880 1700 1913 1727 A.
1937 1698 2051 1726 Gellius

103 1738 189 1774 XVI,
216 1741 264 1770 12.
289 1743 317 1766 et
339 1738 397 1775 lv,
421 1740 468 1770 19.
514 1739 660 1768 Omnibus
689 1745 787 1769 autem
817 1741 880 1769 istis
904 1741 1025 1769 Graecis
1056 1745 1145 1779 atque
1168 1740 1279 1770 Latinis
1307 1741 1462 1770 vocabulis
1491 1741 1609 1770 subesse
1638 1741 1756 1771 videtur
1777 1753 1832 1781 pro
1856 1738 2051 1770 fundamento

102 1780 253 1810 Senserita
274 1780 362 1809 radix
379 1779 464 1817 Ιιυαῑ,
491 1792 566 1820 quae
588 1782 734 1820 significat
756 1782 815 1811 hue
837 1783 911 1812 illuc
934 1794 964 1812 se
987 1793 1124 1820 movere,
1148 1784 1308 1821 vacillare,
1333 1784 1410 1813 unde
1431 1784 1685 1823 reduplicativum
1707 1783 1806 1822 hillel,
1830 1784 1964 1820 vibrare,
1986 1782 2052 1811 vol-

102 1833 189 1860 vere,
216 1823 376 1852 descendit.
421 1824 467 1851 Ex
489 1824 544 1852 ista
566 1825 668 1853 radice
690 1825 722 1854 fit
745 1825 961 1854 substantivum
984 1824 1104 1863 lzvalas,
1133 1826 1212 1854 unde
1235 1826 1297 1857 Lat.
1321 1825 1407 1863 halo,
1439 1832 1468 1856 et
1490 1827 1596 1855 litteris
1619 1827 1806 1867 transpositis
1828 1825 1948 1863 halvas,
1970 1823 2050 1854 unde

103 1867 166 1895 Lat.
190 1864 284 1894 heluo.
328 1866 427 1901 Quare
450 1866 562 1894 etiamsi
584 1867 614 1895 in
639 1868 759 1896 Graecis
782 1868 908 1896 vocibus
931 1869 1072 1906 aspiratio
1096 1868 1268 1905 abiit-jatur,
1305 1880 1320 1897 a
1345 1879 1402 1907 qua
1425 1873 1522 1898 tamen
1546 1870 1758 1899 consuetudine
1781 1869 1923 1898 recedunt
1945 1866 2048 1903 Attici,

103 1909 155 1948 qui
175 1905 258 1938 ἆλύω
281 1908 430 1947 aspirant;
455 1913 552 1937 tamen
577 1910 678 1938 Latina
702 1910 752 1939 illa
775 1911 922 1940 vocabula
946 1911 1007 1939 sine
1031 1911 1211 1949 aspiratione
1234 1911 1391 1941 scribenda
1414 1922 1474 1940 non
1495 1917 1574 1941 sunt.
1611 1912 1655 1941 Ab
1678 1912 1779 1942 eadem
1801 1911 1901 1941 radice
1922 1909 2049 1938 descen-

103 1952 181 1981 dunt
199 1951 302 1979 Latina
324 1949 403 1988 velo,
424 1949 541 1987 valvae,
564 1951 663 1987 volvo,
686 1951 783 1982 vulva.

267 2000 471 2030 Helvacea.
518 2001 630 2031 Helvus
652 2003 764 2032 dicitur
786 2004 869 2032 color
890 2004 968 2032 inter
990 2004 1090 2032 rufum
1113 2008 1142 2032 et
1164 2004 1263 2032 album
1287 2004 1321 2032 ab
1346 2004 1468 2034 Aeolico
1490 2005 1620 2044 πέλφος,
1643 2005 1741 2044 niger,
1763 2005 1880 2039 fuscus,
1905 2001 2045 2041 pallidus.

103 2043 199 2072 Varro
222 2043 272 2073 lib.
286 2044 321 2071 ΙΙ.
345 2044 381 2072 de
404 2053 435 2072 re
457 2049 531 2073 rust.
553 2044 621 2083 (5.):
663 2044 766 2074 Colore
785 2047 968 2085 potissimum
993 2047 1093 2085 nigro,
1126 2044 1228 2074 deinde
1250 2045 1353 2083 rubeo,
1383 2048 1467 2076 tertio
1489 2047 1589 2085 helvo,
1620 2055 1725 2089 quarto
1746 2046 1824 2076 albo.
1868 2045 1911 2074 Ab
1939 2043 2046 2080 heluus,

101 2084 248 2122 helvolae,
279 2084 409 2114 helvinus
433 2091 460 2115 et
482 2085 648 2121 belvaceus,
679 2088 726 2125 qui
750 2088 870 2117 helvum
893 2089 1022 2117 colorem
1045 2089 1144 2117 refert.
1167 2088 1253 2118 Duc.
1299 2088 1414 2118 Helva-5
1435 2090 1514 2120 idem
1538 2095 1596 2127 est,
1628 2089 1707 2128 quod
1724 2087 1835 2128 gilvus,
1859 2086 1943 2127 gelb3
1967 2086 2048 2115 haud

101 2128 211 2167 procul
234 2128 379 2156 abludens
402 2129 533 2168 aflavus
552 2128 655 2169 fulvus
678 2134 706 2158 et
721 2129 846 2171 furvus,
871 2141 946 2169 quae
968 2132 1098 2159 eiusdem
1121 2135 1191 2159 sunt
1214 2131 1350 2169 originis,
1374 2132 1425 2161 sed
1448 2132 1667 2170 significationis
1689 2131 1867 2169 variegatae.
1907 2130 1947 2158 Ut
1970 2130 2046 2158 enini

101 2176 267 2208 permutata
291 2171 388 2199 vocali
412 2171 534 2199 radicali
558 2171 697 2200 differunt
718 2172 797 2209 velo,
830 2171 946 2210 valvae,
977 2172 1077 2210 volvo,
1102 2172 1204 2208 vulva,
1229 2174 1274 2202 sic
1292 2173 1413 2213 gelbus,
1433 2174 1703 2214 galbeus,flavus,·
1734 2174 1834 2203 Germ.
1856 2171 1941 2212 gelo,
1961 2170 2045 2211 ge2b3

100 2213 164 2243 Lat.
185 2212 297 2252 gilvus,
319 2211 571 2254 helvus,fulvu³‚
586 2213 715 2254 furvus,
740 2220 768 2243 et.
790 2216 884 2243 forma
908 2221 936 2244 et
957 2216 1078 2244 notione
1101 2215 1236 2252 diversa,
1259 2217 1311 2245 sed
1335 2218 1434 2245 eadem
1457 2217 1571 2248 similia.

266 2262 378 2292 Herm
388 2274 415 2294 a.
460 2265 605 2293 Graecum
629 2269 672 2293 est
694 2265 781 2302 ἕρμα,
813 2266 1053 2302 fundamentum,
1085 2267 1318 2304 firmamentum,
1344 2267 1463 2306 passim.
1507 2267 1564 2296 Sed
1586 2267 1661 2296 male
1684 2267 1720 2296 ab
1741 2266 1843 2296 herma
1864 2262 2041 2294 Mercurium

100 2304 230 2334 Hermen
253 2306 366 2335 dictum
388 2307 453 2335 vult
476 2307 597 2342 Festus,
636 2308 802 2347 quod.ipse
823 2308 922 2337 firmae
946 2309 1086 2338 orationis
1110 2309 1335 2338 fundamentum
1358 2310 1411 2347 sit,
1448 2315 1481 2339 ut
1503 2309 1604 2339 herma
1626 2310 1756 2339 navium.
1796 2306 1906 2347 Ἑρμῆς
1927 2305 2002 2333 enim
2024 2313 2040 2330 ὃ

100 2347 193 2376 verbo
222 2347 294 2386 ἐρέω
323 2347 408 2384 dico,
447 2349 524 2378 unde
549 2349 632 2388 ἐρέας
654 2350 763 2379 inserto
785 2363 805 2387 μ
828 2351 932 2389 ἒρμέας
953 2362 1008 2390 pei·
1030 2356 1172 2380 contract.
1191 2352 1283 2392 ἒρμῆς
1305 2351 1430 2382 hermes.
1454 2352 1541 2384 Dae,
1586 2351 1737 2382 Interdum
1759 2352 1845 2380 “iam
1869 2346 2038 2377 Saburram.

100 2389 166 2420 Hoc
188 2400 204 2419 a
225 2391 322 2430 priori
342 2392 466 2421 notione
485 2392 612 2432 pendet,
650 2402 708 2431 qua
736 2393 850 2423 scilicet
871 2394 971 2423 herma
991 2393 1211 2424 firmamentum
1233 2394 1389 2434 significat.
1435 2393 1569 2425 Saburra
1592 2396 1669 2425 enim
1692 2394 1766 2423 nihil
1788 2390 1868 2422 aliud
1888 2393 1929 2417 est
1950 2396 2039 2426 quam
