2263 2668
246 151 321 185 310
1015 138 1182 171 ASPERI
1210 137 1421 172 IUNIORIS

250 256 323 278 rum
350 242 435 274 aliae
462 240 603 282 longae,
649 235 733 267 aliae
759 233 888 266 breves.
939 231 1082 277 Longae
1109 229 1185 265 aut¹
1213 237 1330 266 natura
1356 235 1446 270 sunt,
1489 235 1544 264 aut
1569 231 1751 277 positione,
1793 236 1825 265 et
1851 232 1976 267 habent
2002 235 2081 268 bina
2106 239 2193 267 tem-

250 307 343 341 pora.
412 292 535 324 Natura
564 287 693 319 duobus
723 285 830 318 modis
862 284 1075 328 intelligitur:
1120 280 1195 316 aut²
1222 296 1299 318 cum
1326 284 1450 316 vocalis
1476 294 1539 327 per
1564 295 1598 316 se
1624 285 1728 328 longa
1755 288 1821 325 est,
1864 290 1920 317 aut
1946 297 2022 319 cum
2058 283 2191 332 [1726]

251 346 374 379 vocalis
400 341 597 381 vocalesque
624 338 708 369 inter
735 348 769 369 se
796 337 926 368 iunctae
953 332 1214 379 producuntur&
1259 340 1296 368 ut
1323 345 1374 368 ue.
1436 335 1605 368 Positione
1639 335 1762 379 longae
1795 334 1943 378 syllabae
1975 338 2058 371 fiunt
2083 337 2192 370 modis

251 403 338 432 octo.
374 394 484 427 Primo
512 389 633 429 modo,
660 388 811 431 quotiens
838 387 955 419 desinit
979 387 1013 419 in
1040 392 1276 419 consonantem
1303 391 1334 418 et
1361 385 1521 430 excipitur
1548 387 1590 418 ab
1615 387 1718 419 altera
1739 392 1956 429 consonante,
1982 393 2036 421 ut:
2064 387 2193 433 [Arma

251 451 431 489 virumque
459 437 594 487 ετινεα]ι
627 440 682 473 Ar
716 439 802 472 enim
836 439 964 482 syllaba
998 449 1074 471 cum
1100 438 1208 471 brevis
1236 442 1299 477 est,
1341 433 1474 469 tamen⁵
1501 438 1664 480 positione
1690 438 1728 470 fit
1754 438 1875 482 longa,
1917 439 1995 482 quia
2021 439 2138 473 desinit
2161 440 2195 472 in

253 500 489 534 consonantem
517 505 550 533 r,
579 496 610 525 et
638 491 798 535 excipitur
825 502 844 522 a
872 495 1073 522 consonante
1099 501 1143 523 m.
1185 489 1234 521 Ita
1261 494 1294 521 et
1319 488 1436 520 Arma
1455 488 1506 527 vi,
1534 488 1702 532 dactylus,
1729 490 1786 531 qui
1814 494 1940 523 constat
1967 501 2007 523 ex
2032 491 2136 535 longa
2163 497 2196 523 et

253 550 383 584 duabus
410 546 571 580 brevibus.
614 542 770 575 Secundo
799 541 901 574 modo
929 542 966 573 fit
988 542 1091 585 longa
1115 541 1260 584 syllaba,
1292 540 1443 582 quotiens
1471 539 1588 572 desiuit
1615 542 1648 573 iu
1671 541 1752 572 duas
1776 549 2009 582 consonatum,
2036 546 2087 574 ut:
2117 540 2196 587 [Ast

254 613 340 647 ego,
364 608 454 644 quac
477 597 596 629 divam
616 590 779 639 incedofi]
807 593 875 625 Ast
898 593 983 625 enim
1006 593 1170 637 positione
1194 593 1295 636 longa
1318 596 1382 633 est,
1410 591 1487 634 quia
1510 591 1626 623 desinit
1648 592 1681 624 in
1702 603 1720 624 s
1743 597 1776 624 et
1797 595 1809 624 t
1832 593 1946 626 ambas
1970 598 2195 626 consonantes,

253 653 371 687 Tertio
399 649 502 682 modo
531 648 633 691 longa
660 645 787 689 syllaba
814 648 862 677 est
888 645 1070 688 positione,
1108 644 1257 687 quotiens
1285 643 1446 686 excipitur
1473 654 1492 674 a
1515 642 1643 675 duabus
1670 640 1955 684 consonantibus⁷,
1988 649 2040 677 ut:
2082 643 2197 689 [Atri-

255 705 318 738 des
338 698 500 744 protest]
528 699 614 731 Nam
637 697 695 730 etsi
716 696 752 730 A
771 701 927 740 correpta
949 700 1012 735 est,
1045 700 1156 728 tamen
1178 695 1341 739 positione
1361 694 1400 726 fit
1418 694 1540 738 longa,
1575 694 1651 737 quia
1672 691 1868 737 sequuntur⁹
1890 699 1904 728 t
1927 700 1960 728 et
1981 706 2012 731 r.
2067 696 2197 736 Quarto

255 755 378 793 modo,
414 752 566 795 quotiens
594 749 711 781 desinit
737 747 865 791 syllaba
891 747 923 779 in
949 747 1119 790 duplicem
1146 747 1306 786 litteram,
1340 750 1391 777 ut:
1434 744 1514 790 [Ex
1540 746 1599 778 illo
1628 746 1823 779 celebratus
1846 746 1961 779 honos.
1973 743 2019 792 ¹⁰]
2059 747 2197 788 Quinto,

258 807 408 851 quotiens
430 803 559 846 syllaba
582 800 743 844 excipitur
765 811 784 831 a
805 795 971 842 duplice¹l
991 799 1118 836 littera,
1145 803 1193 830 ut:
1243 796 1481 842 [Ea-ulibusne
1504 797 1613 828 datur
1636 797 1800 829 ducenda
1822 798 1972 831 Lavinia
1999 798 2149 832 Teucris.
2159 795 2196 843 12]

260 860 379 896 Sexto,
407 854 556 898 quotiens
584 852 744 895 excipitur
770 862 790 883 a
815 850 924 882 vocali
954 850 1164 882 consonantis
1192 850 1268 881 loco
1295 849 1420 892 posita,
1448 853 1498 880 ut:
1536 847 1599 893 [At
1625 859 1708 881 vero
1735 849 1912 893 ingentem
1938 849 2096 894 quatiens
2117 848 2198 882 ,Με-

260 910 391 943 zeutius
417 900 613 949 lmstam.¹³]
650 903 821 946 Septimo,
867 901 1018 943 quotiens
1043 901 1160 933 desiuit
1185 900 1313 943 syllaba
1339 900 1371 932 in
1398 900 1550 932 vocalem
1577 900 1654 933 loco
1682 901 1889 933 consonantis
1913 901 2056 944 positam
2082 905 2115 934 et
2141 912 2199 933 ex-

259 961 377 1005 cipitur
405 971 423 991 a
450 960 667 994 consonante,
701 959 749 987 ut:
780 952 982 999 [Audieras
1010 956 1042 985 et
1058 949 1325 997 sc1nmfi11‘t.¹⁴]
1352 951 1500 990 Octavo,
1528 951 1679 994 quotiens
1705 951 1832 995 syllaba
1858 963 1877 984 a
1902 953 2011 985 vocali
2038 952 2199 996 excipitur

260 1006 499 1047 consonantis¹5
526 1008 603 1041 loco
629 1006 752 1051 posita,
786 1009 838 1037 nt:
879 1003 1078 1049 [Troiaque
1103 1014 1193 1036 nunc
1217 1007 1348 1043 stares,
1387 1002 1596 1047 Priamique
1623 1013 1692 1035 arx
1717 1004 1794 1036 alla
1819 999 2042 1048 maneres-¹⁶]
2075 1003 2198 1036 Breves

261 1069 335 1097 sunt
359 1062 526 1106 syllabae,
565 1069 652 1102 quae
677 1056 786 1090 vocali
812 1060 966 1100 correpta
994 1056 1175 1088 efferuntur
1202 1060 1235 1088 et
1257 1054 1384 1087 habent
1404 1059 1560 1098 tempora
1585 1054 1723 1099 singula.

942 1158 1072 1190 Scam.
1101 1157 1157 1189 lv.
1217 1157 1282 1190 De
1315 1156 1520 1191 Pedibus.

428 1229 535 1263 Pedes
559 1227 724 1271 simplices
749 1230 821 1258 sunt
842 1225 1032 1258 duodecim.
1080 1225 1258 1268 Bisyllabi.
1284 1224 1352 1258 hoc
1376 1229 1438 1267 est,
1465 1226 1616 1258 binarum
1637 1225 1855 1268 syllabarum,
1884 1230 2042 1268 quatuor:
2070 1223 2199 1270 [1727]

264 1279 496 1331 pariambusfl,
525 1279 707 1324 spondeus,
735 1278 879 1315 iambus,
907 1277 1094 1310 trochaeus.
1148 1276 1346 1319 Trisyllabi,
1373 1277 1442 1310 hoc
1469 1282 1516 1310 est
1541 1274 1732 1309 trinarumffl
1755 1277 1973 1319 syllabarum..
2001 1281 2093 1309 octo:
2122 1288 2202 1309 ana-

264 1341 415 1382 paestus,
456 1332 624 1374 dactylus,
668 1329 959 1372 brachysyllabuS,
997 1329 1174 1367 molossus,
1210 1328 1487 1372 amphibrachus,
1522 1328 1679 1367 creticus,
1716 1327 1893 1365 bacchius,
1926 1326 2200 1371 palimbacchius.

266 1380 491 1421 Pariambus¹⁹
519 1386 646 1416 constat
679 1392 718 1412 ex
752 1381 880 1412 duabus
913 1380 1083 1420 brevibus,
1128 1385 1159 1412 et
1192 1384 1239 1411 est
1265 1380 1437 1420 minimus,
1480 1380 1635 1423 solusque
1661 1379 1728 1411 duo
1754 1384 1906 1423 tempora
1933 1379 2052 1419 habet,
2093 1383 2129 1411 ut
2155 1383 2202 1411 est

266 1440 377 1473 homo.
436 1435 525 1468 Huic
552 1432 731 1467 contrarius
758 1437 805 1464 est
831 1431 1016 1475 spondeus,
1059 1431 1115 1474 qui
1143 1435 1270 1464 constat
1297 1443 1335 1464 ex
1363 1432 1491 1465 duabus
1517 1432 1644 1476 longis,
1687 1435 1718 1463 et
1744 1430 1846 1463 habet
1870 1436 2023 1474 tempora
2050 1437 2202 1474 quatuor,

265 1497 301 1524 ut
323 1484 472 1523 moles'ffl.
532 1486 665 1518 Iambus
697 1487 824 1516 constat
859 1494 899 1515 ex
931 1483 1022 1515 brevi
1056 1488 1087 1515 et
1114 1483 1216 1526 longa
1243 1488 1432 1526 temporum
1458 1485 1576 1523 trium,
1616 1488 1652 1515 ut
1680 1493 1775 1527 apes.
1833 1482 1922 1515 Huic
1949 1482 2129 1515 contrarius
2156 1487 2204 1514 est

266 1541 461 1576 trochaeus,
489 1538 545 1580 qui
574 1539 699 1569 constat
723 1546 762 1567 ex
789 1535 892 1578 longa
919 1540 952 1566 et
977 1534 1069 1566 brevi
1090 1540 1279 1578 temporum
1301 1535 1415 1575 trium,
1442 1540 1478 1567 ut
1501 1531 1628 1568 affirm.
1681 1535 1888 1577 Anapaestus
1910 1538 2038 1567 constat
2059 1544 2100 1566 ex
2120 1533 2204 1565 dua-

266 1595 328 1627 bus
354 1590 509 1623 brevibus
536 1593 568 1620 et
594 1588 696 1631 longa
728 1590 919 1629 temporum
952 1591 1112 1628 quatuor,
1157 1590 1191 1617 ut
1218 1586 1320 1618 aries.
1383 1586 1473 1619 Huic
1501 1586 1682 1619 contrarius
1710 1591 1756 1617 est
1783 1584 1952 1628 dactylus,
1994 1585 2051 1628 qui
2077 1590 2205 1617 constat

267 1656 307 1677 ex
334 1645 435 1686 longa
463 1646 495 1673 et
522 1639 651 1671 duabus
683 1637 838 1669 brevibus
870 1641 1058 1680 temporum
1091 1634 1274 1680 quatuor²²,
1318 1641 1353 1669 ut
1380 1637 1535 1682 caefifer.
1599 1636 1898 1680 Brachysyllabus,
1942 1648 2043 1680 quem
2068 1635 2205 1679 quidam

268 1694 470 1727 tribrachum
496 1695 633 1731 vocant,
682 1688 739 1730 qui
765 1692 891 1720 constat
917 1700 957 1720 ex
982 1689 1085 1721 tribus
1113 1688 1264 1720 brevibus
1289 1693 1479 1732 temporum
1506 1689 1621 1725 trium,
1670 1693 1705 1720 ut
1732 1688 1894 1721 iaculum.
1953 1688 2043 1721 Huic
2073 1692 2205 1720 contra-

270 1747 336 1779 rius
362 1750 408 1777 est
434 1744 609 1779 molossus,
637 1740 693 1783 qui
716 1744 843 1771 constat
870 1750 909 1770 ex
934 1740 1037 1771 tribus
1063 1740 1189 1784 longis,
1218 1744 1250 1772 et
1277 1745 1324 1772 est
1351 1740 1393 1772 de
1420 1740 1625 1784 simplicibus
1651 1739 1793 1783 pedibus
1814 1739 1988 1777 maximus,
2015 1745 2205 1782 temporum

271 1807 345 1834 sex,
372 1800 408 1827 ut
431 1794 579 1826 Aeneas.
621 1790 896 1834 Amphibrachus
923 1795 1049 1823 constat
1075 1802 1115 1823 ex
1141 1791 1234 1823 brevi
1260 1796 1292 1822 et
1315 1791 1418 1835 longa
1445 1798 1478 1824 et
1504 1791 1612 1829 brevi,
1640 1795 1828 1834 temporum
1853 1785 2037 1833 quatuor-²³,
2060 1796 2096 1822 ut
2115 1790 2206 1823 ami-

271 1858 340 1880 cus,
401 1845 490 1877 Huic
523 1843 702 1876 contrarius
738 1847 784 1874 est
815 1842 971 1883 creticus,
1015 1854 1115 1885 quem
1149 1847 1181 1874 et
1213 1842 1480 1886 amphimacrum
1513 1842 1702 1887 appellant,
1743 1841 1799 1884 qui
1825 1846 1952 1874 constat
1978 1852 2018 1874 ex
2044 1841 2147 1886 longa
2173 1847 2207 1874 et

271 1897 363 1931 brevi
396 1903 428 1929 et
464 1895 580 1938 longa,
622 1900 810 1937 temporum
843 1894 1006 1937 quinque,
1049 1898 1083 1926 ut
1110 1890 1263 1938 afilia-9²⁴.
1323 1894 1490 1928 Bacchius
1524 1899 1650 1928 constat
1683 1904 1723 1926 ex
1756 1893 1883 1926 duabus
1910 1892 2018 1937 longis
2044 1898 2077 1926 et
2103 1893 2206 1934 brevi,

273 2034 302 2061 P.
331 2031 401 2059 Voc.
416 2035 455 2056 ιιι
464 2038 493 2055 m
508 2026 570 2055 mli.
595 2028 665 2060 Go.,
694 2027 772 2065 quod
793 2028 908 2055 correxi
931 2039 1010 2056 cnm
1031 2027 1093 2056 adi.
1116 2044 1157 2049 —
1186 2027 1215 2064 1)
1258 2026 1288 2067 8)
1311 2029 1413 2056 Prota·
1428 2028 1507 2056 deest
1520 2028 1550 2056 in
1565 2028 1629 2056 Asc.
1643 2028 1671 2057 P.
1702 2029 1790 2056 Prota*
1807 2027 1877 2056 Cod.
1895 2029 1964 2063 Go.‚
1988 2027 2069 2065 quod
2083 2027 2206 2056 sortasse

274 2076 378 2110 Longe
398 2076 522 2099 autem
544 2070 593 2102 P‚;
628 2074 707 2098 recte
729 2075 796 2097 αιιί
819 2070 872 2099 Go.
897 2070 962 2098 Asc.
1007 2071 1081 2099 Tum
1104 2077 1217 2098 natura
1259 2071 1446 2099 scribendum
1464 2071 1531 2099 suit.
1571 2071 1648 2107 Virg.
1669 2070 1738 2099 Aen.
1755 2070 1814 2106 XI,
1839 2073 1910 2102 262.
1937 2085 1980 2091 ·-·
2011 2069 2040 2109 9)
2063 2070 2206 2108 Sequitur

267 2118 351 2155 fiant
376 2114 450 2142 male
470 2112 523 2140 (Ξο.
558 2127 598 2132 -
635 2112 663 2147 2)
694 2112 878 2147 hatelllgc'tm
906 2115 996 2140 cums
1022 2114 1138 2142 reculis
1163 2114 1217 2141 Go.
1261 2114 1326 2143 Asc.
1347 2114 1376 2142 P.
1402 2119 1540 2141 secuntur
1565 2114 1618 2141 Go.
1651 2129 1693 2135 —
1732 2111 1778 2151 10)
1807 2114 1918 2140 Ilonor
1939 2113 1995 2142 Go.
2029 2112 2107 2149 Virg.
2131 2114 2204 2142 Aen.

276 2158 422 2187 mendose.
451 2171 492 2175 —-
519 2156 549 2188 3)
576 2153 698 2180 Vocant-
719 2155 815 2181 would
837 2156 912 2181 mter
932 2166 961 2181 se
978 2157 1086 2183 ιἰιιιειιι
1097 2155 1219 2193 produ·
1262 2155 1344 2192 Vlll,
1374 2158 1443 2187 268.
1471 2170 1512 2176 —
1543 2154 1585 2192 11)
1609 2156 1746 2193 Duplici
1764 2156 1830 2184 Asc.
1844 2156 1875 2184 P.
1903 2171 1945 2178 -
1974 2158 2016 2189 12)
2040 2154 2117 2192 Virg.
2135 2155 2206 2185 Aen.

276 2203 356 2229 citur
371 2200 400 2227 P.
439 2196 561 2226 Vacuus
578 2195 677 2222 vocali
694 2197 769 2223 inter
785 2207 814 2223 -s’e
830 2198 950 2223 iunctae
959 2198 1132 2234 producunt
1151 2199 1218 2226 Asc.
1262 2198 1331 2233 Vll,
1361 2200 1430 2230 359.
1481 2199 1599 2225 'fluens
1619 2198 1700 2226 deest
1718 2198 1749 2226 in
1766 2198 1820 2228 Go.
1849 2213 1891 2220 —-
1919 2198 1965 2235 13)
1987 2197 2068 2234 Virg.
2083 2198 2154 2225 Aen.
2169 2198 2205 2226 X.

276 2244 381 2271 Veram
405 2240 563 2268 lectionem
580 2237 710 2265 servavit
728 2239 797 2273 Go„
821 2238 879 2266 nisi
902 2240 984 2276 quod
1002 2241 1113 2268 uocalis
1128 2251 1220 2269 roca·
1263 2243 1334 2272 762.
1363 2257 1405 2262 -—
1437 2240 1478 2274 14)
1508 2240 1588 2277 Virg.
1611 2240 1672 2269 Ecl.
1697 2240 1754 2276 ix,
1786 2244 1833 2271 11.
1864 2256 1906 2261 —
1935 2239 1980 2278 15)
2005 2239 2098 2266 Verba
2114 2242 2205 2278 excip,

278 2288 370 2319 leswe,
394 2293 449 2321 pro
473 2281 578 2318 quibus
604 2280 707 2318 putavi
724 2280 945 2308 rescribendum
963 2285 1075 2310 rut-alis
1092 2284 1221 2311 vocale-s—
1264 2294 1342 2311 con-5.
1364 2283 1437 2311 male
1458 2283 1565 2310 desunt
1584 2282 1614 2310 in
1631 2284 1682 2311 (1¹0.
1715 2299 1750 2304 —
1781 2286 1824 2317 16)
1849 2283 1928 2320 Virg.
1945 2282 2014 2311 Aen.
2030 2281 2071 2313 Il,
2095 2284 2144 2313 56,
2165 2297 2207 2304 --

278 2339 343 2367 qne,
370 2340 410 2347 --
437 2323 466 2361 4)
488 2322 608 2351 Initium
625 2321 780 2350 Aeneidos.
808 2338 850 2343 —
879 2322 907 2361 5)
933 2322 1041 2352 Verba:
1071 2335 1139 2352 cnm
1154 2325 1220 2353 bre-
1265 2325 1308 2363 17)
1331 2325 1407 2353 Male
1420 2325 1620 2362 sfirrlmjcln'us
1636 2326 1666 2355 P.
1682 2325 1750 2355 Asc.
1771 2341 1812 2346 —
1842 2325 1887 2361 18)
1916 2325 2077 2352 flamarum
2093 2325 2158 2354 Asc.
2175 2325 2206 2354 P.

281 2373 325 2398 vis
341 2374 381 2397 esc
397 2373 496 2395 tantm
511 2369 693 2393 accesserunt
710 2374 744 2391 cx
764 2365 817 2391 (ἑο.
837 2363 945 2391 desunt
960 2365 989 2391 in
1009 2367 1071 2394 Asc.
1089 2372 1117 2394 et
1137 2368 1164 2396 P.
1180 2384 1222 2388 -
1262 2383 1305 2388 ——
1329 2368 1373 2406 19)
1396 2367 1597 2404 11‚1-1·s11;clzms
1615 2370 1681 2396 Asc.
1699 2368 1728 2395 Ρ.
1755 2383 1797 2389 -—
1825 2368 1873 2401 ΞΟ)
1903 2367 1940 2394 Ut
1958 2371 2013 2393 est
2034 2368 2123 2395 moles
2140 2368 2205 2398 Asc.

279 2417 305 2445 5)
324 2412 404 2448 Virg,
418 2410 488 2438 Aen.
505 2407 530 2441 l,
553 2409 602 2439 46.
627 2422 663 2427 --
689 2409 715 2440 7)
739 2407 772 2434 A
786 2416 901 2435 consult.
918 2405 1037 2434 duabu-s·
1052 2408 1117 2435 Asc.
1135 2409 1165 2436 P.
1182 2423 1222 2430 -—-
1265 2410 1296 2437 P.
1320 2425 1360 2431 —
1382 2413 1426 2443 ⁶21)
1458 2410 1494 2437 Ut
1514 2416 1638 2437 venter
1652 2411 1718 2438 Asc,
1734 2410 1765 2438 P.
1789 2425 1830 2430 —
1851 2411 1896 2441 22)
1914 2408 2006 2436 Verba
2024 2414 2110 2448 temp,
2129 2421 2206 2448 qua·
2250 2411 2251 2441 J
