2263 2668
574 132 639 167 DE
665 129 1054 168 SIGNIFICATIONE
1080 128 1364 165 VERBORUM.
1421 131 1567 166 LIBER
1592 131 1632 166 V.
1991 134 2067 171 419

121 231 163 259 De
184 228 335 264 hostibus,
358 226 416 256 hoc
438 229 483 256 est
504 226 684 266 peregrinis,
707 236 783 265 quos
805 225 896 255 sacris
917 224 1060 253 interesse
1082 223 1181 260 nefas,
1204 224 1324 252 Servius
1345 224 1422 254 VIII.
1445 225 1536 255 Aen.:
1560 226 1726 254 Exit-aneos
1745 222 1787 253 ad
1807 235 1895 254 sacra
1917 236 1975 255 non
1997 226 2067 258 lico-

121 272 172 301 hat
203 270 348 340 adhibeg.
381 269 469 299 Dae.
512 269 562 298 Sic
590 269 670 309 apud
699 269 862 298 Lucianum
890 268 922 297 in
948 265 1165 295 Pseudomante
1194 266 1280 306 (cap.
1293 266 1379 306 38.):
1416 268 1483 305 ἔξω
1512 266 1778 309 χριστιανοὺς,
1815 267 1882 305 ἔξω
1912 268 2066 302 ἐπικου-

147 314 229 346 είου
257 336 262 343 .
342 311 418 342 oth.

121 326 138 354 ρ
240 326 253 350 ς
285 353 407 394 Epula
417 365 480 384 res.
526 354 637 382 Varro:
667 353 745 382 Dum
768 351 913 392 Epulares
934 357 1018 380 nocte
1039 348 1233 390 epularentur.
1256 350 1345 380 Dac.
1385 352 1461 381 Vide
1483 351 1645 393 Epolonos.
1671 350 1776 381 Goth.
1815 351 1956 382 Varronis
1983 354 2066 384 locus

122 409 160 428 ne
181 409 198 427 a
222 398 354 427 Gesnero
378 396 499 435 quidem
519 401 663 436 repertus.
708 396 751 424 Cf.
774 397 861 424 Gesn.
884 394 958 423 thes.
983 393 1038 421 sub
1062 402 1089 421 v.
1114 391 1265 431 Epularis.

288 437 530 479 Epistylium.
573 439 618 467 Ab
642 438 691 469 ἐπὶ
714 444 742 467 et
766 437 855 477 στήλη
878 438 1031 473 columna,
1063 435 1145 473 quod
1168 445 1258 474 supra
1280 435 1447 465 columnam
1470 438 1612 477 ponitur,
1640 436 1732 475 vulgo
1755 435 1943 467 Architraue.
1977 438 2066 469 Dac.

123 483 199 513 Vide
221 483 350 521 interpp.
376 482 412 510 ad
436 482 538 512 Horat.
563 482 689 512 Carmm.
708 481 751 519 11,
778 483 829 517 18,
854 483 884 512 3.
909 484 938 508 et
961 478 1012 517 qui
1033 477 1074 506 ibi
1097 478 1181 506 citati
1203 479 1406 517 reperiuntur.

288 526 421 564 EpeuS.
464 524 573 561 Faber,
598 524 649 563 qui
672 534 781 562 equum
803 524 932 561 ligneum
955 520 1137 557 aedificavit,
1161 530 1220 558 quo
1243 521 1331 549 Troia
1354 525 1451 560 capta.
1488 522 1591 561 virgil.
1610 520 1731 551 Aeneid.
1747 520 1782 550 ll.
1807 520 1925 560 (264.);
1950 521 1989 552 Εε
2009 523 2069 563 ipse

125 566 189 597 doli
207 566 377 607 fohricator
398 568 504 606 Epeus.
526 566 616 598 Dae.
664 566 790 595 Dureum
813 571 856 594 est
879 562 1024 604 δούρειον.

290 610 529 648 Epicrocum.
574 609 774 637 Glossarium:
797 608 975 647 Epicrocum
999 606 1129 643 ἐσθῆτος
1153 602 1230 641 εἶδος
1252 602 1271 643 ἢ
1294 605 1429 645 σχοίνιον
1453 603 1584 644 ἆρμένου
1609 602 1786 644 κατώτερον.
1812 604 1888 634 Vide
1905 606 2069 636 Varronem

124 652 176 680 lib.
190 651 238 680 VI.
262 652 349 689 (VII,
373 662 438 690 pag.
450 653 522 684 338.
547 653 628 691 Sp.).
660 650 763 681 Scal.
808 651 907 679 Genus
930 649 1021 679 vestis
1043 658 1060 677 a
1083 648 1197 676 Graeco
1219 647 1266 678 ἐπὶ
1288 653 1317 677 et
1339 646 1468 687 κρόκος,
1508 648 1587 686 quod
1617 658 1706 676 croco
1731 648 1824 676 tincta
1846 648 1894 678 sit.
1939 649 2070 678 Naevius

124 694 207 733 apud
231 694 410 724 Varronem:

617 734 783 765 Diabailzra
804 735 835 764 in
855 733 978 775 pedibus
999 731 1123 763 habebat
1145 740 1170 761 el
1193 740 1253 762 erat
1276 733 1403 762 amictus
1424 734 1566 773 epicroca.

126 777 215 808 Dac-

291 819 461 860 Epulam.
504 821 569 850 Non
585 820 708 858 mirum,
732 830 799 849 cum
823 819 967 848 adiective
989 823 1132 847 sumatur.
1167 818 1348 855 Intelligitur
1372 818 1450 847 enini
1473 817 1577 857 dapem
1601 823 1629 846 et
1650 817 1754 856 epulae
1775 816 1873 856 dapes.
1907 816 1955 844 Sic
1971 815 2072 857 epulae

127 873 192 892 oves
214 863 339 892 Varroni
362 865 410 901 (R.
433 865 467 894 R,
487 863 531 900 11,
557 864 611 901 1.).
636 862 736 894 Scal.
773 863 857 891 Sicut
881 860 1017 891 delicium
1041 861 1184 898 singulari
1207 870 1340 890 numere.
1376 861 1460 889 Unde
1482 861 1511 888 in
1536 860 1635 898 lapide
1659 861 1792 898 antiquo:
1816 869 1871 899 pro
1893 858 1988 888 salute
2012 858 2072 888 Ve-

128 906 223 934 neriae
235 905 324 945 filiae
347 905 547 943 dolcissime,
578 905 702 935 deliciae
721 916 798 936 suae.
821 904 911 934 Dae.
957 903 1030 933 Vide
1051 903 1179 932 Nonium
1203 907 1280 942 (pag.
1293 902 1363 934 204.
1387 904 1500 941 Mero).
1548 901 1650 932 Goth.

292 947 507 987 Epilimma.
554 950 643 986 Lege,
667 953 699 977 ut
722 953 784 977 erat
806 947 836 976 in
858 947 1002 985 margine:
1026 945 1206 986 Epalimma.
1251 947 1362 974 Graece
1384 943 1547 985 ἐπάλειμμα
1570 945 1605 973 ab
1630 944 1780 983 ἐπαλείφω
1804 952 1915 981 unguo.
1960 942 2049 973 Dae.

291 993 447 1020 Eretum
477 992 671 1031 citumque.
716 991 800 1019 Tolle
830 990 967 1028 copulam
994 988 1063 1027 Que.
1107 990 1230 1017 Eretum
1255 989 1345 1016 citum
1369 994 1413 1017 est
1435 987 1599 1017 haereditas
1623 988 1725 1015 divisa.
1771 986 1905 1014 Glossae:
1945 985 2074 1014 Herctus

127 1032 218 1068 citus,
260 1034 401 1072 διαίρεσις
423 1036 482 1063 τῶν
505 1030 711 1074 ὑπαρχόντων.
756 1034 888 1061 Donatus
912 1032 990 1068 apud
1014 1031 1149 1060 Servium
1174 1030 1231 1070 (ad
1256 1033 1324 1060 Aen.
1340 1031 1424 1069 VIII,
1449 1029 1554 1070 642.):
1591 1031 1712 1058 Eretum
1737 1040 1793 1057 non
1818 1029 1925 1065 citum,
1954 1027 2010 1057 hoc
2032 1035 2074 1056 est

127 1076 335 1113 patrimonium
360 1086 418 1104 non
442 1075 575 1106 divisum.
611 1077 733 1104 Eretum
758 1074 910 1113 ciendum3
932 1074 1082 1103 hereditas
1106 1073 1282 1104 dividunda.
1324 1074 1521 1103 Glossarium:
1550 1070 1690 1108 Ciendae,
1715 1071 1936 1110 διαιρουμένης.
1975 1070 2074 1100 Idem:

129 1117 331 1147 Erciscundae
356 1119 542 1156 ὁιαιρέσεως,
577 1119 701 1147 sortasse
724 1117 894 1157 διαιρετέας.
925 1116 1024 1146 Scal.
1068 1118 1190 1146 Eretum
1215 1117 1251 1145 ab
1275 1117 1420 1152 ercendo,
1457 1115 1515 1144 hoc
1538 1119 1580 1143 est
1602 1115 1784 1148 coercendo,
1816 1113 1851 1141 ab
1875 1124 1957 1150 ereo,
1989 1113 2075 1150 ercis,

129 1158 208 1187 unde
231 1161 355 1196 ercisco,
393 1171 532 1197 coerceo,
572 1161 661 1190 certis
685 1161 793 1199 regulis
815 1170 904 1198 rego,
940 1160 1061 1198 partior.
1114 1157 1208 1188 Citam
1232 1170 1248 1188 a
1272 1160 1317 1188 cio
1340 1158 1459 1194 divido,
1494 1158 1534 1187 ita
1557 1162 1591 1186 ut
1613 1164 1720 1186 erctum
1744 1157 1831 1185 citum
1856 1156 1892 1183 sit
1914 1156 2076 1184 coercitum

131 1201 269 1233 divisum.
314 1204 387 1231 Nem
411 1204 539 1241 primum
563 1203 757 1233 coercebatur
779 1203 1009 1242 patrimonium,
1044 1207 1147 1241 postea
1171 1201 1368 1232 dividebatur.
1411 1202 1475 1230 Erit
1497 1201 1588 1239 igitur
1611 1206 1719 1229 erctum
1743 1209 1796 1237 pro
1820 1197 1964 1235 lzercium,
1996 1197 2076 1236 quod

130 1254 186 1282 pro
201 1244 350 1282 heretum,
373 1247 402 1274 id
427 1251 470 1274 est
493 1245 615 1282 bonum,
639 1250 713 1275 teste
735 1246 832 1275 Festo.
866 1246 966 1280 Quare
989 1244 1121 1273 heretum
1144 1244 1273 1273 liet-cium.
1295 1245 1342 1273 vel
1365 1252 1473 1273 erctum
1498 1244 1584 1272 citum
1609 1247 1653 1271 est
1674 1240 1836 1269 haereditas
1862 1239 1971 1277 divisa,
1996 1240 2077 1279 quod

130 1287 209 1315 inter
239 1287 418 1317 cohaeredes
447 1288 494 1324 fit,
533 1289 584 1326 qui
612 1288 732 1326 proprie
763 1293 915 1316 consortes
945 1287 1096 1315 dicuntur.
1141 1286 1215 1315 Vide
1242 1298 1313 1316 sors.
1343 1287 1430 1316 Dae.
1469 1284 1630 1315 Consortes.
1671 1283 1745 1312 Vide
1773 1293 1861 1321 supra
1890 1282 2077 1314 Disertiones.

134 1327 238 1359 Goth.
274 1329 396 1368 Legum.
435 1331 555 1368 Regum.
585 1329 694 1359 Idem.
740 1331 846 1359 Veram
874 1329 963 1358 huius
985 1329 1130 1358 formulae
1153 1335 1280 1358 mentem
1301 1334 1389 1368 atque
1412 1328 1634 1367 originationem
1658 1326 1775 1366 aperuit
1799 1326 1911 1354 Ernest.
1932 1325 1963 1353 in
1989 1325 2078 1353 Clave

130 1371 190 1398 Cic.
214 1382 236 1399 s.
257 1382 284 1400 v.
309 1371 494 1409 Herciscere,
526 1373 610 1401 cuius
632 1373 721 1401 verba
744 1373 944 1412 apposuimus.
990 1373 1042 1401 Est
1065 1383 1079 1400 a
1104 1373 1218 1401 Graeco
1241 1372 1343 1411 ἕρκος,
1375 1377 1427 1400 aut
1450 1371 1551 1399 Latino
1575 1380 1671 1405 erceo,
1702 1379 1756 1407 pro
1778 1378 1880 1404 arceo,
1911 1378 1926 1395 a
1950 1377 2010 1405 quo
2034 1367 2077 1396 di.

131 1413 254 1442 videndi
284 1414 329 1442 vis
358 1415 427 1444 duci
456 1425 515 1443 non
544 1421 653 1454 potest.
700 1416 834 1453 Veteres,
869 1425 995 1453 quorum
1019 1414 1140 1443 divitiae
1162 1415 1192 1443 in
1215 1416 1374 1454 pecoribus
1398 1418 1498 1449 erant,
1537 1417 1569 1442 ut
1592 1417 1696 1440 notum
1721 1416 1778 1447 est,
1813 1410 1909 1439 aulam
1932 1409 2079 1439 habebant

130 1461 197 1484 ante
220 1457 320 1493 aedes,
350 1457 378 1487 h.
403 1468 427 1486 e.
450 1458 585 1496 spacium
607 1463 691 1498 septo
716 1458 952 1495 circumdatum,
989 1457 1069 1496 quod
1091 1463 1207 1496 septum
1229 1457 1315 1497 ἕρκος
1338 1457 1533 1496 appellabant.
1566 1473 1604 1478 —
1634 1454 1709 1483 Hinc
1733 1464 1790 1482 non
1814 1453 1939 1487 mirum,
1968 1453 1992 1481 si
2014 1452 2078 1481 her-

130 1506 226 1535 cium,
257 1500 338 1538 quod
361 1505 404 1529 est
426 1501 548 1540 proprie
569 1501 654 1530 locus
677 1502 809 1537 clausus,
833 1500 923 1537 (unde
948 1500 1069 1529 Graecis
1092 1498 1209 1538 ἕρκτὸς,
1236 1501 1305 1529 item
1329 1497 1458 1537 εἱρκτάς,
1483 1496 1607 1537 carcer‚)
1632 1508 1686 1536 pro
1705 1495 1882 1535 patrimonio
1906 1511 1948 1516 —
1971 1499 1999 1524 et
2021 1505 2077 1533 pro

131 1540 296 1571 hereditate
320 1543 433 1571 dictum
457 1547 509 1571 est.
554 1543 654 1579 Quum
678 1545 715 1572 ad
738 1544 914 1573 divisionem
937 1548 1137 1582 provocarent
1165 1543 1324 1580 haeredes,
1361 1543 1499 1571 herulum
1523 1540 1661 1569 ciendum
1686 1545 1765 1576 erat,
1801 1538 1830 1568 h.
1851 1548 1876 1567 e.
1900 1538 2079 1566 movendum

132 1584 201 1612 loco
225 1594 294 1621 suo,
317 1595 393 1621 non,
416 1590 450 1613 ut
471 1585 631 1623 Salmasio,
654 1586 779 1623 Vossio,
802 1587 974 1616 Burmanno
997 1586 1112 1624 placet,
1137 1586 1342 1615 dividendum.
1383 1585 1457 1615 Vide
1482 1582 1568 1613 Cim.
1609 1582 1685 1611 Hinc
1708 1581 1835 1610 heretum
1859 1580 1932 1608 ciere
1952 1590 2007 1619 pro
2030 1578 2080 1609 di-

132 1625 230 1655 videre
253 1627 376 1655 dictum.
419 1627 560 1656 Similiter
589 1629 707 1657 niovere
737 1634 780 1658 est
802 1639 856 1668 pro
880 1629 1028 1667 accipere:
1068 1639 1086 1656 a
1110 1628 1237 1657 Coecilio
1261 1639 1382 1657 numum
1406 1636 1527 1656 movere
1549 1635 1610 1654 nou
1634 1635 1763 1663 possum.
1809 1622 1873 1651 Vid.
1896 1622 1926 1650 in
1950 1622 2078 1653 Movere.

135 1668 175 1695 Ut
195 1679 303 1697 numus
326 1668 421 1707 accipi
444 1680 504 1698 nou
526 1675 639 1708 potest,
662 1671 718 1700 nisi
742 1677 910 1708 moveatur,
941 1673 982 1700 sie
1004 1670 1139 1699 heretum
1164 1681 1223 1699 non
1247 1676 1346 1710 potest
1369 1670 1477 1705 dividi,
1507 1668 1561 1696 nisi
1585 1671 1753 1703 moveatur,
1776 1675 1827 1694 seu
1851 1665 1971 1694 cieatur.
2013 1664 2081 1693 Ha-

136 1714 240 1739 ctenus
263 1712 426 1740 Ernestius.
468 1712 528 1740 Nec
551 1717 648 1742 tamen
670 1714 746 1743 illud
769 1724 873 1743 verum
896 1718 956 1750 est,
980 1714 1060 1752 quod
1084 1714 1161 1742 idem
1184 1714 1253 1742 Ern.
1278 1713 1439 1742 secundum
1462 1715 1532 1739 vett.
1553 1709 1775 1738 Iureconsultos
1799 1712 1961 1744 asseverat,
1979 1706 2081 1748 fami-

136 1750 208 1781 liam
231 1753 388 1783 herciscere
408 1765 470 1783 esse
493 1760 645 1785 contracte
668 1757 779 1785 dictum
802 1767 857 1795 pro
880 1767 913 1785 eo
939 1756 1020 1795 quod
1044 1756 1101 1785 fuit
1112 1755 1287 1797 familiam,
1310 1756 1438 1784 heretum
1464 1752 1575 1782 Ciscere
1596 1752 1615 1780 i.
1634 1762 1658 1780 e.
1681 1752 1766 1780 ciere.
1811 1751 1864 1778 Est
1886 1749 1963 1778 enim
1978 1748 2081 1790 fami>-

136 1793 209 1824 liam
232 1795 388 1825 herciscere
410 1796 483 1825 nihil
506 1798 603 1835 aliud,
628 1799 685 1827 nisi
709 1799 815 1839 εἴργειν
837 1797 893 1838 τὴν
917 1797 1040 1835 οὐσίαν,
1068 1798 1097 1827 h.
1121 1808 1145 1827 e.
1169 1803 1253 1837 septo
1277 1799 1428 1827 continere
1451 1806 1511 1824 rem
1536 1794 1708 1823 familiarem
1733 1793 1770 1821 ad
1793 1791 1995 1822 dividendum.

300 1837 472 1868 Ederam.
517 1840 591 1869 Vide
613 1840 743 1870 Hedera.
768 1843 809 1870 De
831 1842 884 1879 iis,
910 1852 985 1880 quae
1011 1841 1085 1869 Diali
1108 1846 1190 1869 erant
1213 1841 1361 1879 prohibita
1384 1840 1431 1868 vel
1455 1847 1612 1871 concessa,
1637 1836 1704 1864 vide
1724 1838 1810 1876 Equo
1832 1834 1895 1863 vehi
1917 1839 1944 1863 et
1966 1833 2080 1862 Fabam

138 1884 168 1908 et
188 1879 332 1910 Funebres
354 1886 381 1910 et
403 1880 504 1911 Iurare
526 1887 555 1911 et
578 1884 654 1913 Gell.
679 1885 731 1912 lib.
745 1885 782 1915 X.
806 1895 869 1923 cap.
885 1886 933 1916 15.
962 1883 1112 1912 Plutarch.
1136 1885 1167 1912 iu
1189 1884 1332 1912 Problem.
1372 1882 1430 1911 Sed
1454 1881 1524 1919 quid
1547 1879 1620 1908 haec
1644 1879 1679 1907 ad
1705 1881 1864 1907 verborum
1887 1876 2080 1914 significatio-

137 1933 220 1958 nem,
245 1933 301 1961 qua
326 1924 360 1952 de
383 1934 413 1952 re
436 1924 554 1962 agitur?
583 1927 643 1956 An
653 1934 673 1955 t.
693 1927 785 1966 Aug.
829 1927 939 1955 Verum
962 1931 1020 1961 est,
1050 1925 1131 1963 quod
1153 1926 1194 1954 ait
1216 1926 1335 1961 Festus,
1362 1934 1466 1962 nempe
1490 1923 1572 1961 quod
1595 1932 1628 1950 ea
1650 1922 1778 1957 vinciat,
1802 1920 1906 1958 quibus
1929 1918 2079 1948 adhaeret.

137 1965 238 2003 Neque
262 1967 338 1994 enim
361 1966 471 1995 nodum
496 1968 588 1996 ullum
612 1968 739 1998 habebat
762 1970 808 1998 vel
831 1970 861 1998 in
884 1971 983 2007 apice,
1020 1969 1067 1996 vel
1091 1969 1120 1996 in
1144 1969 1260 2004 cinctu,
1298 1968 1345 1996 vel
1367 1968 1423 1995 alia
1447 1965 1551 2004 quavis
1581 1969 1674 2003 parte.
1718 1964 1866 1992 Annulum
1896 1961 1983 1989 etiam
2006 1961 2080 1989 soli-

138 2007 209 2036 dum
233 2009 257 2036 ei
281 2013 394 2045 gestare
416 2020 474 2038 non
495 2011 614 2047 licebat,
644 2011 702 2040 hoc
725 2017 786 2048 est,
812 2013 862 2050 qui
885 2022 943 2040 non
966 2011 1088 2050 pervius
1112 2015 1189 2040 esset
1212 2016 1240 2039 et
1264 2020 1374 2039 cassus,
1405 2009 1492 2038 Dac.
1533 2006 1626 2036 Diali.
1667 2006 1793 2035 Glossis:
1825 2002 1841 2034 ό
1863 2006 1919 2034 τοῦ
1941 2001 2016 2040 Διός
2038 2004 2080 2035 ἵε·

138 2047 216 2090 ρεύς.
263 2049 367 2080 Goth.

303 2092 493 2122 Edeatrae.
538 2094 671 2124 Edeaire.
706 2096 807 2124 Scribe
830 2106 883 2135 per
906 2094 1141 2133 diphthongum,
1163 2093 1314 2130 eslearrae,
1337 2090 1481 2129 ἑὸεάτραι.
1507 2090 1608 2122 Scal.
1649 2089 1706 2119 Sed
1729 2087 1903 2126 legendum:
1926 2086 2079 2124 Edea1r0e‚

138 2134 197 2163 boc
220 2140 261 2163 ost
285 2134 430 2172 ecla-atrei,
454 2142 486 2164 ut
509 2148 598 2173 supra
622 2137 737 2173 (ἶειηοε,
761 2136 865 2167 «lemni.
896 2134 1067 2175 Έὸέατρος,
1091 2135 1279 2176 προγεύστης
1301 2138 1469 2177 βασιλεῖος,
1493 2132 1666 2174 ἐπιμελητής
1687 2133 1821 2163 δείπνου.
1853 2130 1995 2169 Hesych.:
2020 2127 2079 2161 α’πό

138 2180 197 2208 τῶν
219 2176 388 2217 ἐδεσμάτων
411 2179 445 2206 ab
469 2179 582 2207 eduliis.
607 2180 694 2209 Dac.
741 2180 794 2208 ΑΙιί
818 2179 1002 2208 edesmairae.
1050 2178 1153 2208 Goth.

306 2222 354 2249 Er
364 2232 451 2251 vum.
498 2222 526 2249 ln
550 2222 567 2250 1.
591 2232 627 2250 in.
651 2228 693 2250 est
718 2221 877 2258 Erviliam‚
906 2222 1065 2261 ἐρέβινθος
1086 2232 1140 2260 pro
1163 2221 1279 2250 Ervilia
1302 2219 1476 2261 ὄρόβινθον.
1505 2216 1583 2248 Ful·
1611 2216 1688 2246 Urs·
1735 2217 1759 2245 Α
1781 2216 1895 2244 Graeco
1919 2211 2029 2253 ὄροβος
2050 2217 2078 2241 et

140 2258 292 2302 ὅρόβιτον.
337 2265 413 2291 Sunt
441 2268 536 2292 autem
568 2275 662 2292 ervum
687 2270 715 2293 et
737 2263 839 2293 ervilia
866 2264 1046 2302 leguminum
1070 2274 1177 2302 genus,
1216 2264 1297 2303 queis
1320 2268 1451 2292 armenta
1475 2262 1679 2301 pinguescunt.
1709 2259 1797 2289 Dac.
1843 2257 1928 2286 Adde
1950 2257 2075 2284 Nonium

140 2304 300 2344 (pag.204.
324 2306 426 2341 Merc.)
451 2306 480 2334 in
503 2307 622 2334 Ervum.

304 2349 410 2387 Ergo.
456 2349 485 2377 L.
507 2359 545 2377 m.
568 2348 656 2376 habet
682 2343 802 2379 Οὐκοῦν
823 2359 878 2387 pro
902 2343 967 2379 οὖν.
999 2348 1099 2377 Fulv.
1127 2348 1202 2377 Urs.
1247 2349 1367 2377 Srrvius
1398 2347 1433 2376 ad
1462 2345 1538 2374 illud
1561 2344 1696 2375 Aen.V1.
1721 2340 1873 2380 (v.670.)
1896 2338 2070 2386 illius-‘'3⁰-

141 2388 227 2419 Illius
248 2401 331 2429 ergo,
364 2391 477 2429 inquit,
511 2399 629 2430 propter
649 2390 732 2419 illum
755 2389 801 2419 vel
822 2402 910 2420 causa
934 2389 1023 2421 illius.
1067 2393 1147 2431 Ergo
1169 2399 1265 2420 autem
1288 2391 1454 2421 coniunctio
1468 2390 1551 2427 fuit,
1589 2386 1639 2416 secl
1658 2398 1710 2426 per
1732 2392 1866 2414 accentus
1887 2386 2071 2409 muiassonem

1511 2440 1666 2485 Ggg*
