2263 2668
493 176 558 211 DE
584 170 972 210 SIGNIFICATIONE
997 172 1283 211 VERBORUM.
1345 175 1491 210 LIBER
1515 175 1607 211 XIV.
1949 181 2025 217 613

76 273 123 303 Ex
146 282 178 303 ea
201 271 277 301 enim
300 269 515 301 consuetudine
538 270 630 308 dixit,
657 280 724 300 cum
748 268 928 309 exprimeret
948 266 1154 300 Homericum:

609 311 673 344 Σὺν
696 314 752 351 νηΐ
771 324 800 343 τε
822 313 860 353 σῇ
882 311 931 342 καὶ
956 315 1021 348 σοῖς
1042 310 1185 353 ἑτάροισι,

79 357 182 390 Scal.
204 357 300 388 Plaut.
323 355 427 386 Pseud.
443 355 473 393 1,
498 358 533 392 1,
557 355 643 395 (123.
658 354 770 394 seqq.):

612 398 701 428 Nunc
722 409 756 427 ne
772 397 837 437 quis
859 394 969 425 dictum
990 396 1048 426 sibi
1069 405 1148 438 neget
1171 396 1238 426 dico
1262 396 1404 435 omnibus,

611 440 691 470 Pube
709 439 869 480 praesenti,
891 439 921 467 in
944 440 1098 476 concione,
1121 441 1201 469 omni
1220 438 1341 480 populo,

614 481 757 512 Omnibus
778 482 882 511 amicis
903 481 1036 522 notisque
1056 481 1139 512 edico
1161 483 1241 519 meis,

611 524 648 554 In
670 525 746 555 hunc
768 523 843 554 diem
865 535 884 553 a
905 535 949 553 me
970 531 1002 552 ut
1025 532 1160 562 caveant,
1192 536 1226 554 ne
1248 522 1369 554 credant
1393 522 1473 553 mihi.

79 571 167 601 Dae.
202 569 282 599 Galli
305 567 335 598 la
357 568 489 597 ieunesse.
540 565 643 597 Goth.
1496 569 1499 571 '

243 611 428 641 Priveras.
473 609 578 640 Privus
598 611 744 650 priveras,
775 614 808 638 ut
830 607 908 638 Iovis
930 606 1040 638 Ioveris
1062 614 1116 639 etc.
1142 607 1241 639 Scal.
1278 607 1448 648 Apollinis,
1473 606 1656 647 Apollinei-is
1679 613 1708 637 et
1730 607 1796 639 alia.
1820 610 1911 640 Dac.
1947 611 2022 641 Vide

77 654 155 684 infra
178 653 291 684 Privos.
317 651 420 682 Goth.
461 674 591 682 .....
612 660 661 681 tur
685 652 721 681 de
740 674 748 682 .
772 674 778 681 .
803 674 809 681 .
832 651 965 680 Schedae
988 673 995 680 .
1018 673 1026 681 .
1047 675 1053 682 .
1078 674 1085 681 .
1107 658 1157 681 tur
1181 663 1235 691 pro
1260 673 1267 680 .
1293 673 1299 680 .
1327 673 1333 680 .
1360 672 1366 680 .
1391 651 1512 679 videtur
1533 651 1635 679 Festus
1666 651 1702 680 de
1733 652 1884 691 privigno:
1923 654 2023 682 forsan

76 696 233 737 Privignus
256 695 364 726 dicitur
382 706 437 735 pro
458 696 652 735 praegenitus.
695 695 808 723 Forsan
831 695 916 723 etiam
941 695 1082 723 Graecam
1107 706 1211 724 vocem
1234 693 1403 722 adduxerat
1426 693 1535 721 Latinis
1556 693 1651 722 literis
1674 694 1828 733 scriptam:
1865 695 2023 735 Privignus

79 739 188 770 dicitur
207 749 354 778 progonos
377 739 461 778 quasi
480 739 673 777 praegenitus.
706 738 816 768 Gloss.:
839 736 992 776 Privignus
1011 735 1169 778 πρόγονος.
1201 738 1301 775 Neque
1324 741 1421 764 tamen
1445 736 1543 775 placet
1561 737 1726 775 privignum
1750 748 1811 766 esse
1830 749 1844 766 a
1861 736 2022 779 πρόγονος,

77 787 113 811 ut
133 783 250 821 putavit
273 781 429 818 Caninius,
467 781 520 809 sed
543 792 558 809 a
578 782 627 820 pri
648 791 703 819 pro
724 791 795 819 prae
817 785 846 809 et
869 781 990 818 antiquo
1011 791 1101 819 geno,
1142 780 1197 809 nisi
1224 779 1308 808 malis
1333 789 1400 807 cum
1423 778 1502 807 Beda
1525 788 1585 806 esse
1607 789 1622 806 a
1642 780 1743 818 privus
1765 785 1795 808 et
1814 792 1904 819 geno,
1940 781 2024 819 quasi

77 825 158 864 prive
176 825 290 864 genitus
312 823 331 854 i.
350 833 373 852 e.
397 833 530 852 seorsum
554 834 591 851 ex
613 823 670 852 alio
692 824 820 859 scilicet,
860 823 907 851 vel
937 822 993 850 alia
1022 824 1145 860 coniuge
1168 824 1299 861 genitus,
1338 831 1398 860 quo
1423 831 1509 849 sensu
1533 826 1561 849 et
1584 821 1705 850 Graecis
1729 822 1842 851 dicitur
1863 822 1965 861 ἅμφος
1988 824 2023 851 ab

79 864 191 906 ἀμφίς,
215 866 294 905 quod
319 870 363 894 est
385 876 526 895 seorsum.
551 866 639 896 Dae.
685 866 759 894 Vide
781 867 800 896 l.
814 868 844 897 4.
869 865 901 893 in
922 865 980 894 fine
1002 865 1032 896 ss'.
1056 865 1092 893 de
1115 866 1184 894 ritu.
1208 866 1227 893 l.
1240 869 1270 896 4.
1294 866 1318 902 §.
1342 869 1370 892 et
1394 864 1520 902 quidem.
1546 866 1574 895 6.
1588 863 1618 891 ff.
1643 863 1679 892 de
1703 865 1851 900 gradibus.
1888 864 1992 897 Goth.

243 907 427 945 Pecunia,
457 919 552 949 quae
573 915 761 947 erogatur.
786 909 844 947 (Ad
867 906 993 947 p.217.)
1017 909 1184 947 Repetitum
1208 912 1253 936 est
1275 906 1334 934 hoc
1356 907 1552 944 fragmentum
1576 906 1606 933 in
1627 905 1684 934 fine
1706 906 1830 936 huiusce
1853 908 1931 938 libri,
1968 909 2023 937 Le-

79 951 205 989 gendnm
221 955 338 979 autem:
360 949 506 987 Pecunia,
529 962 603 991 quae
622 958 757 990 erogatur
777 952 806 979 in
831 949 916 979 ludos
939 957 965 978 et
987 950 1170 991 spectacula,
1194 948 1361 989 appellatur
1382 948 1481 985 lucar,
1503 947 1571 976 inde
1594 946 1689 984 dicta,
1712 948 1791 989 quod
1806 961 1819 978 e
1834 949 1909 979 lucis
1926 958 2022 990 capte-

78 1001 135 1022 tur.
165 994 382 1031 Compendiose
405 993 519 1022 scilicet
541 993 686 1032 scriptum
709 993 766 1020 suit
788 992 873 1022 lucar
890 994 916 1021 ie
938 1003 992 1031 pro
1015 992 1099 1022 lucar
1118 991 1193 1021 inde.
1225 993 1325 1020 Potest
1348 992 1433 1019 etiam
1458 996 1485 1019 et
1508 991 1649 1029 scriptum
1669 992 1773 1020 fuisse:
1796 991 1961 1031 appellatur
1977 992 2023 1021 lu-

79 1037 165 1065 caris.
194 1036 275 1064 Infra
290 1035 469 1064 laudabatur
485 1037 578 1071 Cato,
603 1036 665 1064 sive
681 1036 768 1069 alius,
793 1036 844 1074 qui
868 1036 946 1064 aliud
970 1041 1090 1074 etymon
1106 1038 1159 1066 τοῦ
1176 1034 1260 1064 lucar
1282 1034 1416 1063 adduxit.
1449 1034 1548 1070 Quare
1564 1035 1688 1062 sortasse
1705 1035 1918 1073 supplendum:
1942 1034 2023 1064 Idem

77 1078 110 1106 in
132 1076 231 1107 eodem
255 1076 331 1107 libro
354 1076 440 1107 lucar
462 1089 480 1106 a
502 1077 565 1107 luce
588 1077 649 1107 dici
670 1079 837 1113 existimat,
866 1079 947 1108 cuius
970 1078 1115 1117 opinionis
1139 1083 1193 1108 etc.
1236 1077 1307 1105 Vide
1327 1076 1434 1106 Lucar.
1461 1077 1512 1105 Da
1522 1088 1546 1106 c.
1590 1077 1656 1105 Huc
1678 1079 1804 1115 pertinet
1826 1078 2024 1116 fragmentum

78 1125 164 1149 vetus
187 1121 457 1158 Senatusconsulti,
481 1121 510 1149 in
534 1131 593 1159 quo
616 1121 691 1149 inter
714 1126 808 1148 cetera
832 1121 971 1157 leguntur
996 1120 1035 1150 V.
1058 1120 1091 1150 F.
1114 1121 1158 1149 De
1179 1120 1293 1149 Lucari
1315 1118 1450 1148 ludorum
1474 1118 1666 1148 Secularium.
1713 1118 1818 1150 Goth.

244 1161 431 1201 Pipulum.
457 1163 515 1202 (Ad
540 1162 663 1202 p.217.)
688 1163 760 1191 Vide
778 1162 914 1202 Pipatio,
940 1162 1142 1192 occentassint
1166 1167 1194 1192 et
1211 1161 1383 1201 Vagulatio.
1407 1161 1493 1191 Dae.
1526 1161 1595 1192 P...
1610 1173 1676 1201 .qu.
1708 1162 1748 1190 De
1771 1162 1823 1191 Pio
1847 1173 1881 1191 ac
1903 1162 2024 1190 Piaculo

79 1207 110 1234 et
132 1205 353 1244 expiationibus
376 1206 526 1244 fulgurum
551 1208 642 1243 egisse
658 1205 776 1234 Festum
799 1210 885 1243 puto.
920 1207 992 1234 Item
1015 1207 1187 1244 pecuniam,
1211 1215 1285 1243 quae
1309 1209 1479 1241 erogaretur
1495 1205 1683 1243 piaculorum
1701 1215 1820 1241 caussa,
1843 1205 2024 1243 piacularem

79 1247 206 1284 dictam,
231 1248 401 1286 edictaque,
425 1258 499 1286 quae
522 1249 593 1285 quid
616 1249 645 1276 in
668 1248 825 1285 religiones
848 1248 885 1276 ob
907 1249 1102 1286 ignorantiam
1125 1248 1313 1277 commissum
1334 1247 1446 1286 expiari
1462 1247 1615 1283 iuberent,
1640 1247 1800 1285 piacularia
1818 1248 1913 1285 dicta,
1934 1248 2025 1285 idque

78 1290 185 1319 referri
208 1301 223 1318 a
246 1290 370 1318 Messala
393 1292 421 1318 in
446 1291 652 1328 explanatione
675 1300 844 1326 sacrorum,
882 1301 919 1319 an
941 1291 1144 1327 auguriorum.
1189 1290 1375 1327 Sequebatur
1403 1290 1508 1318 deinde
1533 1288 1686 1328 Pipulum‚
1723 1291 1856 1329 ploratus
1880 1301 1894 1319 a
1919 1290 2025 1329 pipatu

78 1333 231 1371 pullorum
255 1337 413 1371 sumptum.
461 1333 568 1362 Varro:
595 1333 628 1360 In
652 1332 806 1360 Aulularia
830 1333 897 1370 (III,
922 1337 956 1368 2,
981 1333 1059 1371 32.):
1088 1332 1194 1373 Pipulo
1217 1340 1244 1361 te
1265 1331 1403 1373 differam
1427 1340 1493 1360 ante
1514 1331 1616 1361 aedes:
1638 1332 1670 1361 id
1693 1338 1736 1361 est
1758 1333 1910 1369 convicio,
1934 1332 2023 1361 decli-

79 1380 180 1403 natum
203 1385 219 1402 a
243 1375 348 1413 pipatu
372 1375 531 1413 pullorum.
562 1375 695 1403 Isidorus
718 1375 748 1402 in
772 1376 901 1404 Glossis:
925 1374 1048 1415 Pipulo,
1070 1375 1207 1415 ploratu,
1232 1375 1372 1404 convicio.
1407 1375 1528 1412 Reliqua
1551 1375 1607 1402 alio
1631 1375 1831 1413 pertinebant,
1854 1375 1891 1404 de
1915 1383 2024 1403 consu-

76 1417 155 1445 libus
179 1427 342 1455 eorumque
364 1418 528 1446 lictoribus.
567 1418 641 1446 Puto
664 1419 700 1445 iis
722 1422 883 1445 tractatum
907 1419 998 1446 fuisse
1021 1418 1057 1446 de
1079 1419 1192 1456 legibus
1216 1417 1426 1445 consularibus
1449 1418 1478 1445 in
1502 1417 1582 1445 cives
1604 1419 1731 1455 rogatis,
1756 1428 1830 1456 quae
1854 1416 2024 1446 sanciebant

75 1469 202 1499 poenam
225 1459 390 1488 verberum.
434 1460 508 1488 Nam
531 1460 560 1488 in
584 1460 640 1488 fine
665 1460 820 1488 manifesto
844 1459 916 1489 haec
939 1461 1051 1498 scripta
1075 1461 1210 1489 fuerunt:
1242 1459 1334 1488 tribus
1353 1460 1478 1489 XXXV.
1501 1467 1550 1488 aut
1571 1459 1725 1500 privilegia
1747 1461 1891 1499 irrogare,
1915 1466 1965 1489 aut
1988 1456 2024 1488 tle

77 1503 173 1542 capite
195 1502 267 1531 civis
289 1509 427 1537 statuere,
451 1504 508 1531 nisi
528 1504 666 1531 maximo
690 1503 843 1531 comitiatu
865 1511 963 1531 vetant
978 1502 1055 1531 λ’ῙῙ.
1073 1502 1254 1531 Tabularum
1275 1500 1357 1542 leges,
1380 1510 1582 1542 praeterquam
1606 1503 1635 1531 in
1658 1504 1806 1542 ventficos,
1831 1501 1936 1541 quique
1957 1511 2025 1529 ma·-

76 1543 137 1573 lum
161 1554 278 1574 carmen
300 1546 470 1580 incantant,
506 1546 575 1584 quia
604 1545 661 1584 ipsi
688 1543 850 1572 indemnati
877 1546 939 1573 iure
961 1544 1145 1573 occiduntur.
1189 1545 1297 1573 Notum
1322 1550 1379 1580 cst,
1418 1545 1497 1582 quod
1521 1544 1622 1583 posui,
1659 1546 1696 1574 de
1719 1544 1815 1582 capite
1839 1544 1912 1571 civis
1935 1548 1964 1571 et
1988 1543 2026 1571 de

75 1587 239 1626 privilegiis
262 1597 299 1614 ex
322 1587 474 1615 Ciceronis
503 1598 563 1615 non
595 1587 696 1625 paucis
719 1587 808 1616 locis.
842 1597 898 1624 pro
922 1588 1039 1623 Sextio,
1073 1598 1128 1625 pro
1153 1587 1246 1614 Domo
1269 1592 1298 1614 et
1319 1586 1370 1615 III.
1395 1587 1432 1615 de
1454 1587 1540 1623 legib.
1564 1587 1651 1616 libro.
1695 1588 1736 1615 De
1760 1586 1897 1615 veneficis
1920 1590 1950 1614 et
1971 1586 2024 1614 in-

77 1630 279 1658 cantatoribus
309 1630 479 1657 notissimus
503 1634 546 1657 est
564 1630 651 1657 Plinii
674 1629 758 1656 locus
783 1628 831 1656 lib.
848 1629 981 1657 XXVIII.
1000 1639 1061 1666 cap.
1075 1632 1105 1659 2.
1141 1629 1331 1657 Indemnatos
1355 1629 1395 1656 ait
1418 1629 1521 1657 occidi.
1569 1630 1644 1665 Quia
1670 1630 1774 1668 passini
1798 1629 1959 1666 unicuique
1980 1628 2026 1657 inv-

75 1672 210 1701 terficere
235 1671 357 1707 licebat,
394 1677 427 1699 ut
449 1676 582 1710 apparet.
609 1669 709 1700 scal.
756 1670 810 1707 (De
831 1670 935 1710 pipulo
960 1672 996 1701 cf.
1020 1672 1171 1700 Hauboldi
1194 1671 1428 1699 dissertationem
1452 1672 1487 1699 de
1513 1670 1755 1710 Obvagulatione.
1778 1671 1839 1710 L.).
1876 1670 2024 1710 P....q.

77 1714 119 1742 De
141 1714 291 1751 fulgurum
314 1714 533 1751 expiationibus
556 1714 604 1741 hic
628 1713 732 1750 agebat
754 1713 867 1742 Festus.
914 1714 1009 1751 Atque
1032 1714 1072 1742 ita
1097 1714 1198 1741 forsan
1221 1715 1397 1752 scripserat:
1426 1712 1596 1742 Piacularia
1618 1713 1762 1754 quaedam
1785 1724 1871 1742 sacra
1894 1713 2026 1752 Aruspi—

78 1767 124 1784 ces
145 1755 237 1784 solent
260 1757 420 1795 suscipere,
443 1768 507 1785 cum
531 1757 561 1783 in
585 1755 681 1784 locum
706 1754 848 1794 quendam
863 1754 976 1797 fulgur
998 1755 1116 1786 decidit.
1149 1756 1183 1784 In
1207 1756 1399 1794 sequentibus
1422 1756 1569 1784 lubricum
1593 1758 1656 1784 iter.
1691 1756 1827 1784 Addebat
1850 1758 1949 1784 l'orsan
1972 1755 2026 1784 Fe-

77 1802 155 1826 stus:
182 1796 240 1834 Qui
261 1796 343 1826 locus
363 1805 463 1836 postea
483 1797 656 1838 fulguribus
679 1797 720 1825 ibi
742 1796 869 1826 conditis
890 1809 973 1826 sacer
996 1797 1112 1826 habitus
1134 1806 1190 1834 est,
1213 1806 1244 1826 ut
1261 1806 1287 1826 et
1304 1799 1397 1827 omnis
1412 1809 1495 1837 ager,
1520 1809 1601 1837 quem
1620 1797 1734 1827 calcari
1750 1798 1832 1838 nefas
1848 1805 1903 1834 est,
1927 1796 2025 1826 eadem

78 1841 206 1875 ratione,
230 1845 259 1866 ut
282 1846 308 1866 et
331 1847 423 1868 cetera
447 1839 514 1869 loca
537 1841 652 1875 omnia,
676 1850 750 1878 quae
762 1838 889 1878 fulgure
910 1851 995 1868 sacra
1008 1839 1103 1880 facta
1125 1847 1201 1869 sunt,
1245 1841 1353 1870 Parum
1376 1851 1437 1876 me,
1468 1840 1641 1878 praefiscine
1665 1841 1786 1877 dixero,
1816 1841 1864 1869 vel
1888 1851 1904 1868 a
1927 1839 2023 1868 verbis

77 1883 127 1911 vel
149 1892 164 1909 a
189 1885 285 1909 niente
307 1881 384 1909 Festi
407 1881 577 1910 discessisse
598 1882 743 1916 arbitror,
779 1883 831 1910 sed
855 1882 892 1910 de
915 1893 965 1919 eo,
1000 1888 1032 1911 ut
1056 1883 1091 1911 de
1115 1882 1181 1911 aliis
1205 1883 1357 1920 omnibus,
1396 1893 1470 1921 quae
1495 1892 1558 1911 mea
1581 1888 1666 1919 sunt,
1705 1894 1793 1922 penes
1817 1883 1897 1911 viros
1918 1882 2022 1908 doctos

78 1924 222 1953 iudicium
247 1927 318 1951 esto.
350 1923 424 1951 Vide
446 1922 596 1952 Bidental.
643 1923 732 1952 Dac.

241 1964 482 1996 Promellere.
528 1964 650 1995 Mellae
672 1975 723 1993 seu
745 1964 856 1994 Melete
879 1966 1034 2004 antiquum
1064 1967 1185 1996 verbum
1210 1979 1224 1996 a
1250 1968 1365 1996 Graeco
1389 1967 1514 2007 μέλλειν,
1553 1968 1636 1997 cuius
1663 1968 1785 2003 vestigia
1809 1969 1974 2003 supersunt·
1988 1964 2021 1992 '5¹1

77 2017 152 2038 voce
168 2005 371 2047 Remeligines.
390 2006 414 2036 S
422 2006 492 2038 cal.
532 2008 588 2036 Pro
611 2006 714 2036 lituum
735 2018 854 2047 provere
877 2008 943 2046 lego
966 2007 1045 2037 litem
1066 2020 1244 2049 promovere.
1283 2009 1407 2039 Provere
1430 2011 1640 2049 compendiose
1663 2021 1716 2049 pro
1736 2017 1912 2047 promovere.
1950 2005 2022 2036 Pr'o—

76 2049 192 2081 mellere
214 2055 312 2079 autem
336 2054 380 2078 est
400 2051 631 2089 procrastinare,
652 2048 827 2089 producere,
852 2061 867 2078 a
892 2052 994 2088 mello,
1018 2062 1135 2090 moror,
1160 2052 1241 2091 quod
1265 2064 1280 2082 a
1306 2053 1421 2082 Graeco
1444 2053 1546 2091 μέλλω.
1590 2054 1663 2082 Inde
1685 2049 1828 2080 remellere
1849 2050 1911 2078 sive
1934 2061 2021 2078 reme-

77 2093 135 2123 lere
156 2092 248 2122 unico
268 2092 296 2129 l,
319 2093 475 2129 remorari,
499 2103 514 2120 a
535 2103 594 2131 quo
618 2097 646 2121 et
668 2091 845 2132 remeligines
868 2093 980 2129 dictae,
1005 2104 1079 2132 quae
1103 2105 1118 2122 a
1141 2095 1319 2124 remorando
1341 2106 1486 2124 remorae.
1528 2095 1618 2123 Dae.
2002 2102 2003 2105 ’

242 2133 397 2164 Pur-ime.
441 2135 531 2165 Infra.
574 2136 638 2163 Duo
667 2135 797 2163 membra
825 2141 893 2164 sunt
921 2136 950 2164 in
973 2136 1019 2164 his
1042 2137 1183 2175 reliquiis.
1224 2138 1257 2166 In
1281 2138 1378 2176 primo
1401 2138 1475 2174 quid
1498 2136 1535 2164 sit
1557 2145 1627 2173 ager
1649 2135 1786 2174 publicus
1809 2134 2018 2170 disserebatur,

77 2188 182 2218 nempe
206 2186 264 2216 quo
287 2182 315 2206 et
337 2187 462 2215 augures
485 2178 598 2217 publici
622 2177 812 2213 fruebantur,
837 2178 932 2216 qualis
956 2183 1033 2215 erat,
1058 2180 1107 2218 qui
1130 2180 1160 2208 in
1184 2190 1254 2218 agro
1268 2180 1386 2208 Veienti
1408 2183 1485 2215 erat,
1508 2178 1625 2207 nomine
1639 2179 1741 2209 Oscus.
1774 2177 1899 2206 Videtur
1921 2182 2018 2204 autem

76 2221 153 2250 velle
175 2220 279 2248 Festus
303 2220 459 2248 Publicum
482 2231 583 2259 agium
606 2220 718 2249 dictum
742 2230 802 2248 csse
826 2221 860 2248 ab
886 2222 1047 2259 auguribus
1075 2222 1212 2260 publicis.
1260 2223 1299 2250 I)e
1323 2222 1431 2260 quibus
1455 2221 1549 2250 Varro
1572 2220 1636 2261 (lib.
1650 2221 1685 2250 V.
1707 2231 1773 2260 pag.
1786 2219 1837 2251 34.
1862 2218 1941 2258 Sp.):
1979 2216 2016 2244 Ut

77 2264 170 2292 nostri
191 2273 315 2301 augures
333 2261 448 2302 publici
471 2261 623 2292 disserunt.
657 2262 761 2291 Cicero
785 2262 834 2301 (de
855 2263 938 2301 Legg.
955 2264 990 2300 11,
1014 2266 1043 2300 8,
1065 2263 1143 2303 20.);
1168 2263 1285 2293 Publici
1307 2275 1430 2304 augures
1445 2263 1542 2304 signis
1562 2270 1589 2292 et
1610 2264 1751 2304 auspiciis
1769 2269 1870 2302 postea
1891 2259 2013 2289 vidente.

78 2304 180 2334 Scal.
213 2305 269 2333 Pro
292 2312 372 2333 teneo
396 2305 535 2334 dicebant
556 2313 639 2342 teno,
662 2304 740 2333 unde
763 2306 954 2343 praeteritum
979 2306 1068 2335 tetini.
1103 2306 1177 2335 Vide
1198 2307 1289 2335 infra:
1316 2307 1414 2335 Tetini
1433 2305 1631 2337 tenuivDac.
1668 2305 1810 2335 Publicus
1831 2315 1906 2342 ager.
1940 2300 2014 2329 vide

80 2345 198 2377 Oscum.
222 2344 334 2376 Idem.
366 2346 481 2376 Postea.
512 2348 554 2376 Ita
576 2357 668 2386 paene
691 2347 864 2386 scripserat:
888 2346 1043 2377 Prodicere
1065 2346 1139 2377 ‹liem
1163 2356 1203 2378 est
1224 2347 1354 2388 prodere.
1382 2349 1533 2378 Prodictio
1555 2356 1682 2387 namque
1704 2346 1832 2386 proditio
1855 2349 1913 2379 est,
1938 2351 2014 2380 quae

75 2389 108 2418 in
130 2399 267 2429 praesens
290 2389 376 2417 valet.
411 2389 569 2419 Prodicere
592 2390 668 2418 diem
692 2394 721 2418 et
743 2389 870 2428 prodere
892 2391 970 2420 diem
992 2390 1069 2419 idem
1094 2401 1156 2420 esse
1179 2402 1268 2430 snpra
1291 2392 1466 2421 notavimus.
1502 2391 1614 2420 Gellius
1636 2392 1686 2420 lib.
1699 2392 1761 2419 XII.
1786 2389 1928 2424 cap.13.:
1949 2383 2013 2413 Ka-

77 2430 235 2472 lendasque
255 2431 327 2460 milii
346 2430 516 2470 prodictus,
538 2433 580 2462 uti
601 2433 679 2461 intra
703 2443 764 2461 eum
788 2431 863 2461 diem
884 2434 1117 2472 pronunciarem.
1152 2434 1227 2464 Male
1247 2434 1336 2463 hodie
1356 2432 1525 2474 productas.
1549 2433 1644 2462 Scal.
1678 2433 1733 2462 Sed
1758 2431 1803 2459 vel
1825 2427 2012 2457 scribendum

116 2482 284 2511 Gnmmr.
304 2491 373 2510 mr.
396 2481 430 2510 II.
1526 2487 1540 2518 l
1556 2487 1565 2518 i
1581 2486 1588 2517 i
1605 2486 1614 2517 i
