2263 2668
524 146 588 180 DE
613 140 1003 180 SIGNlFchTIONE
1030 142 1316 179 VERBORUM.
1366 143 1514 178 LIBER
1539 144 1614 179 XV.
1973 147 2048 184 627

263 239 364 279 Ques.
395 237 456 280 (Ad
479 237 607 279 p.221.)
636 238 764 269 Pluralis
785 247 840 276 pro
863 235 923 276 qui.
969 235 1098 266 Ennius:

737 297 779 302 —
815 279 921 308 Decem
944 277 1063 308 coclites
1084 290 1154 319 ques
1175 279 1323 310 montibus
1344 281 1465 310 summis

676 323 778 363 Ripez‘s
789 321 907 364 fodere.

97 368 184 397 Duo.
219 365 315 406 Queis.
345 366 406 403 Qui
428 367 475 396 vel
497 366 574 405 quis.
621 364 729 396 Goth.

264 409 337 448 Qui
357 409 426 439 hoc
449 409 623 440 censetis.
651 408 710 446 (Ad
725 418 753 447 p.
766 406 850 447 221.)
874 406 953 435 Haec
974 405 1065 435 verba
1089 406 1264 436 dicebantur
1280 408 1311 436 in
1324 409 1434 437 Senatu
1453 408 1489 437 ab
1508 418 1541 437 eo
1557 408 1745 446 magistratu,
1770 407 1822 446 qui
1838 408 1983 439 retulerat
1997 410 2051 440 ali-

96 462 154 490 qua
171 451 208 480 de
226 462 259 480 re
275 452 314 480 ad
328 454 480 489 Senatum,
504 456 536 480 ut
558 462 613 491 per
635 451 843 480 discessionem
858 450 1155 479 Senatusconsultum
1180 451 1300 480 faceret.
1333 452 1393 479 Cic.
1408 452 1457 480 lib.
1469 451 1490 480 1.
1507 461 1553 490 ep.
1564 454 1595 482 2.
1617 449 1652 479 cle
1674 450 1767 479 tribus
1790 448 1894 490 legatis
1905 451 2052 492 frequen-

95 501 137 524 ies
158 495 252 523 ierunt
274 496 304 524 in
326 493 388 524 alia
410 495 516 523 omnia.
550 494 623 523 Vide
643 495 720 523 Gell.
739 494 790 522 lib.
804 493 884 522 XIV.
908 502 934 521 c.
947 495 977 524 7.
998 491 1089 521 Ant.
1109 493 1200 532 Aug.
1236 494 1269 522 In
1292 494 1417 522 Senatus
1441 494 1579 522 consulto
1602 503 1657 532 per
1679 493 1890 522 discessionem
1911 495 2051 526 faciendo

95 538 187 566 moris
210 541 288 573 erat,
311 542 345 566 ut
367 538 472 566 consul
495 541 545 565 aut
567 538 593 566 is
616 538 667 576 qui
691 548 758 566 cum
781 535 942 574 insignibus
965 535 1081 572 imperii
1104 536 1151 563 vel
1173 537 1331 565 lictoribus
1356 542 1432 572 erat,
1456 546 1522 565 cum
1546 547 1604 574 qua
1626 535 1664 564 de
1687 546 1794 564 caussa
1814 537 1953 566 Senatum
1977 549 2051 567 con-

95 583 231 614 vocaret,
254 581 422 616 retulisset,
444 579 490 608 his
508 581 608 608 verbis
629 580 790 609 sententias
806 583 939 617 rogaret:
966 576 1047 616 QUI
1062 577 1156 607 HOC
1175 577 1395 616 CENSETIS,
1418 577 1555 608 ILLUG
1573 577 1814 608 TRANSITE:
1841 578 1922 618 QUI
1934 579 2052 610 ALIA

98 617 250 651 OMNIA
272 621 323 651 IN
342 621 470 652 HANG
489 619 687 652 PARTEM.
733 622 848 651 Ominis
870 625 967 650 autem
991 629 1095 649 caussa
1118 622 1159 648 ita
1182 622 1373 660 loquebatur:
1406 622 1456 661 qui
1478 620 1540 650 alia
1561 623 1676 659 omnia,
1706 631 1743 649 ne
1766 621 1880 650 diceret
1902 623 1954 662 qui
1977 634 2052 652 con-

95 664 230 693 irarium.
275 665 328 694 Vel
351 666 401 703 qui
424 666 511 694 aliter
534 667 678 701 censetis,
709 665 789 704 quod
813 670 909 693 tamen
933 665 1029 702 ipsum
1054 663 1218 701 significat,
1250 665 1300 692 sed
1324 665 1559 694 contrarium
1581 665 1629 693 vel
1652 662 1772 692 aliter
1794 669 1829 692 ut
1852 665 1922 692 mali
1946 665 2052 694 ominis

94 706 221 735 verbum
250 707 391 743 fugiebat.
435 708 513 737 Hinc
536 709 611 737 illud
634 708 725 737 Hirtii
748 708 799 737 lib.
813 707 888 737 Vlll.
913 705 949 735 de
970 706 1049 734 bello
1074 706 1204 735 Gallico:
1241 707 1451 736 Discessionem
1471 706 1609 748 faciente
1630 705 1797 743 Marcello,
1832 706 1958 736 Senatus
1977 706 2053 746 fre-

95 760 185 789 quens
206 750 237 777 in
258 749 321 779 alia
345 751 443 779 omnia
467 751 591 780 transiit.
635 751 713 780 Fuse
735 750 816 779 hunc
839 759 950 779 morem
974 749 1107 787 explicat
1129 749 1203 777 Plin.
1226 760 1272 787 ep.
1289 750 1336 780 14.
1362 749 1411 777 lib.
1426 750 1517 779 vl1[.:
1557 748 1662 786 Quid?
1691 747 1744 777 Zeae
1766 760 1823 778 non
1847 756 1945 787 aperte
1969 748 2054 780 docet

96 790 198 831 dirimi
219 790 319 820 debere
340 794 510 825 sententias,
547 802 635 833 quum
663 793 707 822 ita
738 792 940 823 discessionem
961 792 1034 832 fieri
1056 790 1150 820 iubet:
1193 791 1273 829 QUI
1298 790 1424 820 HAEC
1452 790 1672 827 CENSETIS,
1708 789 1761 820 IN
1784 789 1914 820 HANG
1939 790 2053 821 PAR-

99 832 214 864 TEMe
246 833 327 873 QUI
345 834 461 865 ALIA
486 834 655 871 OMNIA,
687 835 738 864 IN
757 834 913 864 ILLAM
931 832 1123 864 PARTEM
1144 833 1219 862 1TE
1242 833 1336 872 QUA
1359 832 1583 863 SENTITIS?
1626 833 1712 863 Dae.

264 875 362 915 Quot
385 879 491 907 servi.
521 878 581 918 (Ad
604 889 633 917 p.
646 878 730 917 221.)
762 878 843 914 Quid
866 878 970 906 Festus
993 876 1142 906 addiderit
1165 877 1328 906 sententiae
1350 877 1460 906 relatae
1484 876 1633 916 Capitonis
1657 875 1741 904 nobis
1765 884 1825 904 non
1848 880 1981 913 constan
2005 880 2054 905 ta-

94 923 165 947 men
186 919 373 959 probabilius
396 921 519 950 videtur
540 921 573 949 id
595 930 658 950 esse
681 922 811 957 dictum,
835 925 868 949 ut
891 930 1061 949 caveremus
1076 930 1093 948 a
1107 920 1215 956 servis,
1240 930 1315 958 quos
1340 924 1453 948 certum
1477 924 1522 948 est
1544 918 1644 948 hostes
1668 918 1752 947 nobis
1769 918 1871 947 fuisse.
1904 918 1967 947 Hoc
1983 929 2054 957 pro-

96 961 232 990 verbium
251 963 524 1001 arrogantissimum
542 965 674 1004 appellat
691 964 821 993 Macrob.
837 963 887 992 lib.
900 964 922 994 Ι.
938 964 1054 992 Saturn.
1072 963 1110 999 (c.
1126 964 1186 1000 11.)
1204 967 1232 990 et
1248 963 1346 991 addit:
1376 974 1434 991 non
1455 961 1595 991 habemus
1617 960 1687 990 illos
1709 960 1818 996 hostes,
1841 959 1891 989 sed
1901 960 2054 1001 facimus,

96 1014 162 1033 cum
185 1005 216 1033 in
239 1004 309 1047 illos
336 1005 552 1046 superbissimi,
588 1005 876 1036 coniumeliosissimi
902 1013 929 1035 et
957 1004 1152 1035 crudelissimi
1174 1016 1280 1034 sumus.
1309 1005 1396 1036 Ant.
1415 1005 1509 1044 Aug.
1554 1005 1616 1033 Hos
1639 1004 1738 1032 hiatus
1758 1014 1846 1032 nemo
1869 1004 1978 1043 opinor
1999 1013 2056 1032 ex-

94 1047 176 1085 pleat
198 1047 256 1087 nisi
282 1048 333 1087 qui
354 1049 507 1078 meliorem
533 1049 667 1078 codicem
690 1050 889 1078 nanciscatur.
928 1048 1008 1078 Nihil
1031 1049 1136 1077 iuvant
1157 1047 1300 1078 Schedae.
1338 1048 1534 1076 proverbium
1556 1046 1638 1076 istud
1662 1046 1795 1085 agnoscit
1817 1046 1947 1076 Macrob.
1969 1046 2055 1076 1ib.1.

95 1090 214 1120 Saturn.
239 1091 277 1127 (c.
293 1092 365 1129 11.).
411 1092 471 1121 Cur
498 1098 597 1121 ‘autem
627 1093 843 1122 existimaverit
864 1091 983 1121 Sinnius
1007 1091 1112 1130 Capito
1135 1091 1209 1119 illud
1234 1096 1426 1130 praepostere
1447 1101 1464 1118 a
1488 1090 1591 1119 multis
1614 1089 1804 1118 enunciatum
1826 1089 1919 1118 fuisse
1942 1094 1971 1118 et
1992 1088 2056 1117 ini-

96 1132 139 1161 tio
162 1132 277 1162 dictum
300 1141 369 1174 quot
392 1133 486 1164 hostes
509 1143 550 1165 tot
572 1136 646 1164 servi
667 1137 738 1164 satis
762 1135 862 1164 mirari
885 1145 945 1164 non
968 1144 1098 1173 possum.
1139 1134 1213 1162 Nam
1237 1141 1307 1173 quot
1329 1134 1403 1162 servi
1427 1140 1469 1162 tot
1492 1133 1586 1162 hostes
1607 1137 1723 1161 rec-tum
1747 1142 1809 1161 esse
1832 1136 1861 1160 et
1885 1131 2057 1170 antiquissi-

95 1184 177 1203 mum
200 1176 300 1204 nullus
323 1176 431 1216 opinor
454 1178 618 1214 dubnabit,
652 1179 705 1216 qui
734 1177 902 1206 meminerit
925 1176 1139 1215 antiquissimis
1159 1177 1236 1206 iliad
1258 1176 1443 1215 temporibus
1465 1180 1653 1214 usurpatum.
1698 1175 1777 1203 Audi
1799 1174 1979 1213 Prophetam
2002 1174 2055 1203 Oz.

96 1227 162 1257 0³1)-
176 1221 222 1250 7.:
246 1218 349 1259 ἐχθροὶ
371 1219 480 1256 πάντες
504 1217 630 1260 ἀνδρὸς,
653 1222 686 1251 οἵ
705 1221 737 1251 ἐν
760 1219 842 1261 αὐτῷ
864 1220 938 1262 οἴκῳ
962 1218 1066 1250 αὐτοῦ.
1098 1219 1180 1248 Idem
1203 1219 1361 1258 usurpavit
1385 1224 1487 1258 postea
1510 1220 1651 1247 Servatur
1672 1222 1774 1246 noster
1796 1217 1898 1246 Mavtth.
1917 1220 1964 1254 10,
1987 1219 2055 1248 36.:

97 1260 158 1291 Καὶ
187 1261 291 1300 ἐχθροὶ
320 1259 490 1302 ἀνθρώπου
514 1264 546 1294 οἵ
567 1264 697 1294 οἰκιακοὶ
719 1259 825 1294 αὐτοῦ.
853 1262 942 1292 Dac.
987 1263 1072 1291 Idem
1095 1264 1205 1291 Seneca
1228 1263 1274 1291 Vl.
1298 1262 1390 1301 Epist.
1406 1262 1458 1293 47.
1498 1262 1572 1291 Vide
1593 1260 1810 1300 Theophilum,
1841 1261 1864 1298 §.
1887 1259 1939 1289 sed
1961 1259 2057 1288 maior

96 1302 188 1334 instit.
213 1303 249 1332 de
270 1303 317 1332 his
341 1305 391 1343 qui
414 1311 486 1334 sunt
505 1306 564 1336 sui.
608 1307 647 1335 Et
669 1306 758 1336 Arist.
776 1306 797 1335 I.
821 1305 907 1335 Polit.
955 1303 1061 1334 Goth.

263 1345 591 1388 Querquetularia
617 1355 742 1388 porta.
786 1347 899 1376 Eadem
930 1348 1166 1386 querquetularia
1195 1347 1283 1376 dicta.
1329 1346 1427 1385 Prope
1456 1344 1624 1375 viminalem
1654 1345 1747 1374 fuisse
1777 1344 1900 1374 videtur
1923 1343 2057 1373 indicare

94 1387 169 1417 Plin.
191 1388 242 1416 lib.
255 1389 332 1418 XVI.
376 1390 462 1419 Nunc
492 1391 522 1419 in
550 1391 660 1419 vinetis
686 1391 766 1420 iacet
791 1391 913 1426 clausa„
949 1395 978 1418 et
1007 1390 1044 1418 ad
1066 1401 1131 1420 eam
1154 1401 1208 1430 per
1229 1389 1336 1427 viginti
1360 1390 1469 1428 gradus
1491 1389 1687 1417 ascendimus.
1715 1387 1805 1417 Dae.
1852 1386 2057 1426 Querquetum.

97 1430 288 1467 Quercetum.
316 1430 421 1462 Goth.
461 1432 628 1473 Viragines.
665 1434 774 1472 Virago
798 1433 913 1462 Glossis
936 1430 1075 1474 ἀνδρεῖα,
1107 1436 1226 1474 γυναῖα.
1251 1431 1362 1462 Idem.
1407 1432 1451 1461 Cs.
1475 1431 1601 1460 Nardini
1624 1432 1708 1460 Rom.
1730 1430 1839 1467 Vet.1‚
1862 1432 1891 1461 3.
1915 1429 1989 1460 Plin.
2004 1428 2056 1464 ΠΙ,

95 1475 132 1511 5,
155 1476 186 1505 9.
211 1475 347 1504 Creuzer.
372 1476 451 1504 Antt.
474 1477 558 1505 Rom.
582 1478 671 1514 §.28·.

262 1516 454 1556 Quoniam.
498 1519 547 1548 Ait
570 1519 673 1547 Festus
698 1517 810 1546 Latinis
835 1517 976 1556 quoniam
998 1517 1162 1555 significare
1185 1518 1258 1558 quia
1281 1522 1310 1546 et
1330 1524 1506 1557 postquam,
1536 1521 1571 1545 ut
1594 1515 1716 1545 Graecis
1739 1514 1802 1546 ἐπεί
1819 1519 1853 1543 «εἰ
1874 1523 1980 1543 verum
2004 1517 2056 1542 est.

92 1559 207 1588 *Priorls
230 1560 454 1598 significationis
477 1562 614 1600 exempla
637 1561 761 1590 cuilibet
784 1560 889 1596 obvia,
912 1560 1088 1598 posterioris
1106 1562 1204 1589 minus
1221 1565 1303 1589 nota.
1335 1560 1436 1595 Quare
1458 1569 1608 1599 apponam
1631 1567 1722 1588 umum
1741 1563 1775 1587 *et
1797 1557 1931 1587 alterum.
1964 1556 2058 1585 maus.

94 1602 178 1631 'Asia
216 1603 258 1631 ΙΙΙ
298 1604 317 1634 3
360 1605 429 1634 121.
456 1614 463 1632 τ

202 1601 213 1643 (
266 1626 274 1640 ⁹
327 1625 334 1639 ’
390 1602 470 1682 Quid
491 1643 595 1675 nunc?
617 1645 755 1685 quoniam
779 1643 881 1682 ambo,
904 1651 935 1673 ut
958 1652 998 1673 esi
1020 1643 1162 1682 lubitum,
1186 1655 1238 1673 nos
1263 1642 1427 1681 delusistis,
1452 1641 1567 1673 datisne
1588 1641 1767 1684 argentum?

96 1686 179 1716 Idem
201 1688 230 1716 in
255 1687 372 1726 Prolog.
395 1688 494 1716 Aulul.
519 1689 587 1725 (9.):

387 1729 419 1759 'Is
437 1731 580 1771 ‘quoniam
602 1731 743 1766 moritur,
774 1729 819 1757 ita
842 1728 931 1758 auido
956 1729 1071 1768 ingenio
1086 1728 1164 1769 fuit,

389 1772 559 1813 Numquam
583 1771 716 1801 indicare
740 1770 772 1800 id
787 1771 861 1812 filio
884 1770 976 1800 voluit
999 1782 1061 1800 suo.

93 1812 245 1852 Quoniam
272 1818 371 1843 autem
395 1825 410 1843 a
434 1824 521 1856 quom
545 1820 573 1844 et
596 1815 663 1843 iam.
694 1814 784 1844 Dac-
821 1811 930 1845 Ἐπεί.
959 1812 1037 1846 ΓΌτι.
1070 1812 1175 1844 60411..
1221 1812 1264 1843 ’(Ζὶ.
1285 1812 1456 1842 Iohannsen
1479 1812 1528 1841 die
1546 1811 1643 1841 Lehre
1666 1822 1726 1841 von
1749 1811 1805 1841 der
1826 1812 1888 1840 Lat.
1912 1809 2058 1840 Wortbil-

95 1856 156 1885 dun
222 1868 236 1886 a
259 1879 265 1885 .
280 1858 351 1889 105.

158 1867 176 1896 g
198 1867 219 1896 P
239 1867 377 1938 ἑἐῼιιοᾶ.
423 1900 499 1938 Lege
521 1897 608 1939 quid,
637 1904 674 1927 ‘ut
695 1899 727 1926 iu
747 1899 787 1927 al.
808 1897 908 1937 Quid,
933 1899 1063 1938 aliquid,
1090 1904 1122 1927 ut
1144 1897 1239 1939 quod,
1268 1898 1403 1936 aliquod.
1447 1897 1560 1926 Attius:

677 1940 724 1969 Ita
749 1940 818 1970 (lum
841 1942 1032 1980 interruptum
1055 1940 1161 1971 credas
1185 1940 1315 1970 nimbum
1338 1939 1459 1977 volvier,

676 1983 755 2012 Dum
778 1983 858 2024 quod
880 1983 1003 2013 sublime
1024 1985 1116 2012 veniis
1138 1983 1294 2024 expulsum
1318 1984 1385 2022 rapi

674 2025 812 2063 Saxum,
847 2034 898 2055 aut
918 2025 1058 2066 procellis
1082 2041 1130 2057 --—.

94 2067 191 2105 Dum,
213 2068 232 2097 i.
251 2078 276 2098 e.
299 2068 460 2099 interdum.
499 2066 606 2107 Quod,
628 2068 758 2107 aliquod.
799 2067 874 2106 Quis
896 2074 995 2098 autem
1019 2073 1047 2097 et
1068 2067 1142 2109 quid
1163 2079 1179 2097 a
1204 2069 1250 2104 τίς
1272 2073 1302 2097 et
1322 2068 1360 2098 τί.
1392 2068 1512 2096 γΜιιῑεῐο
1533 2079 1550 2098 τ
1572 2067 1603 2095 in
1623 2078 1645 2106 (q
1668 2075 1750 2095 moire
1774 2065 1903 2103 Dorum,
1926 2065 1978 2104 qui
1999 2074 2055 2103 pro

94 2108 167 2142 πότε
190 2111 293 2140 dicunt
314 2109 404 2143 πόκα.
427 2112 518 2141 Dae.
555 2112 596 2141 Τι’.
614 2108 695 2141 '‘Ou.
744 2110 850 2142 Goth..
1600 2124 1601 2127 ¹

261 2152 584 2195 Quinquennales.
635 2153 880 2192 Quinquennales
907 2163 1043 2182 censores
1073 2153 1319 2192 appellabantur,
1362 2153 1413 2191 qui
1438 2152 1571 2181 ¹lustrum
1602 2150 1771 2180 condebant
1799 2150 1906 2189 quinto
1930 2157 2053 2188 ‘quoque

94 2205 188 2233 anno,
217 2206 232 2224 a
255 2205 315 2235 quo
338 2197 380 2225 ita
402 2196 549 2236 appellari
568 2201 701 2235 coeptos.
726 2195 823 2225 Scal.
862 2197 938 2225 Vide
961 2197 1078 2225 Livium
1094 2195 1149 2233 lv,
1173 2197 1203 2226 8.
1242 2196 1355 2232 Quinto
1380 2205 1498 2234 quoque
1520 2204 1598 2223 anino
1615 2193 1712 2223 creati
1736 2193 1806 2232 quia
1829 2192 1943 2232 singulo
1966 2190 2052 2228 quin-

94 2238 225 2277 quennio
248 2239 380 2278 populus
396 2239 580 2268 censebatur
602 2243 630 2267 et
653 2238 844 2268 lustrabatur.
872 2240 943 2268 Nam
968 2238 1092 2278 proprie
1115 2239 1245 2268 condere
1267 2239 1396 2267 lustrum
1418 2237 1597 2267 dicebantur
1619 2246 1775 2273 censores,
1801 2246 1869 2265 cum
1892 2238 1958 2273 post
1977 2241 2051 2278 '⁰⁰¹3’

93 2282 206 2310 sionem
233 2282 380 2320 populum
409 2282 661 2311 suovetaurilibus
687 2281 866 2311 lustrabant.
908 2282 982 2311 Vide
1006 2281 1142 2317 Liv.1V‚
1166 2285 1196 2314 8.
1233 2282 1272 2310 .In
1294 2283 1429 2321 quinque
1452 2290 1547 2309 annos
1570 2280 1679 2318 creati,
1708 2280 1779 2319 quia
1795 2277 1924 2316 singulis
1944 2276 2048 2303 lustlils

91 2324 223 2364 populus
246 2325 434 2354 censebatur.
478 2324 567 2354 Dae.
1988 2358 1993 2363 ,

262 2365 431 2408 Quinque
449 2377 596 2407 genera.
637 2365 806 2395 Observam
829 2371 903 2406 puto
926 2366 1102 2395 mutandum
1124 2367 1154 2395 in
1177 2365 1379 2396 observabant.
1401 2364 1502 2397 Fulv.
1525 2365 1608 2396 Urs.
1647 2364 1700 2394 Ex
1722 2361 1802 2393 caelo
1824 2368 1940 2389 servam?
1965 2358 2046 2387 (1¹00-

93 2409 201 2438 bantur
223 2415 350 2448 augures
373 2415 440 2440 cum
464 2411 540 2439 aeris
563 2414 673 2439 statum
697 2409 993 2449 contemplabantur,
1030 2420 1068 2438 an
1092 2409 1204 2448 aliquid
1227 2410 1317 2439 fausti
1339 2409 1518 2439 oboriretur.
1562 2407 1615 2438 Ex
1637 2406 1740 2437 avibus
1762 2414 1829 2433 cum
1852 2412 1952 2431 earum
1975 2411 2045 2430 can-

1453 2460 1644 2494 Kkkk*
