2263 2668
226 189 302 222 440
654 178 999 214 COMMENTARII
1024 178 1072 211 IN
1098 178 1241 213 PAULI
1267 179 1464 215 DIACONI
1488 180 1741 214 EXCERPTA

230 282 274 310 Ab
297 280 386 308 huius
409 276 487 315 gauli
511 275 621 302 formae
645 269 838 301 similitudine
860 279 912 297 vas
935 270 1082 308 pastorale
1108 269 1219 302 Gaulus
1242 273 1365 302 dictum.
1411 272 1558 302 Theocrit.
1581 272 1668 312 Idyll.
1681 275 1712 305 5.
1737 273 1826 311 (58.):

797 314 902 341 Στασώ
924 309 953 342 δ’
978 308 1054 343 ὄκτώ
1077 311 1128 352 μὲν
1151 313 1268 354 γουλώς
1289 319 1331 356 τῷ
1356 315 1436 345 Πανὶ
1461 312 1617 354 γάλακτος.

226 365 300 394 Vide
324 360 450 400 Hesych.
489 359 537 386 Sic
568 362 596 386 et
625 356 716 384 multa
745 354 802 383 alia
830 355 948 383 nomina
977 359 1046 383 sunt
1073 356 1197 395 navigiis
1220 358 1386 386 communia
1410 367 1478 386 cum
1501 358 1595 394 vasis,
1631 363 1663 386 ut
1686 354 1814 397 κύμβικι,
1847 353 2014 397 κάνθαροι,
2046 362 2167 401 κελέβῃ,

226 406 348 444 σκάφαι.
397 403 480 430 Dac-

391 441 581 472 Galheum.
628 440 701 469 Vide
726 437 856 468 Calbeos.
886 439 974 468 Dac.
1022 438 1096 468 Hinc
1116 440 1237 480 galbeae
1260 441 1353 471 lineae
1374 442 1451 470 infra
1474 443 1503 470 in
1527 441 1669 471 Ruscum.
1717 440 1820 470 Goth.

391 484 518 514 Gestit.
563 485 587 512 A
603 490 686 523 gestu
699 482 819 521 gestire,
844 482 922 520 quod
944 483 1075 511 Donatus
1094 484 1227 512 Eunuch.
1248 484 1306 521 111,
1329 485 1359 516 5.
1378 485 1608 523 interpretatur:
1631 483 1722 513 Μοιιι
1745 485 1875 523 corporis
1897 493 2067 523 monstrare,
2090 486 2169 527 quod

223 531 337 560 sentias.
377 527 497 556 Constat
519 534 614 555 autem
638 537 656 553 a
677 522 837 564 pecudibus
859 523 900 552 ad
923 523 1052 553 lzomines
1074 537 1131 554 esse
1153 525 1336 556 translatum.
1379 527 1469 556 Item:
1504 525 1613 555 Gestire
1631 527 1748 567 proprie
1770 534 1810 555 est
1832 539 1946 556 sensum
1970 530 2100 568 corporis
2119 541 2169 569 ge-

223 581 268 602 stu
291 570 443 608 indicare‚·
475 568 554 609 quod
577 568 671 607 magis
694 566 842 595 brutorum
865 574 905 595 est
928 566 1110 597 animalium.
1156 569 1295 606 Virgilius
1320 570 1384 607 (Ge.
1402 570 1430 606 I,
1454 571 1554 606 387.):

804 608 838 636 Et
860 607 957 638 studio
981 610 1010 638 in
1034 621 1146 639 cassum
1169 610 1268 640 videas
1287 612 1392 650 gestire
1414 610 1546 640 lavandi.

223 657 278 685 Ubi
302 655 436 683 Servius:
476 651 586 681 Gestire
607 659 661 686 est,
692 651 806 689 inquit,
838 650 980 680 laetitiam
1002 662 1085 681 suam
1108 654 1239 692 corporis
1260 652 1364 682 habitu
1384 654 1462 693 signi
1485 664 1560 683 care.
1603 651 1681 681 Nam
1710 661 1740 681 ut
1763 652 1891 682 homines
1914 653 2005 683 verbis
2026 653 2169 684 laetitiam

222 710 303 728 suam
327 697 513 736 exprimunt,
535 696 578 723 ita
598 705 665 723 aves
687 695 817 733 corporis
837 693 1066 733 gesticulatione.
1112 695 1196 724 Dac.

389 737 545 766 Gnaeus.
592 735 643 767 Cn.
667 736 725 764 hoc
747 746 922 774 praenomen
947 737 1110 774 significare
1135 738 1252 767 dubitat
1275 749 1377 775 nemo,
1406 743 1435 767 et
1456 738 1527 766 licet
1550 747 1640 766 sonus
1665 735 1691 766 G
1713 737 1816 766 literae
1838 738 1992 775 audiatur,
2020 737 2070 768 Cn.
2094 741 2169 769 scri-

222 785 317 817 bitur,
351 786 380 808 ut
404 781 432 807 in
457 780 613 808 Pandectis
636 779 814 807 Florentinis
839 785 962 816 apparet
986 780 1117 808 Gnaeum
1142 786 1170 809 et
1195 782 1300 810 Gaium
1324 783 1364 810 ita
1388 781 1493 817 scribi,
1527 786 1559 809 ut
1583 780 1801 818 pronuntiatur.
1848 780 1988 819 Corporis
2009 786 2105 810 antem
2125 785 2169 811 in-

223 828 302 863 signe
325 833 430 851 naevus
454 822 579 855 dicitur,
612 822 689 850 unde
710 821 817 849 Naevia
843 821 950 849 familia
974 832 1078 851 nomen
1102 823 1235 852 deduxit.
1279 823 1410 852 Additur
1434 829 1529 852 autem
1551 823 1583 851 C.
1605 822 1726 861 antiquo
1750 833 1847 859 more,
1879 829 1911 852 ut
1932 833 1998 851 cum
2013 823 2169 864 frucmen-

223 864 593 906 tum‚firctur‚forctis,
617 872 739 894 enatura
763 864 935 901 dicebatur,
959 875 995 893 ex
1015 865 1129 893 Valerio
1153 876 1167 893 a
1190 866 1266 894 Iulio
1287 866 1395 895 Paride
1417 867 1529 900 relato,
1553 865 1604 903 qui
1628 870 1781 894 enumerat
1804 866 1950 904 triplicem
1975 865 2061 895 huius
2084 878 2168 906 prae-

224 908 349 939 nominis
372 907 524 935 scribendi
547 907 689 936 rationem
716 904 766 936 Cn.
795 905 850 935 Gn.
876 906 914 935 N.
942 907 1028 936 Ant.
1051 907 1143 946 Aug.
1187 909 1268 937 Idem
1293 909 1374 947 quod
1396 908 1529 944 Naevus,
1561 912 1595 936 ut
1618 912 1720 944 natus,
1749 913 1873 945 gnatus,
1903 918 2016 946 navuS,
2047 919 2168 947 gnavus.

223 950 325 982 Scal.
371 948 486 978 Gnaeus
509 954 536 977 et
556 960 684 989 gnaevus
708 949 898 977 tuberculum
921 949 950 977 in
974 950 1047 978 facie
1071 960 1261 988 excrescens,
1285 951 1368 990 quasi
1390 955 1496 992 γναῖος
1517 950 1566 979 vel
1589 954 1726 990 γναῖφος.
1765 952 1789 978 A
1811 951 1950 990 γίνεσθαι
1972 952 2069 988 nasci,
2092 953 2169 982 unde

223 1002 401 1035 praenomen
429 991 551 1021 Gnaeus.
595 992 696 1029 Itaque
727 1001 793 1019 Cum
823 1003 909 1019 naeus
933 996 961 1020 et
983 1003 1088 1021 naevus
1109 994 1267 1030 scribitur,
1299 1006 1321 1033 g
1342 999 1435 1032 perit,
1475 1003 1535 1022 non
1558 997 1677 1029 contra,
1717 997 1749 1020 ut
1772 993 1875 1021 volunt
1897 993 1952 1022 viri
1977 994 2067 1024 docti.
2111 995 2168 1024 Sed

223 1046 378 1077 perperam
401 1035 431 1062 in
454 1044 527 1062 voce
550 1035 687 1074 γίνεσθαι
711 1038 829 1072 etymon
852 1034 975 1062 rimatur
993 1035 1105 1064 Festus.
1152 1037 1300 1065 Graecum
1325 1041 1367 1065 est
1390 1039 1493 1072 κναῖος
1516 1033 1576 1066 ἀπὸ
1599 1038 1655 1065 τοῦ
1676 1036 1786 1071 uvaia»,
1812 1046 1886 1074 quae
1907 1034 2010 1072 πάθος
2032 1042 2061 1066 et
2083 1040 2168 1078 φῦμα

220 1079 382 1118 significat,
419 1076 498 1105 unde
525 1076 659 1106 Gnaevus
682 1077 833 1113 Latinum,
870 1082 902 1105 ut
932 1074 992 1106 ώόν
1023 1087 1122 1108 ovum.
1162 1079 1283 1109 Salmas.
1314 1079 1343 1107 in
1367 1079 1460 1108 Solin.
1491 1078 1580 1108 Duc.
1623 1078 1847 1118 Γίγνεσθαι.
1888 1080 2031 1118 Γίγνεται.
2064 1079 2167 1109 Goth.

224 1121 339 1151 Gnaeus
362 1125 390 1149 et
416 1119 534 1156 Cneius,
573 1120 694 1157 antiquo
727 1129 860 1147 sermone
887 1117 1015 1148 Gnaivos
1039 1121 1316 1158 pronunciabantur
1340 1126 1367 1149 et
1389 1122 1430 1149 ita
1453 1121 1599 1159 scriptum
1621 1121 1770 1158 reperitur
1794 1131 1900 1149 nomen
1923 1121 1953 1149 in
1975 1122 2168 1161 inscriptione

221 1164 374 1199 Cornelia,
407 1171 495 1200 quam
516 1162 585 1190 vide
608 1162 637 1189 in
661 1162 748 1189 Lanzi
772 1161 876 1199 Saggio
900 1161 931 1190 di
956 1162 1064 1200 Lingua
1089 1163 1210 1191 Etrusca
1234 1165 1315 1192 Tom.
1331 1165 1360 1201 I,
1384 1173 1449 1203 pag.
1466 1165 1535 1195 150.
1582 1162 1765 1191 Vocabulum
1790 1168 1833 1192 est
1856 1164 1950 1200 idem,
1984 1169 2074 1203 atque
2091 1176 2169 1204 gna-

220 1219 287 1242 vus,
327 1206 543 1234 Germanorum
571 1215 682 1245 genau,
724 1205 899 1234 Batavorum
929 1214 1031 1243 nauw,
1077 1206 1236 1244 Anglorum
1267 1205 1365 1244 know,
1407 1216 1482 1245 quae
1511 1206 1608 1234 omnia
1638 1205 1813 1234 derivantur
1842 1216 1859 1235 a
1888 1207 2038 1236 Sanscrita
2069 1207 2168 1237 radice

221 1248 348 1284 dschna,
375 1258 476 1277 nosco.

389 1289 559 1319 Ganeum.
606 1291 700 1319 Locus
722 1291 838 1320 Terent.
864 1295 908 1319 est
931 1290 1057 1330 Adelph.
1075 1292 1134 1328 Ill,
1157 1294 1187 1324 3.
1215 1290 1275 1331 (5.)
1300 1292 1351 1321 ubi
1376 1293 1522 1321 Donatus:
1559 1291 1675 1320 Veteres
1699 1303 1826 1331 ganeum
1858 1292 2036 1321 meritoriam
2067 1292 2167 1321 taber-

222 1345 288 1363 nam
320 1332 459 1362 dixerunt
481 1329 540 1363 vind
564 1335 617 1371 τῆς
639 1336 708 1373 γᾶς,
739 1331 822 1364 τοῦτ’
841 1333 900 1363 ἔστι
929 1336 982 1371 τῆς
1010 1334 1079 1374 γῆς,
1117 1333 1197 1374 quod
1224 1336 1290 1374 ipsa
1319 1335 1356 1363 sit
1387 1336 1418 1363 in
1448 1341 1541 1370 terra,
1579 1344 1637 1362 non
1665 1341 1696 1362 ut
1726 1332 1886 1363 caenacula
1913 1335 2051 1373 superius.
2090 1335 2166 1373 Ergo

221 1386 344 1415 ganeum
368 1376 452 1414 quasi
475 1373 596 1413 γάνειον
619 1387 633 1404 a
657 1389 708 1416 γα,
739 1377 800 1405 sive
823 1375 924 1414 potius
945 1375 1038 1415 γάνα,
1068 1381 1100 1405 ut
1125 1382 1237 1405 veteres
1261 1377 1417 1413 dicebant,
1443 1377 1466 1404 si
1488 1376 1559 1405 fides
1582 1375 1739 1414 Hesychio.
1784 1376 1822 1404 At
1846 1375 1939 1404 lulius
1963 1377 2070 1405 Caesar
2092 1379 2166 1406 Sca-

222 1420 295 1457 liger
318 1417 445 1447 Exercit.
462 1418 642 1447 CCCXVIII.
665 1419 793 1447 Seet.11.
816 1418 857 1446 ait
878 1428 1001 1456 ganeum
1024 1419 1084 1447 dici
1107 1430 1121 1447 a
1145 1416 1255 1458 γάνος,
1285 1419 1342 1447 hoc
1365 1424 1408 1448 est
1430 1418 1586 1456 gaudium,
1614 1418 1767 1458 γάνυσθαι
1789 1417 1933 1455 gaudere,
1959 1428 2063 1457 nempe
2087 1420 2167 1458 quod

221 1461 354 1490 homines
376 1461 482 1489 laetam
506 1461 763 1500 voluptariamque
786 1461 876 1489 vitam
900 1461 941 1488 ibi
964 1461 1083 1498 agitent.
1105 1461 1195 1491 Dae.
1231 1460 1415 1491 Abductum.
1451 1461 1613 1497 Abditum,
1643 1461 1693 1488 alii
1716 1458 1883 1489 obductum.
1932 1458 2039 1489 Goth.

389 1501 586 1531 Galearia.
618 1504 707 1541 Lege:
733 1502 874 1532 Galerita.
909 1502 1045 1532 Galerita
1067 1509 1097 1532 et
1121 1501 1269 1532 Galeritus
1288 1505 1349 1532 avis
1373 1503 1453 1532 dicta
1476 1503 1511 1531 ab
1536 1503 1636 1542 apice,
1660 1513 1745 1541 quem
1769 1501 1858 1531 habet
1879 1503 1910 1530 in
1934 1503 2046 1541 capite,
2069 1504 2166 1541 galeae

223 1547 348 1585 speciem
374 1546 529 1574 referente.
573 1545 598 1573 A
621 1547 742 1575 Graecis
772 1546 908 1574 similiter
936 1543 1084 1583 κόρυδος,
1120 1543 1288 1581 κορυδαλός
1311 1550 1339 1574 et
1361 1546 1519 1584 κορυδαλίς
1542 1546 1670 1581 dicitur-3
1707 1555 1774 1573 nam
1799 1542 1892 1584 κόρυς
1913 1544 2003 1582 galea.
2049 1544 2168 1576 Galeria

223 1589 269 1617 hic
294 1598 401 1617 nomen
423 1587 532 1616 habere
554 1598 615 1616 non
638 1594 751 1627 potest:
774 1599 841 1616 nam
855 1586 970 1627 galeria
987 1587 1079 1616 tribus
1094 1598 1109 1615 a
1125 1588 1232 1616 Galeso
1255 1588 1348 1615 fluvio
1372 1598 1477 1616 nomen
1500 1587 1620 1624 habuit,
1644 1588 1706 1615 sive
1723 1587 1758 1615 ab
1775 1587 1833 1615 alio
1853 1586 1959 1625 quovis
1977 1587 2052 1616 loco.
2079 1588 2166 1619 Dac.

388 1628 532 1658 Gnitus.
576 1631 651 1668 Lege
675 1642 693 1659 a
713 1630 852 1669 genubus.
885 1628 981 1658 Scal.
1026 1630 1075 1658 Sic
1104 1630 1181 1657 infra
1207 1630 1238 1658 in
1261 1629 1357 1659 Nixi:
1392 1629 1473 1658 Nioei
1495 1629 1538 1658 dii
1559 1628 1746 1669 appellantur
1769 1630 1826 1657 tria
1848 1630 1932 1668 signa
1954 1630 1985 1657 in
2011 1629 2167 1669 Capitolio,

224 1680 289 1701 ante
311 1671 416 1702 cellam
440 1671 593 1702 Minervae
612 1672 734 1712 genibus
757 1673 841 1702 nixa.
887 1672 963 1709 Ergo
983 1673 1100 1711 grator,
1131 1672 1211 1711 quod
1233 1682 1312 1700 nnnc
1335 1673 1428 1706 nitor,
1456 1672 1539 1710 quasi
1558 1672 1688 1711 genitor,
1708 1670 1829 1710 genibus
1851 1671 2002 1700 incumbo.
2047 1674 2072 1700 A
2092 1674 2168 1712 gni-

224 1724 286 1751 ιον,
315 1715 428 1755 gnisus,
459 1715 559 1754 gnitus
582 1720 611 1743 et
630 1717 752 1755 gnixus.
776 1715 864 1743 Dae.
910 1715 1001 1742 Recte
1024 1714 1142 1753 quidem
1169 1716 1324 1751 Dacerius,
1354 1714 1435 1752 quod
1458 1725 1473 1742 a
1493 1715 1594 1753 gnitor
1616 1714 1635 1743 i.
1659 1724 1682 1742 e.
1706 1714 1783 1743 nitor
1806 1714 1938 1751 derivat,
1966 1715 2062 1743 minue
2086 1715 2167 1753 bene,

226 1757 306 1795 quod
327 1768 342 1785 a
364 1756 484 1796 genibus
508 1767 573 1786 cum
589 1758 694 1794 Festo,
717 1759 784 1786 licet
806 1759 904 1796 ipsum
928 1766 993 1785 voe.
1006 1767 1082 1796 genu
1106 1767 1142 1786 ex
1166 1757 1269 1786 eodem
1292 1757 1374 1785 sonte
1398 1757 1436 1785 sit
1458 1757 1665 1785 derivandum.
1699 1757 1772 1784 Nam
1796 1755 1925 1791 dschna,
1948 1766 2075 1794 gnosco,
2098 1768 2168 1796 pro-

226 1800 318 1837 priam
340 1799 428 1828 habet
452 1799 624 1829 connivendi
646 1811 681 1829 ac
704 1798 815 1829 nitendi
836 1798 1096 1837 significationem,
1124 1810 1179 1838 qua
1203 1800 1239 1828 de
1262 1810 1351 1827 causa
1376 1801 1592 1828 Germanorum
1616 1797 1723 1827 keunen
1747 1803 1775 1826 et
1797 1797 1908 1828 konnen
1931 1800 2054 1837 proprie
2077 1809 2168 1828 unum

228 1846 269 1869 est
290 1842 468 1870 vocabulum
491 1848 520 1871 et
542 1842 664 1871 eandem
686 1843 776 1871 habet
799 1843 966 1879 notionem,
1001 1847 1102 1881 postea
1125 1842 1366 1870 discriminatam.
1408 1843 1453 1870 Ac
1472 1841 1627 1871 reserenda
1651 1851 1713 1869 esse
1737 1841 1839 1869 eodem
1864 1841 2034 1870 Latinorum
2054 1853 2168 1881 gnavus

231 1881 364 1922 (navus),
388 1884 601 1914 Germanorum
623 1896 733 1925 genau,
756 1886 938 1914 Batavorum
962 1896 1063 1921 nauw,
1096 1885 1259 1922 Anglorum
1281 1883 1380 1920 know,
1407 1895 1496 1922 supra
1520 1884 1648 1913 vidimus
1671 1884 1708 1912 ad
1730 1893 1759 1911 v.
1785 1882 1888 1912 Genas.
1934 1884 2028 1921 Igitur
2049 1895 2065 1912 a
2087 1885 2168 1913 Sau-

231 1924 317 1952 serito
333 1924 459 1961 «helina,
483 1938 537 1966 pro
561 1939 619 1966 quo
645 1929 771 1957 sortasse
794 1928 881 1956 etiam
906 1926 1009 1955 dsclzni
1030 1928 1058 1955 in
1083 1938 1138 1955 usu
1161 1928 1266 1963 suerit,
1289 1928 1417 1965 primum
1440 1926 1593 1955 descendit
1613 1925 1762 1961 asebdana,
1786 1936 1879 1963 genu,
1902 1927 1994 1962 Knie,
2017 1927 2066 1964 (cf.
2081 1937 2167 1965 prae-

232 1976 297 1993 sens
319 1968 497 1997 Sanseritum
521 1968 721 2009 dsclzdndmi);
754 1975 817 1999 tum
839 1969 955 2010 ganda,
980 1979 1068 2006 gena3
1106 1974 1167 1998 tum
1188 1970 1303 2009 gnitor,
1335 1969 1415 2007 quod
1438 1969 1561 1998 sortasse
1584 1969 1715 1998 sonuerit
1734 1969 1821 2007 gnie,
1855 1980 1870 1997 a
1895 1979 1953 2007 quo
1978 1969 2167 2009 participium

231 2007 342 2045 Snifflsv
366 2009 420 2035 nisi
442 2011 515 2040 forte
533 2014 631 2051 gnitus
655 2025 707 2051 pro
728 2014 844 2052 gnisus‚
869 2018 902 2040 ut
922 2019 1033 2050 greitus
1052 2023 1107 2051 pro
1127 2024 1258 2051 gressus,
1280 2018 1370 2040 merto
1392 2022 1448 2051 pro
1471 2022 1564 2040 merso
1587 2017 1616 2040 et
1638 2011 1693 2039 alia
1718 2011 1819 2040 multa.

396 2048 513 2081 Gnotu
535 2057 694 2094 cognitu.
741 2057 763 2083 A
787 2053 922 2095 γινώσκω
946 2054 1055 2082 sactum
1076 2065 1196 2093 gnosco.
1232 2054 1341 2082 Varro:

841 2096 970 2132 Adeste,
1001 2096 1113 2133 adeste,
1138 2108 1211 2136 quae
1220 2096 1380 2136 feramque
1400 2096 1531 2135 gnoscite

847 2140 971 2169 Domum
995 2139 1152 2179 utjeratis
1173 2150 1187 2167 e
1210 2138 1319 2167 theatro
1343 2137 1451 2167 literas.

234 2176 258 2204 A
279 2186 389 2213 gnosco
409 2175 526 2213 dempto
548 2189 567 2215 g
590 2190 691 2216 nosce,
711 2189 817 2220 gnotu,
841 2189 919 2210 notu.
950 2182 1082 2210 Glossar.
1107 2180 1194 2211 Gnot.
1223 2182 1297 2219 Lege
1316 2181 1447 2220 gnoscit,
1469 2177 1561 2217 εἶδεν,
1586 2177 1781 2220 ἐπιγινώσκει.
1814 2178 1928 2215 Gaetu,
1951 2181 2078 2220 γνῶσιν,
2101 2177 2167 2210 διά-

236 2229 351 2257 γνωσιν.
388 2218 540 2246 Falimnur
564 2220 668 2256 igitur,
691 2224 740 2260 qui
763 2224 793 2251 in
813 2235 924 2263 gnosco
947 2229 975 2252 et
995 2231 1102 2263 gnotus
1121 2235 1142 2262 g
1164 2223 1288 2252 credunt
1312 2227 1494 2261 assumptum
1516 2223 1547 2250 in
1569 2222 1625 2252 his.
1660 2223 1827 2251 Priscianus
1850 2221 1901 2251 lib.
1913 2222 1947 2252 Il.
1971 2220 2010 2262 (c.
2026 2225 2050 2253 1.
2073 2233 2102 2261 p.
2115 2224 2163 2253 60.

234 2260 317 2289 Tom.
332 2260 352 2289 l.
380 2258 460 2299 Kr.):
496 2259 546 2287 Est
569 2261 686 2299 quando
709 2276 725 2291 n
746 2264 920 2304 principalis
941 2265 1072 2305 syllabae
1093 2273 1160 2294 ante
1182 2278 1210 2294 se
1232 2266 1353 2294 assumit
1372 2277 1406 2304 g,
1440 2272 1470 2293 ut
1493 2272 1591 2302 natus,
1620 2273 1743 2304 gnatus5
1780 2272 1880 2301 notus,
1911 2271 2019 2303 gnotus
2038 2265 2163 2302 antique,

236 2302 310 2330 uncle
332 2303 461 2341 ignotus,¹
490 2312 593 2335 nosco⁷
620 2315 745 2340 gnosso,
768 2309 849 2342 novi,
870 2309 967 2345 gnovi.
1013 2308 1068 2336 Sed
1093 2313 1195 2336 contra
1222 2307 1376 2337 Diomedes
1400 2307 1449 2336 lib.
1462 2307 1482 2335 I.
1507 2307 1585 2347 (pag.
1599 2309 1669 2338 378.
1694 2305 1843 2346 Putsch.):
1877 2304 1999 2335 Gnoscit
2020 2306 2063 2334 ait
2086 2303 2164 2334 Cae-

236 2342 338 2379 cilius,
368 2345 502 2382 quoniam
527 2351 552 2372 et
573 2347 782 2383 praepositione
805 2348 908 2377 addita
931 2349 1080 2389 adgnosco
1104 2351 1178 2388 (lege
1201 2361 1338 2389 agnosco.
1362 2349 1413 2387 L.)
1436 2357 1462 2377 et
1484 2360 1628 2389 cognosco
1649 2348 1783 2379 dicimus.
1810 2349 1901 2377 Dac-
1946 2348 2077 2376 Nativam
2101 2356 2164 2375 88⁵8

237 2391 323 2423 atque
352 2385 509 2414 radicalem
538 2386 664 2414 litteram
685 2398 704 2424 g
726 2388 755 2414 in
776 2400 883 2426 gnosco
906 2397 936 2419 et
956 2399 1078 2429 gnotus,
1115 2393 1277 2420 ostendunt
1300 2392 1464 2430 composita
1486 2393 1617 2431 agnitus,
1654 2393 1802 2431 cognitus,
1839 2390 1983 2419 adiectiva
2002 2399 2112 2428 gnarus
2135 2393 2163 2417 et

235 2439 363 2467 gnavus,
388 2433 414 2455 et
437 2433 552 2465 praeter
576 2429 671 2457 onmia
695 2430 873 2458 San-scritum
897 2431 1007 2461 dschna
1029 2433 1046 2460 i.
1071 2444 1094 2461 e.
1116 2445 1244 2472 gnosco,
1268 2434 1344 2462 unde
1366 2434 1557 2472 participium
1580 2433 1738 2463 dschnatas
1760 2434 1777 2461 i.
1801 2443 1823 2461 e.
1843 2439 1964 2470 gnotus,
1987 2427 2105 2471 γνωτός.
