2263 2668
228 108 304 146 176
902 103 1135 142 EUTYcHu
1160 107 1472 146 GRAMMATICI

228 203 414 246 accumbo,
438 202 505 245 bis,
531 199 733 240 succumbo,
761 197 829 240 bis,
856 209 998 243 quorum
1014 195 1025 217 ¹
1056 201 1255 245 primitivum
1279 204 1347 238 sine
1370 216 1405 238 m
1433 205 1618 240 enuntiatur
1632 202 1654 248 ²,
1678 210 1813 251 tamque
1832 204 1845 225 3
1882 209 2040 255 simplex,
2066 224 2167 256 quam

228 257 450 340 compositubm
468 255 535 322 sine
558 265 594 286 m
615 252 795 297 prolatum,
819 251 949 296 primae
974 252 1214 299 coniugationis
1236 260 1294 300 est,
1317 261 1354 290 ut
1377 256 1475 299 cubo,
1498 256 1582 296 ba33
1608 258 1748 301 incubo,
1776 258 1860 300 bas;
1878 262 2055 306 procubo,
2082 264 2166 305 bas3

228 307 379 350 excubo,
430 318 470 339 as
500 329 508 336 .

391 375 424 407 2.
477 372 515 404 In
533 381 573 403 co
589 369 770 402 desinentia
784 370 904 411 verba,
929 369 1097 414 primitiva
1120 384 1177 406 seu
1199 373 1397 416 derivativa,
1428 385 1626 420 quacunque
1646 377 1754 410 vocali
1775 378 2012 424 antecedente,
2039 381 2168 425 primae

227 432 300 461 sunt
324 422 580 468 coniugationiS,
612 426 648 454 ut
665 422 793 467 placo,
825 433 884 461 as5
916 433 1021 466 vaco,
1055 434 1113 464 as,
1146 436 1247 466 neco,
1274 437 1352 459 seco
1368 422 1390 466 ⁵,
1423 426 1540 471 plico,
1575 428 1684 471 mico,
1712 428 1839 463 dimico
1854 426 1877 471 ⁶,
1905 431 2032 473 emico,
2055 432 2167 479 frico,

229 480 308 512 dico
331 476 515 522 penultima
539 473 651 514 brevi,
680 473 770 506 cuius
792 473 939 506 futurum
963 473 995 505 in
1017 473 1042 506 Ι.
1066 475 1122 507 lib.
1138 472 1150 492 ⁷
1177 477 1336 522 Virgilius
1358 478 1488 521 posuit:

459 523 635 559 Connabio
658 525 806 569 iungam
834 524 952 558 stabili
973 527 1228 572 propriamque
1252 528 1387 562 dicabo.

230 578 330 613 Unde
354 577 498 619 dedico,
526 576 652 617 italico,
679 575 806 610 abdico
829 581 1083 620 componuntur.
1135 578 1271 621 Albico,
1294 591 1372 621 cas,
1394 579 1472 612 item
1490 575 1503 594 Β
1528 579 1683 613 Horatius
1705 582 1886 616 carminum
1909 583 1996 617 libro
2009 584 2053 620 L:

453 628 531 663 Nec
552 631 667 672 prata
693 627 790 660 canis
813 627 967 661 albicant
990 628 1129 672 pruinis
1144 626 1166 662 ⁰.

234 681 383 722 l'ellico,
411 691 468 722 as,
492 680 570 712 item
593 679 791 712 Sermonum
811 680 899 712 libro
917 676 940 696 ¹⁰
964 679 1089 723 primo:

461 730 609 764 l‘ellicat
635 730 811 764 absentem
832 730 1043 765 Demetrias.

233 781 420 821 claudae,
448 782 632 815 claudicas
640 796 653 827 3
675 782 829 825 vindico,
858 793 937 822 cas3
963 781 1120 827 duplico,
1148 793 1227 823 cas3
1251 781 1403 815 eradico.

390 832 564 867 Terentius
588 834 621 866 in
645 833 788 867 Andria:

450 885 513 919 Dii
535 889 569 918 te
591 885 790 925 eradicent,
820 884 871 917 ita
892 894 948 916 me
967 884 1132 917 miseram
1153 884 1296 917 territas
1312 879 1346 917 ¹¹.

227 939 408 981 blendico,
434 935 586 985 szgffoco,
616 937 708 978 loco,
737 947 821 969 voco
835 931 869 975 ¹²,
907 935 999 978 quod
1031 935 1247 979 penultimam
1279 933 1417 967 nominis
1442 933 1579 978 longam
1608 933 1641 966 in
1669 934 1773 968 verbo
1804 936 1973 980 corripuit.
2025 936 2168 971 Notatur

226 993 360 1032 tertiae,
384 1000 482 1030 coco,
511 987 618 1029 cocis,
642 993 675 1022 et
694 999 779 1031 quae
803 987 844 1019 ab
873 997 912 1019 eo
938 991 1198 1031 componuntur,
1220 987 1367 1027 decoco,
1390 996 1558 1030 percoco,
1590 985 1707 1019 incoco
1727 983 1761 1029 ¹³,
1788 987 1841 1020 cui
1865 989 1969 1021 verbo
1998 988 2078 1022 licet
2105 1000 2168 1022 no—

227 1055 304 1077 men
323 1041 486 1074 adhaeret
511 1050 627 1080 cocus,
651 1045 761 1072 tamen
782 1050 847 1071 non
871 1039 912 1071 ab
932 1049 972 1071 eo
999 1040 1155 1080 verbum,
1186 1038 1246 1070 sed
1271 1050 1290 1070 a
1311 1037 1415 1070 verbo
1444 1048 1567 1070 nomen
1594 1036 1717 1070 deduci
1742 1043 1958 1072 monstratum
1987 1039 2021 1072 in
2049 1051 2168 1084 snpra-

228 1095 321 1128 dictis
342 1093 542 1126 sufficienter
565 1091 723 1124 existimo.
776 1090 994 1133 Excipiuntur
1023 1101 1131 1134 pauca
1160 1090 1274 1131 etiam,
1299 1100 1384 1132 quae
1405 1088 1518 1121 tertiae
1536 1084 1560 1104 ¹⁴
1582 1093 1654 1120 sunt
1676 1089 1935 1134 coniugationis,
1959 1090 2168 1125 differentiae

228 1157 350 1180 caussa.
401 1144 428 1177 I
445 1143 582 1187 quidem
605 1143 713 1177 vocali
738 1142 841 1186 longa
864 1141 1098 1182 antecedente,
1129 1141 1227 1184 dico,
1259 1141 1324 1182 cis,
1356 1139 1390 1172 id
1423 1144 1471 1171 est
1497 1150 1623 1179 narro,
1652 1144 1689 1172 ut
1716 1140 1814 1173 distet
1837 1143 1879 1174 ab
1908 1152 1948 1174 eo
1965 1138 1989 1159 ¹⁵
2018 1141 2166 1189 [217⁰]

228 1197 282 1231 cui
301 1196 408 1229 brevis
429 1196 441 1228 i
462 1193 646 1236 antecedit,
674 1198 706 1226 et
729 1204 823 1226 sensu
848 1197 880 1225 et
900 1193 1133 1238 coniugatione
1158 1197 1191 1225 et
1215 1197 1379 1236 tempore.
1430 1190 1532 1223 Unde
1554 1192 1671 1223 merito
1695 1192 1758 1223 suis
1777 1193 1981 1237 respondent
1995 1193 2167 1237 primitivis

226 1250 268 1282 ab
291 1252 431 1291 utroque
458 1246 660 1290 composita,
694 1250 729 1278 ut
757 1245 875 1285 edico,
909 1245 975 1285 cis,
1005 1244 1199 1290 praedico,
1235 1244 1304 1287 cis3
1337 1242 1581 1287 longitudinem
1609 1243 1769 1286 primitivi
1795 1255 1940 1286 servans,
1979 1245 2094 1278 tertiae
2120 1250 2168 1278 est

226 1294 514 1344 coniugationisffi,
541 1298 754 1342 praeteritum
778 1296 965 1342 perfectum
987 1300 1118 1339 tempus
1146 1296 1181 1327 in
1211 1295 1249 1328 .τὶ
1272 1294 1414 1335 faciens,
1450 1298 1486 1326 ut
1506 1294 1696 1338 praedixi,
1729 1295 1881 1338 quando,
1916 1295 2009 1340 quod
2034 1296 2167 1330 Graece

224 1352 382 1398 προλέγω
395 1347 430 1393 ¹⁷,
456 1354 624 1382 monstrat.
676 1348 855 1382 Praedico
870 1352 996 1387 autem,
1019 1347 1232 1392 praedicas,
1259 1346 1338 1378 item
1353 1345 1548 1379 brevitatem
1564 1345 1720 1389 primitivi
1736 1357 1882 1388 servans,
1910 1359 1929 1379 a
1944 1347 2051 1391 prima
2068 1344 2092 1365 ¹⁹
2108 1353 2167 1389 est,

225 1402 441 1448 praeteritum
460 1401 648 1445 perfectum
672 1405 804 1444 tempus
826 1399 859 1431 in
880 1399 938 1432 avi
962 1399 1101 1439 faciens,
1127 1403 1164 1431 ut
1180 1397 1411 1443 praedicavi,
1439 1408 1534 1440 cum,
1571 1396 1663 1440 quod
1697 1397 1829 1432 Graece
1857 1395 2037 1447 κηρύσσω,
2063 1399 2167 1444 signi-

225 1455 320 1498 ficat,
348 1457 382 1487 et
400 1452 515 1486 indico
530 1457 598 1485 tam
618 1451 744 1485 indicis
757 1451 861 1495 longa
880 1450 892 1483 ἱ
914 1450 1146 1490 antecedente,
1173 1454 1209 1482 ut
1229 1446 1253 1466 ¹⁹
1276 1449 1369 1494 apud
1393 1448 1570 1493 Virgilium
1590 1448 1647 1482 lib.
1670 1448 1713 1481 1.:

450 1520 500 1554 Et
526 1521 646 1553 divum
671 1520 810 1565 templis
835 1519 957 1552 indicit
983 1518 1147 1551 honorem
1162 1513 1187 1534 ²⁰

227 1573 319 1619 apud
345 1572 488 1606 eundem
513 1572 600 1605 libro
626 1571 721 1604 V11.:

451 1623 530 1656 Hoc
557 1627 588 1655 et
614 1626 687 1655 tum
712 1621 894 1654 Aeneadis
919 1621 1073 1654 indicere
1103 1618 1197 1653 bella
1222 1619 1370 1652 Latinus

229 1687 269 1709 ex
289 1685 356 1719 quo
371 1670 397 1692 ²²
417 1675 604 1717 perfectum
621 1673 733 1707 indixi
754 1673 809 1714 fit,
835 1676 871 1705 ut
893 1673 1047 1706 Lucanus
1070 1672 1126 1707 lib.
1155 1671 1214 1704 11.:

1196 1529 1205 1537 α

1194 1543 1205 1558 3

1385 1614 1430 1637 ²1.

1418 1643 1428 1656 5

314 1776 343 1812 1)
366 1775 422 1803 Pro
445 1785 474 1804 v.
496 1785 625 1813 quoram
646 1774 678 1802 in
701 1773 772 1802 cod.
798 1774 844 1801 αι’
866 1771 985 1814 (cuins)
1015 1773 1067 1801 sed
1105 1783 1176 1801 eor—

233 1821 347 1846 reetum
367 1817 400 1845 in
421 1827 472 1846 ora
495 1817 565 1845 libri
580 1827 716 1855 qaorum.
758 1816 792 1843 Iu
809 1816 886 1846 Cam.
904 1817 1086 1845 desideratur
1105 1825 1177 1854 pro-

234 1868 351 1887 nomen.
373 1875 413 1882 —
436 1861 467 1897 Ξ)
489 1858 692 1887 Enzmtiatur
714 1857 784 1885 Cod.
802 1860 1002 1886 enuntiatam
1022 1859 1054 1888 P.
1072 1857 1176 1885 Omnis

235 1901 320 1930 locus
335 1901 365 1930 in
382 1901 461 1931 Cam.
486 1901 527 1930 ita
549 1912 579 1931 se
602 1900 709 1929 habet:
727 1900 905 1937 succumbo,
930 1903 965 1937 is,
984 1902 1177 1939 primitivam

235 1945 300 1971 sine
322 1953 352 1970 m
369 1944 544 1981 prolatum3
575 1943 689 1972 omissis
709 1941 840 1980 reliquis.
866 1958 908 1963 ——
942 1944 972 1979 3)
997 1943 1068 1974 cod.
1086 1948 1176 1980 tamq.

239 1983 313 2024 (sic)
333 1985 353 2014 i.
374 1994 397 2014 e.
418 1991 551 2024 tamque,
576 1985 657 2025 quod
679 1984 832 2020 dedimus;
860 1989 923 2012 tam
948 1985 979 2014 P.
1001 2002 1042 2008 --
1063 1986 1095 2024 4)
1113 1986 1179 2013 Ex-

239 2028 331 2064 cubo,
354 2026 408 2054 bas
425 2028 524 2056 addita
548 2039 563 2056 e
583 2028 654 2057 cod.
678 2043 716 2050 —
738 2025 766 2065 5)
786 2027 892 2059 Plico,
914 2037 976 2054 seco
994 2027 1051 2056 hoe
1074 2027 1179 2056 ordine

238 2070 272 2101 Ρ,
294 2070 379 2108 plico
405 2081 482 2098 sero
505 2071 584 2099 Cam.
606 2086 648 2092 —
670 2070 697 2105 6)
721 2070 848 2097 Demico
869 2068 940 2096 Cod.
960 2079 975 2096 a
997 2080 1041 2108 pr.
1064 2080 1102 2098 m.
1126 2070 1179 2099 sed

239 2122 316 2141 corr.
341 2110 460 2140 dimico.
483 2129 523 2134 —
550 2113 580 2150 7)
603 2110 753 2140 Aeneidos
778 2111 845 2141 add.
869 2111 899 2139 P.
926 2111 1003 2140 Cam.
1027 2112 1120 2141 Locus
1137 2117 1179 2141 est

240 2155 321 2192 Virg.
343 2153 415 2182 Aen.
437 2154 464 2191 1,
487 2156 537 2185 73.
572 2170 613 2175 —
648 2152 676 2192 8)
699 2154 807 2182 Albico
830 2155 899 2182 item
924 2163 976 2180 eas
1000 2154 1069 2184 Cod.
1092 2156 1178 2183 male.

238 2212 280 2219 —
303 2195 333 2236 9)
355 2196 457 2226 Horat.
481 2196 537 2224 Od.
560 2195 589 2231 I,
614 2197 650 2232 4,
673 2197 701 2226 4.
737 2197 872 2225 Celerum
903 2196 973 2224 Cod.
996 2195 1068 2222 hacc
1089 2203 1181 2233 pmla

242 2243 297 2267 cet.
313 2255 356 2260 —
386 2237 429 2276 10)
452 2238 521 2266 Lz'b.
548 2238 570 2266 J.
596 2238 625 2267 P.
645 2238 739 2265 Locus
762 2243 804 2266 est
826 2238 927 2267 Horat.
958 2238 1050 2265 Serm.
1079 2237 1107 2272 l,
1133 2242 1180 2275 10,

241 2284 291 2312 79.
317 2280 371 2309 ubi
398 2280 469 2309 editi
497 2280 638 2308 exhibent
668 2280 788 2308 vellicet.
812 2297 854 2302 -—
886 2279 929 2319 11)
950 2279 1064 2308 Terent.
1085 2279 1180 2310 Andr.

239 2322 298 2359 lV,
327 2323 363 2359 4,
395 2325 444 2354 22.
471 2322 505 2352 ln
522 2322 592 2351 Cod.
613 2321 758 2350 insulsum
779 2321 1071 2360 interpretamentum
1091 2331 1180 2361 supra

239 2374 342 2394 vocem
365 2364 507 2394 Andria.-
537 2364 621 2392 virili
647 2370 718 2395 arte.
750 2364 826 2392 Tum
856 2364 926 2393 Cod.
952 2365 1116 2393 miserum.
1140 2381 1180 2387 —

1220 1772 1265 1809 19)
1288 1770 1428 1799 Mendtco
1452 1781 1504 1805 as,
1535 1770 1650 1810 sztff'oco
1680 1781 1732 1807 aS,
1762 1771 1826 1798 loco
1852 1781 1902 1807 as,
1930 1779 1999 1798 voco
2026 1779 2061 1797 as
2085 1769 2166 1798 Cam.

1217 1814 1250 1842 P.
1271 1830 1314 1836 —
1337 1814 1382 1852 13)
1408 1814 1543 1842 ,Notatur
1566 1815 1672 1841 tertiae
1689 1814 1917 1851 coniugationis
1943 1823 2038 1851 coquo
2060 1814 2168 1850 coquis

1217 1872 1260 1878 —
1280 1856 1410 1894 decoquo
1433 1858 1477 1892 iS,
1502 1865 1652 1894 percoque
1676 1856 1721 1892 ia,
1751 1857 1877 1893 incoque
1902 1856 1938 1883 iS.
1983 1855 2062 1885 Cam.
2083 1859 2113 1883 et
2135 1855 2167 1884 P.

1218 1898 1277 1928 uisi
1303 1898 1381 1937 quod
1401 1898 1432 1926 in
1455 1899 1533 1927 Cam.
1556 1908 1744 1936 praecoquo‚
1775 1908 1830 1936 pro
1854 1907 2016 1936 pet-coquo,
2045 1912 2088 1919 —
2115 1897 2167 1933 14)

1221 1941 1292 1970 cod.
1315 1942 1419 1969 tertiae
1440 1951 1515 1979 qaae
1537 1946 1623 1977 sunt,
1651 1940 1702 1968 sed
1725 1939 1814 1977 signis
1838 1939 1982 1979 appositis
1999 1939 2072 1968 ordo
2097 1949 2168 1969 cor-

1220 1988 1327 2013 rectus.
1348 1999 1390 2006 —
1421 1980 1467 2022 15)
1494 1983 1587 2012 Verbo
1609 1982 1725 2011 addunt
1746 1983 1826 2012 Cam.
1853 1987 1882 2011 et
1904 1983 1937 2012 P.
1958 1998 2002 2004 —-
2023 1981 2070 2020 16)
2090 1981 2168 2010 Con-

1222 2027 1390 2065 iagationia=
1417 2025 1552 2054 additum
1581 2036 1597 2054 e
1623 2025 1695 2053 cod.
1728 2041 1770 2046 —
1801 2027 1851 2061 17)
1880 2023 1973 2063 Quod
1992 2025 2098 2063 graeci
2120 2023 2168 2052 di-

1222 2074 1293 2097 cunt
1313 2067 1445 2108 προλέγω
1468 2068 1546 2098 Cam.
1568 2068 1600 2098 P.
1630 2068 1777 2096 Graecum
1800 2067 1924 2096 verbum
1947 2067 1981 2095 in
2006 2066 2078 2097 Cod.
2094 2066 2167 2095 satis

1221 2112 1300 2140 clare
1326 2111 1480 2149 scriptum.
1504 2127 1545 2133 -—
1568 2110 1615 2148 18)
1637 2110 1672 2138 Λ
1684 2111 1791 2148 prima
1809 2115 1870 2145 e3t3
1893 2110 1935 2138 ita
1956 2108 2027 2139 eod.
2044 2110 2168 2148 primae

1222 2160 1264 2182 est
1289 2154 1366 2182 Cam.
1386 2154 1418 2182 P.
1448 2170 1487 2175 —-
1517 2152 1562 2191 19)
1584 2154 1731 2192 Legimus
1762 2152 1876 2181 addunt
1904 2152 1986 2181 Cam.
2009 2155 2040 2180 et
2067 2151 2100 2180 P.
2126 2167 2167 2174 —

1223 2200 1266 2231 20)
1290 2196 1369 2234 Virg.
1392 2195 1464 2224 Aen.
1489 2195 1517 2233 I,
1548 2196 1618 2227 632.
1650 2211 1687 2216 —
1720 2190 1768 2234 21)
1791 2195 1871 2233 Virg.
1902 2195 1974 2224 Aen.
2000 2193 2072 2228 VH,
2093 2196 2166 2227 616.

1223 2239 1277 2267 Vv.
1302 2244 1329 2265 et
1358 2244 1425 2266 tam
1453 2238 1486 2266 in
1515 2237 1586 2266 cod.
1615 2248 1706 2276 supra
1735 2246 1856 2266 versum
1889 2237 2010 2275 scripta.
2039 2251 2081 2259 —
2117 2234 2166 2273 22)

1221 2282 1424 2309 Praeteritum
1442 2280 1555 2309 addunt
1578 2280 1654 2310 Cam.
1676 2281 1709 2310 P.
1730 2293 1773 2302 -·
1799 2279 1848 2318 23)
1870 2279 1983 2309 Lucan.
2003 2277 2103 2307 Phar-s.
2125 2276 2164 2313 ΙΙ,

1222 2323 1252 2354 4.
1277 2340 1313 2344 —
1336 2324 1382 2359 24)
1406 2322 1440 2351 V.
1463 2321 1561 2350 uvida
1585 2333 1601 2351 a
1622 2333 1682 2352 rec.
1705 2332 1744 2351 m.
1769 2322 1930 2361 ascriptum
1953 2322 1985 2349 in
2009 2319 2080 2348 eod.
2103 2318 2164 2346 Lo-

1223 2375 1275 2394 cus
1299 2369 1342 2394 est
1361 2364 1433 2394 Hor.
1460 2364 1516 2395 od.
1537 2365 1567 2403 1,
1589 2364 1629 2404 5,
1653 2367 1701 2398 14.
1731 2374 1812 2403 seqq.
1839 2381 1881 2387 —
1906 2367 1953 2399 25)
1981 2361 2052 2391 Cod.
2073 2371 2091 2390 a
2117 2370 2163 2400 pr.
