2263 2668
207 179 281 214 384
632 172 976 207 COMMENTARII
1000 171 1049 204 IN
1075 170 1219 205 PAULI
1244 170 1441 205 DIAGONI
1466 173 1719 208 EXCERPTA

377 268 560 299 Caviares.
606 265 703 293 Locus
727 270 888 304 corruptus
910 265 941 293 in
964 263 1163 303 sequentibus.
1208 264 1391 302 Legendum:
1423 262 1558 294 Caviares
1580 264 1691 294 hostiae
1713 263 1900 302 dicebantur,
1921 266 2000 307 quod
2023 269 2152 297 caviat

206 326 278 355 pars
302 313 413 341 hostiae
435 307 531 338 cauda
554 315 634 335 tenus
656 306 817 337 dicebatur.
862 307 1052 335 Manifestum
1081 311 1125 335 est
1154 307 1185 334 in
1208 317 1283 344 equo
1308 307 1449 344 Octobri,
1485 308 1521 336 de
1545 318 1603 346 quo
1626 308 1676 336 hic
1699 309 1811 346 agitur,
1848 314 1962 347 partem
1986 311 2151 339 secundum

210 357 334 385 caudam
357 354 465 382 dictam
489 351 604 385 caviar,
641 354 675 379 ut
696 350 726 378 in
749 350 827 378 bove
847 348 1021 388 palaseam:
1056 349 1087 377 in
1109 359 1162 378 sue
1184 350 1277 390 ‹ffam
1298 350 1437 388 penitam.
1481 351 1523 379 De
1545 361 1622 389 equo
1646 351 1789 387 Octobri,
1817 350 1954 389 inquam,
1983 352 2085 381 Festus
2108 353 2152 381 in-

211 399 332 436 telligit,
360 396 444 423 cuius
466 393 541 420 coda
563 396 645 420 tanta
669 392 818 421 celeritate
841 392 870 420 in
895 392 1014 429 Regiam
1038 391 1258 430 perferebatur,
1289 397 1321 419 ut
1345 392 1464 429 sanguis
1486 403 1590 422 recens
1612 393 1682 421 inde
1705 394 1734 421 in
1759 393 1856 421 focum
1881 394 2016 423 stillaret.
2052 396 2153 424 Fiebat

212 447 308 469 autem
331 440 388 466 hoc
413 435 591 464 sacrificium
615 435 719 473 quinto
744 444 863 473 quoque
888 445 984 470 anno,
1020 438 1052 462 ut
1073 444 1133 462 non
1156 435 1249 464 multo
1271 438 1338 472 post
1360 436 1510 472 sequitur,
1542 440 1570 464 et
1591 437 1764 475 Propertius
1784 433 1857 475 (IV,
1884 439 1917 473 1,
1940 437 2026 473 20.):

828 475 937 514 Qualia
961 487 1039 505 nunc
1061 483 1142 506 curto
1169 476 1263 505 lustra
1285 483 1430 505 novantur
1452 488 1532 518 equo.

211 522 309 553 Scal.
340 520 413 549 Vide
440 518 564 549 October
586 531 682 560 equus.
706 519 760 548 Da
771 530 795 548 c.
842 518 952 550 Caviae
974 529 1080 556 cavae3
1104 519 1140 547 al.
1160 520 1271 548 caviar.
1321 516 1426 549 Goth..

373 562 533 603 Confeta
555 573 623 590 sus.
666 562 744 591 Talis
768 562 841 597 suit,
865 571 940 600 quae
964 571 1030 589 cum
1053 562 1172 599 tiiginta
1195 560 1327 599 porculis
1351 560 1386 589 ab
1412 562 1508 590 Aenea
1533 566 1659 592 mactata
1683 567 1735 591 est.
1772 562 1922 601 Ambegna
1949 572 2067 602 quoque
2089 563 2153 592 ovis

211 608 325 636 conseta
351 605 410 634 dici
434 609 539 644 potest.
564 603 664 634 Scal.
710 605 786 633 Vide
810 604 910 642 virgil.
936 604 1008 632 Aen.
1026 603 1102 632 VIII.
1124 603 1226 644 (43.):

784 646 926 675 Littoreis
948 646 1047 684 ingens
1069 647 1184 675 inventa
1205 645 1256 675 suh
1280 644 1397 675 ilicibus
1420 658 1468 676 sus

795 690 927 728 Triginta
950 689 1079 727 capitum
1090 688 1195 730 foetus
1218 689 1308 716 enixa
1330 687 1446 725 iacebit,

787 729 872 760 Alba
895 729 952 760 soli
974 730 1129 768 recubans,
1162 729 1225 759 albi
1247 731 1356 759 circum
1379 730 1467 760 ubera
1489 733 1559 761 nati.

211 778 297 806 Dae.

377 814 650 845 Conclavatae.
697 816 783 844 Haud
807 815 895 844 dubie
918 815 1073 854 legendum
1100 814 1276 851 Conclavia,
1301 820 1330 844 et
1352 820 1434 844 recte
1455 815 1525 844 huic
1549 816 1729 855 expositioni
1752 816 1891 845 convenit
1910 817 2090 845 Graecorum
2111 817 2157 845 in-

212 859 386 900 terpretatio
413 856 571 886 Conclavia
600 859 746 889 συνοίκια.
793 859 873 894 Quin
903 862 932 887 et
960 859 1113 897 sequentia
1139 858 1321 887 confirmant.
1347 857 1447 887 Scal.
1494 859 1686 897 Subintellige
1709 858 1802 889 aedes.
1848 859 1944 888 Aedes
1967 859 2157 888 conclavatae

212 908 296 939 sunt,
321 911 396 940 quae
419 910 476 928 una
499 900 582 929 clave
605 901 786 929 clauduntur
809 905 837 929 et
858 901 936 929 idem
959 901 1096 930 videntur
1120 902 1230 936 facere,
1262 901 1343 938 quod
1366 899 1503 930 conclave
1523 902 1585 930 sive
1609 900 1802 931 conclavium.
1842 902 1926 930 Unde
1949 907 1978 930 et
1999 901 2047 930 hic
2070 902 2158 930 etiam

212 944 368 975 conclavia
390 942 545 980 legendum
570 944 724 972 concludit
748 944 867 972 doctiss.
891 943 1022 981 Scaliger
1045 944 1166 972 frustra.
1204 943 1293 971 Aliud
1319 944 1395 972 enim
1419 942 1573 981 conclave,
1599 944 1679 972 aliud
1702 945 1900 973 conclavatae.
1939 945 2012 973 Nam
2038 944 2158 972 concla-

211 993 296 1017 vatas
320 985 407 1015 aedes
433 985 544 1014 dixisse
567 991 681 1014 veteres
704 991 779 1025 pulo
804 986 968 1024 compluria
992 986 1128 1015 cubicula
1152 986 1268 1025 pervia,
1305 996 1380 1024 quae
1403 990 1487 1024 porta
1512 997 1570 1015 una
1593 987 1655 1015 sive
1678 987 1760 1016 clave
1783 987 2011 1024 clauderentur,
2050 997 2158 1026 quam-

212 1032 256 1059 vis
279 1029 339 1058 hoc
361 1038 419 1057 non
445 1028 515 1056 satis
537 1028 667 1057 dilucide
691 1029 769 1067 apud
791 1029 918 1057 Festum.
961 1027 1051 1057 Dae.

379 1069 568 1102 colossus.
615 1071 726 1100 Plinius
749 1071 799 1100 lib.
814 1070 951 1099 XXXIV.
969 1081 1032 1109 cap.
1045 1074 1090 1102 7.:
1114 1070 1196 1099 Ante
1218 1081 1315 1099 omnes
1337 1071 1367 1098 in
1391 1069 1589 1100 admiratione
1606 1071 1668 1111 fuit
1691 1071 1762 1100 solis
1785 1071 1915 1101 colossus
1931 1070 2053 1108 Rhodi,
2075 1083 2159 1112 quem

211 1115 323 1156 fecerat
349 1110 458 1142 Chares
480 1112 609 1142 Lindius
636 1113 757 1153 Lysippi
779 1112 948 1153 discipulus.
993 1112 1185 1153 Septuaginta
1212 1112 1375 1143 cubitorum
1406 1112 1573 1143 altitudinis
1592 1113 1663 1156 fuit.
1695 1114 1784 1144 Ant.
1808 1115 1905 1155 Aug.
1949 1113 2117 1153 Legendum
2141 1124 2160 1142 α

217 1157 352 1192 Charete,
381 1160 456 1184 teste
479 1156 528 1185 vel
549 1156 614 1195 ipso
638 1156 763 1192 artifice,
786 1156 838 1196 qui
860 1155 1036 1194 subscripsit
1058 1155 1188 1184 colosso:

839 1197 898 1229 Τὸν
920 1198 950 1229 ἐν
968 1195 1057 1236 Ῥόδῳ
1080 1195 1225 1228 κολοσσὸν
1248 1195 1371 1233 ἑπτάκις
1394 1197 1464 1228 δέκα

834 1238 938 1279 Χάρης
961 1240 1054 1271 ἐποίει
1075 1240 1192 1279 πηχέων
1216 1236 1232 1270 ἆ
1255 1241 1392 1275 Λίνδιος.

217 1282 311 1313 Scal.
341 1282 508 1312 Simonides
532 1283 593 1322 (ap.
618 1283 767 1313 Gaissord.
789 1284 869 1313 Poet.
893 1283 997 1314 Graec.
1020 1283 1090 1312 min.
1114 1283 1177 1311 Vol.
1191 1282 1239 1311 III.
1263 1293 1290 1320 p.
1307 1284 1376 1313 181.
1399 1282 1548 1312 LXXXV.
1569 1283 1614 1313 ed.
1638 1283 1747 1323 Lips.):

840 1323 898 1357 Τὸν
921 1326 951 1356 ἐν
971 1322 1060 1368 Ῥόδῳ
1084 1323 1231 1356 κολοσσὸν
1254 1322 1373 1360 ἑπτάκις
1396 1324 1466 1355 δέκα

835 1365 940 1407 Χάρης
963 1365 1057 1399 ἒπόιει
1080 1367 1199 1407 πηχέων
1222 1363 1238 1397 ὅ
1261 1368 1399 1402 Λίνδιος.

215 1412 297 1440 Idem
321 1410 427 1438 Strabo
450 1409 541 1446 (XIV.
565 1421 594 1449 p.
607 1412 677 1442 964.
702 1409 746 1449 B.)
771 1415 798 1440 et
822 1411 958 1442 Eustath,
983 1411 1020 1439 ad
1039 1411 1158 1449 Dionys.
1184 1408 1309 1450 (Perieg.
1330 1410 1401 1442 505.
1428 1419 1456 1447 p.
1470 1407 1546 1449 72).
1585 1410 1693 1438 Verum
1716 1410 1875 1439 Simonidis
1898 1420 2002 1439 versus
2025 1409 2110 1438 aliter
2132 1409 2161 1436 in

216 1453 411 1493 quibusdam3
437 1462 556 1492 nempe:

843 1495 901 1527 Τὸν
924 1497 955 1527 ἐν
974 1493 1064 1537 Ῥόδῳ
1087 1492 1235 1526 κολοσσὸν
1259 1491 1377 1530 ὀκτάκις
1399 1493 1469 1525 δέκα

836 1537 940 1579 Λάχης
965 1538 1058 1569 ἐπόιει
1081 1538 1199 1577 πηχέων
1224 1534 1238 1567 ὅ
1260 1537 1397 1571 Λίνδιος.

219 1581 291 1619 (Csr.
314 1579 449 1620 Iacobs.).
488 1579 552 1608 Nisi
574 1579 615 1607 ibi
640 1577 748 1618 Χάρης
769 1586 797 1609 et
818 1579 953 1617 ἑπτάκις,
976 1587 1009 1609 ut
1031 1591 1135 1619 supra,
1158 1579 1197 1607 sit
1218 1579 1450 1607 rescribendum.
1495 1579 1634 1607 Colossus
1657 1583 1725 1616 post
1747 1578 2024 1616 quinquagesimum
2046 1584 2164 1608 sextum

219 1634 326 1652 annum
350 1628 445 1652 terrae
468 1627 550 1650 motu
573 1622 688 1650 cecidit.
719 1622 791 1651 Vide
808 1623 881 1652 Plin.
901 1629 930 1652 et
946 1623 1048 1661 Polyb.
1071 1623 1092 1651 l.
1106 1623 1138 1652 V.
1157 1620 1283 1661 (c.88.).
1309 1621 1362 1650 Da
1372 1633 1395 1650 c.
1426 1620 1460 1650 A
1478 1619 1577 1649 Calefo
1601 1621 1730 1660 artifice,
1754 1631 1769 1648 a
1790 1619 1886 1650 Coleto
1902 1620 2029 1652 Charete.
2058 1620 2163 1651 Goth.

384 1663 430 1694 Co
441 1663 538 1694 cleta.
585 1665 641 1693 Pro
663 1663 788 1693 caudeta
811 1676 827 1693 a
851 1664 965 1702 cauda,
989 1675 1044 1703 pro
1068 1675 1126 1703 quo
1151 1664 1252 1693 dixere
1276 1663 1366 1700 coda,
1391 1668 1424 1691 ut
1445 1663 1514 1691 alibi
1537 1663 1659 1693 dictum.
1700 1662 1756 1691 flic
1779 1673 1848 1700 ager
1871 1663 2036 1693 Codetanue
2058 1664 2089 1693 in
2111 1664 2165 1693 de-

222 1709 294 1736 cima
317 1713 423 1747 quarta
445 1707 527 1735 urbis
549 1708 669 1745 regione
691 1712 772 1735 trans
796 1708 936 1737 Tiberim.
980 1707 1034 1737 Da
1043 1719 1067 1738 c.

385 1750 522 1778 Censui
552 1748 747 1779 censendo.
792 1751 917 1779 Praedia
941 1751 1042 1779 censui
1066 1749 1210 1778 censendo
1233 1747 1410 1777 dicebantur
1432 1758 1480 1785 ea,
1515 1757 1590 1786 quae
1612 1752 1709 1776 essent
1733 1746 1888 1786 mancupi,
1922 1757 1997 1786 quae
2018 1747 2167 1777 habebant

222 1792 267 1819 ius
290 1793 389 1829 civile,
429 1801 504 1831 quae
527 1792 692 1830 subsignari
715 1792 796 1831 apud
817 1794 977 1827 aerarium,
1016 1793 1095 1832 apud
1118 1801 1271 1821 censorem
1300 1795 1439 1829 possent,
1478 1795 1512 1819 ut
1534 1795 1639 1819 auctor
1662 1795 1705 1819 est
1728 1790 1830 1818 Cicero
1853 1790 1884 1818 in
1908 1800 1941 1818 ea
1963 1801 2018 1830 pro
2041 1791 2167 1820 Caecina

225 1832 320 1870 (locus
343 1845 399 1862 non
421 1834 603 1873 invenitur):
636 1846 724 1875 neque
743 1836 953 1875 possessiones,
984 1834 1016 1863 icl
1036 1843 1075 1864 est
1098 1835 1181 1874 agri,
1211 1834 1262 1873 qui
1284 1844 1342 1861 non
1364 1833 1596 1872 mancipatione,
1625 1831 1676 1861 sed
1698 1845 1750 1862 usu
1772 1831 1958 1870 tenebantur,
1982 1833 2079 1862 censui
2100 1845 2168 1863 cen·

225 1874 311 1903 sendo
333 1875 393 1905 dici
412 1884 561 1915 poterant,
599 1889 688 1917 neque
715 1877 771 1907 hoc
800 1880 916 1907 nomine
939 1879 968 1906 in
991 1888 1106 1906 censum
1130 1876 1234 1905 dicari.
1265 1874 1364 1904 Scal.
1410 1876 1468 1910 Qui
1495 1875 1618 1914 proprie
1647 1875 1711 1904 iure
1742 1875 1841 1910 civili,
1877 1874 1935 1903 hoc
1958 1880 2002 1904 est
2023 1877 2167 1911 Romano,

228 1926 284 1943 non
306 1924 400 1946 autem
423 1919 480 1947 alio
503 1921 558 1948 emi
581 1920 732 1957 vendique
755 1925 888 1959 possunt.
933 1921 1037 1948 Cicero
1061 1930 1116 1958 pro
1141 1919 1246 1947 Flacco
1270 1916 1367 1956 (32.):
1407 1916 1522 1955 Quaero
1551 1919 1646 1946 sintne
1675 1916 1730 1946 illa
1750 1915 1874 1957 praedia
1898 1918 1998 1947 censui
2018 1917 2168 1947 censendo.

229 1957 262 1985 ld
284 1964 338 1993 est,
368 1971 475 1997 quaero
499 1973 535 1990 an
557 1963 608 1991 illa
629 1963 749 2001 praedia
771 1963 835 1991 iure
859 1964 992 1991 Romano
1016 1963 1072 1991 emi
1094 1961 1243 1999 vendique
1266 1959 1392 1999 possint.
1438 1959 1523 1989 Dac.

390 2001 573 2033 Censores.
617 2005 692 2033 Vide
715 2015 805 2043 supra
833 2004 959 2034 Censere.
983 2005 1074 2034 Dac.
1116 2004 1243 2032 Glossis:
1274 2003 1385 2032 Censor
1406 2000 1546 2041 τιμητήςῑ
1577 2002 1707 2030 Censura
1728 2003 1910 2042 διατίμησις,
1939 2000 2083 2042 τιμώτης,
2106 2000 2168 2039 ἄξι’-

230 2053 304 2080 ωμα.
333 2041 418 2072 Dae.
461 2045 504 2074 Cf.
528 2047 663 2076 Creuzer.
687 2048 769 2077 Ami.
790 2049 875 2076 Rom.
898 2058 963 2086 pag.
976 2049 1027 2079 97.
1051 2049 1075 2085 §.
1090 2047 1159 2079 104.
1173 2056 1253 2084 seqq.

394 2082 614 2118 Consiluere.
658 2090 810 2126 Conssseo,
842 2090 985 2125 consssui,
1014 2095 1048 2118 ut
1070 2089 1223 2125 conticeo,
1253 2087 1393 2116 conticui.
1437 2086 1527 2116 Dac.

395 2123 607 2159 Claritudo.
650 2132 770 2161 Sallust.
792 2132 925 2170 Iugurtli.
949 2131 998 2172 (2.
1023 2133 1134 2168 extr.):
1177 2130 1272 2169 Quum
1300 2130 1469 2168 praesertim
1497 2136 1556 2157 tam
1585 2127 1694 2157 multae
1716 2129 1870 2169 variaeque
1891 2129 1949 2157 sint
1971 2135 2047 2157 artes
2068 2129 2169 2165 animi,

231 2167 334 2208 quibus
357 2177 468 2195 summa
491 2167 634 2200 claritudo
654 2182 792 2212 paratur,
827 2175 877 2203 ubi
900 2175 1047 2204 claritudo
1070 2184 1126 2213 pro
1149 2173 1279 2202 claritas.
1325 2171 1382 2199 Sed
1411 2171 1618 2200 claritudinem
1647 2171 1790 2199 clarorem
1815 2171 1903 2200 etiam
1926 2170 2038 2202 dixere.
2075 2171 2169 2201 Plaut.

231 2209 488 2282 {Ileatenilflbg’
513 2211 623 2279 (30701
658 2214 781 2253 Speculo
804 2215 902 2246 claras
925 2217 1030 2256 (aedes
1053 2215 1136 2255 scil.)
1159 2214 1303 2245 clarorem
1326 2225 1427 2244 meum.
1455 2213 1546 2244 Dac.
1591 2213 1665 2242 Vide
1688 2214 1813 2242 Nonium
1837 2213 1920 2253 (pag.
1933 2215 1983 2245 82.
2006 2213 2116 2251 Mero.)
2139 2214 2170 2242 in

271 2253 348 2282 aritu
372 2262 397 2280 ο.
477 2258 510 2279 ot
540 2274 546 2280 .

250 2336 316 2365 ihm
370 2291 522 2364 Θῗιιιίιιε.
568 2293 627 2322 Sed
648 2297 732 2326 etiam
754 2300 961 2330 vocabulorum
979 2301 1112 2343 formas.
1158 2300 1243 2329 Adde
1267 2299 1428 2328 Varronem
1450 2299 1510 2327 VII.
1534 2298 1608 2335 (Lib.
1622 2298 1706 2335 VIII,
1729 2307 1796 2336 pag.
1809 2299 1881 2329 393.
1905 2296 1969 2336 Sp.)
1991 2296 2043 2326 ubi
2064 2297 2102 2326 de
2120 2307 2170 2325 ca..

235 2348 249 2366 ε
318 2357 325 2364 .
467 2357 474 2364 .

249 2422 255 2427 ψ
316 2419 344 2448 ἆ.
367 2375 645 2448 ἸΟιιίιῦοἶιιτεηζι.
692 2381 761 2408 Cum
791 2393 849 2411 vox
878 2385 975 2423 aliqua
1006 2385 1140 2413 licentius
1163 2395 1178 2413 a
1201 2384 1323 2423 propria
1353 2383 1566 2421 significatione
1597 2382 1634 2411 ad
1659 2382 1746 2411 aliam
1769 2382 1946 2411 deflectitur.
1989 2379 2104 2410 Abusio
2126 2380 2171 2409 la-

235 2427 295 2450 tine
338 2430 374 2447 lCl
390 2429 433 2448 ur.
514 2431 563 2450 ac.
