2263 2668
521 182 585 215 DE
611 180 997 216 SIGNIFICATIONE
1025 178 1306 215 VERBORUM.
1358 179 1503 212 LIBER
1528 179 1586 212 111.
1952 177 2027 211 373

249 275 392 306 Cunire.
436 275 462 303 A
483 287 619 312 coenum,
650 286 753 312 cunae,
777 275 889 310 cunire,
912 273 1081 313 inquinare,
1104 272 1371 312 inquinamentum,
1394 271 1630 302 ancunulentum.
1668 271 1743 299 Vide
1764 270 1795 298 in
1818 279 1893 298 voce
1914 270 2028 298 Ancu-

82 319 225 349 nulenuze.
270 320 293 348 A
317 329 343 347 v.
367 329 486 347 coenum
511 318 607 346 dictae
630 323 699 346 suut
723 328 827 353 cunae,
855 321 888 345 ut
909 327 923 344 a
947 325 1041 355 poena
1065 315 1186 353 punire,
1209 326 1241 344 oe
1263 315 1430 354 saepissime
1453 315 1514 343 abit
1535 315 1564 343 in
1587 326 1613 343 u.
1660 312 1765 343 Gunire
1787 317 1885 341 autem
1907 313 2028 351 proprie

83 364 196 391 dictum
219 361 339 390 videtur
361 361 397 389 de
420 361 583 389 insanubus
607 371 698 389 cunas
719 365 772 388 stet
782 369 851 388 core
873 358 1070 387 foedantibus.
1100 356 1188 386 Dac.
1231 358 1306 386 Puto
1337 368 1388 396 ego
1419 368 1555 393 coenum,
1593 356 1747 396 inquinare
1769 360 1798 384 et
1819 353 2028 384 ancunulentus

83 405 201 434 diversa
225 415 287 433 esse
311 404 345 432 ab
369 404 586 443 conquiniscere
608 408 636 432 et
659 414 749 431 cunae
771 407 799 430 et
822 402 919 430 cunire
943 405 971 429 et
994 398 1181 430 incunabula.
1228 401 1302 428 Nam
1328 401 1545 440 conquiniscere
1566 399 1754 428 manifestum
1778 403 1821 426 est
1843 397 2027 426 contractio-

82 457 150 476 nem
174 447 318 485 quandam
343 451 373 474 et
396 445 644 484 compressionem
668 445 801 483 corporis
824 443 1001 481 significare,
1027 442 1121 480 qualis
1145 447 1189 471 est
1212 443 1394 478 cacantium,
1419 453 1478 470 uon
1500 453 1571 471 vero
1595 442 1689 480 ipsam
1712 440 1909 477 cacationem,
1932 449 2028 478 neque

83 494 199 518 stercus
221 489 291 518 inde
314 493 421 517 ortum.
464 488 559 525 Igitur
581 489 695 524 cunire,
725 498 816 516 cunae
839 491 867 515 et
889 484 1067 515 incunabula
1090 485 1190 523 potius
1214 490 1322 514 statum
1346 490 1374 514 et
1396 485 1495 513 locum
1518 488 1670 514 contracte
1692 483 1864 512 cubantium
1887 482 1936 511 vel
1959 492 2028 510 con-

82 537 177 563 tracte
199 532 364 561 sedentium
387 531 518 559 denotat.

251 573 478 603 Coturnium.
521 573 582 611 Ego
606 583 665 600 non
689 576 764 611 puto
788 571 909 600 differre
931 582 946 599 a
965 571 1126 611 gutturnio.
1166 570 1223 598 Sed
1246 571 1350 599 literae
1372 570 1403 598 in
1426 580 1492 598 suas
1514 574 1654 607 cognatas
1676 568 1900 607 degenerarunt.
1925 565 2027 597 Scal.

83 617 108 645 A
129 624 214 656 gutia
237 621 280 645 est
300 616 481 655 guiturnium
505 615 548 643 sic
571 615 703 648 dictum,
739 615 818 653 quod
842 614 977 652 guttatim
1000 613 1145 643 funderet.
1191 613 1276 642 Dae.

250 656 422 697 Culigna.
471 656 554 686 Cato.
587 658 682 686 Locus
706 667 784 685 nunc
808 656 925 696 quidem
949 667 1008 684 non
1032 660 1124 684 extat.
1152 655 1278 684 Videtur
1300 659 1397 683 autem
1422 664 1483 683 esse
1501 665 1515 683 e
1532 655 1610 682 libro
1633 654 1675 682 rei
1696 652 1838 689 rusticae,
1863 652 1912 690 qui
1929 650 2027 689 periit.

85 701 159 729 Vide
179 700 302 729 Gesncri
324 700 449 730 praefat.
471 700 508 728 ad
532 701 635 729 Caton.
659 700 748 739 p.IV.
760 711 841 738 seqq.
866 699 909 728 ed.
935 699 1053 738 Bipont.
1078 699 1150 726 Lion
1174 698 1204 726 in
1228 699 1392 736 Fragment.
1414 697 1513 727 caton.
1538 697 1636 736 posuit
1660 697 1756 724 locum
1781 706 1809 734 p.
1824 697 1874 726 57.
1889 698 1963 722 extr.

251 741 462 772 Coctiones.
508 743 581 771 Vide
603 741 754 772 Arilator.
775 743 862 772 Ant.
885 742 980 781 Aug.
1021 743 1112 770 Recte
1135 740 1253 776 definit,
1277 751 1351 779 quos
1373 740 1510 778 superius
1533 751 1548 767 a
1572 739 1664 767 Gallis
1687 737 1905 777 Bar-guigneurs
1928 735 2028 763 vocari

83 785 261 814 monuimus.
304 786 342 813 Et
364 790 462 821 recte,
499 790 534 814 ut
553 785 615 824 ipse
639 785 695 821 ait,
733 795 748 813 a
772 785 923 814 veteribus
947 795 999 823 per
1023 797 1040 813 u
1063 783 1162 813 cuctio
1183 784 1383 818 scribebatur,
1423 783 1490 820 quia
1514 789 1613 811 cactus
1635 781 1790 816 dicebant,
1825 779 1905 818 quod
1928 782 2029 816 postea

84 833 210 856 cunctus
233 833 260 856 et
284 828 392 864 coiux,
416 827 496 866 quod
519 833 621 867 postea
647 830 779 856 coniunx
802 832 830 855 et
852 827 966 857 similia.
1012 825 1118 856 Cuctus
1141 827 1308 862 coniectus,
1334 830 1365 854 ut
1387 829 1499 853 tractus
1520 835 1574 863 pro
1597 824 1753 859 traiectus,
1780 822 1816 850 de
1839 832 1898 861 quo
1920 821 1950 849 in
1974 830 2029 859 ap·

82 870 210 909 pendice
233 870 270 898 ad
295 870 474 906 Varronem,
510 871 579 908 quia
602 870 740 899 dicebant
763 871 856 899 coicio
880 874 908 898 et
930 870 1062 898 coiectas.
1107 869 1248 898 Laberius
1270 869 1300 897 in
1323 867 1545 896 Necromantia:

704 912 787 941 Duas
810 910 945 942 uxores?
982 911 1076 940 hercle
1099 911 1155 941 hoc
1174 910 1241 951 plus
1263 911 1372 950 negotii

706 954 773 992 Est,
806 955 921 994 inquis-3
957 955 1039 983 cocio
1062 965 1116 983 sex
1139 953 1248 983 aediles
1271 952 1390 982 viderat.

84 995 141 1025 Ubi
163 998 260 1033 cocio,
287 1007 347 1025 non
370 998 467 1026 coctio
490 998 647 1036 scribitur,
673 1002 706 1026 ut
729 1008 814 1036 saepe
838 998 929 1031 alias,
953 1001 986 1025 ut
1007 996 1036 1024 in
1052 997 1218 1025 Glossario:
1243 995 1331 1026 Cocio
1355 992 1526 1034 μετάβολος.
1549 992 1696 1021 Isidorus:
1720 991 1809 1022 Cocio
1831 989 1965 1019 arilator.
1996 989 2029 1017 11¹

82 1039 233 1068 veteribus
257 1040 377 1077 glossis:
402 1039 616 1077 Cocionaiura,
642 1038 887 1080 μετάπρασις.
925 1039 959 1067 In
982 1039 1140 1077 glossario:
1168 1038 1334 1074 Cociatria,
1358 1034 1620 1077 μεταβλητική.
1652 1035 1768 1064 Mallem
1788 1032 1974 1069 Cociatrina,
1997 1037 2030 1059 ut

82 1079 248 1112 medin-ina.
295 1083 393 1118 Quare
417 1088 513 1111 autem
534 1083 647 1112 Gellius
667 1083 765 1121 (XVI,
788 1084 832 1119 7.)
857 1081 1055 1121 reprehendat
1077 1081 1247 1118 Laberium,
1283 1081 1333 1120 qui
1357 1080 1531 1119 pervulgate
1554 1078 1661 1107 dixerit
1687 1077 1857 1112 Cocionem,
1891 1084 1956 1103 cum
1982 1084 2030 1102 ve-

82 1129 160 1152 teres
184 1124 318 1153 dicerent
338 1126 536 1162 amatorem,
568 1137 627 1154 non
650 1125 748 1154 video.
793 1125 915 1153 Plautus
940 1124 1015 1153 enim
1041 1125 1175 1153 Asinaria
1199 1125 1239 1163 (Ι,
1263 1126 1297 1160 3,
1321 1122 1386 1161 51.)
1410 1132 1478 1150 usus
1502 1126 1554 1151 cst.
1600 1122 1702 1158 ltaque
1725 1130 1783 1148 uon
1807 1123 1850 1147 est
1872 1117 2030 1156 pervulga—

82 1171 165 1203 tum,
194 1177 308 1205 neque,
331 1173 365 1196 ut
387 1169 450 1207 ipse
472 1169 583 1197 Gellius
605 1168 756 1207 loquitur,
789 1168 993 1205 proculcatum
1016 1167 1202 1196 vocabulum.
1227 1164 1327 1196 Scal.
1372 1166 1481 1194 Versus
1504 1164 1601 1192 Plauti
1625 1168 1682 1191 est:

542 1210 632 1239 Vetus
655 1218 711 1247 est,
740 1209 826 1239 nihili
848 1212 931 1239 cocio
954 1217 1011 1247 est,
1043 1211 1100 1239 scis
1120 1211 1217 1247 cuius3
1246 1220 1303 1238 non
1327 1207 1394 1237 ilico
1418 1205 1552 1246 amplius.

84 1252 180 1286 Quem
202 1251 299 1280 locum
325 1252 452 1290 pessime
481 1254 595 1291 accepit
624 1252 814 1281 doctissimus
838 1252 1015 1288 Salmasius,
1056 1252 1107 1290 qui
1128 1253 1274 1290 integrum
1298 1250 1490 1290 proverbium
1513 1249 1604 1278 fuisse
1627 1252 1728 1287 putat,
1769 1243 1853 1274 nilzili
1876 1244 1957 1274 cocio
1981 1251 2029 1280 est,

81 1294 133 1332 qui
156 1292 254 1324 credit.
298 1294 379 1323 Nihil
402 1294 467 1323 dico
492 1295 529 1324 de
558 1296 745 1331 coniectura,
784 1305 859 1333 quae
889 1295 971 1323 nullo
1002 1295 1194 1324 fundamento
1224 1294 1338 1323 nititur.
1383 1294 1502 1321 Certum
1533 1296 1577 1320 est
1600 1291 1691 1327 enim,
1729 1288 1803 1317 illud
1826 1298 1841 1315 a
1865 1287 2031 1315 Cleaeretae

81 1340 180 1364 mente
203 1345 265 1365 esse
289 1347 376 1375 quam
399 1338 525 1366 maxime
549 1338 693 1374 alienum,
725 1338 810 1366 cuius
833 1337 925 1366 verba
948 1338 991 1366 sic
1014 1338 1191 1376 explicanda
1215 1348 1275 1366 esse
1300 1346 1421 1365 censeo:
1455 1332 1724 1373 Quemadmodum,
1755 1330 1851 1369 inquit
1873 1330 1940 1364 illa,
1967 1338 2029 1365 nos,

81 1389 269 1418 quaecunque
289 1378 423 1408 volumus
445 1381 501 1416 uti,
536 1379 650 1409 Graeca
672 1391 835 1409 mercamur
846 1379 931 1420 fide,
961 1381 1018 1417 ita,
1048 1388 1093 1417 ut,
1124 1392 1188 1410 cum
1210 1392 1258 1408 aes
1282 1378 1403 1415 damus,
1433 1385 1491 1406 tum
1515 1388 1634 1406 mercem
1658 1375 1745 1404 etiam
1768 1372 1851 1402 nobis
1874 1371 1955 1409 ἄρηι,-
1979 1381 2025 1399 ea-

83 1418 147 1448 dem
172 1431 224 1449 nos
247 1419 406 1460 disciplina
429 1423 554 1453 utimur:
579 1421 715 1452 oculatae
736 1434 845 1461 semper
866 1430 982 1451 nostrae
1002 1430 1069 1451 sunt
1092 1433 1214 1452 manus:
1238 1421 1271 1451 id
1294 1421 1430 1457 credunt,
1455 1418 1534 1461 quod
1555 1417 1670 1454 vident,
1694 1424 1724 1446 ui
1746 1424 1824 1445 vetus
1847 1413 1956 1443 dictum
1980 1420 2029 1450 est,

81 1463 138 1491 scis
161 1463 259 1500 cuius,
297 1462 384 1493 nihili
413 1466 495 1494 cocio
525 1473 574 1496 est.
618 1465 651 1494 ld
677 1470 737 1503 est,
772 1475 827 1503 pro
851 1465 945 1493 nihilo
969 1466 1078 1494 ducere
1102 1466 1244 1494 debemus
1268 1476 1316 1494 eos
1338 1464 1491 1499 homines,
1530 1463 1599 1500 qui,
1637 1471 1702 1489 cum
1726 1469 1780 1487 nos
1803 1456 1951 1486 usurarias
1975 1455 2029 1484 sibi

82 1510 268 1541 mercantur,
306 1507 456 1535 tantillum
480 1508 553 1546 quid
577 1507 693 1545 dantes3
738 1507 882 1536 mercedis
908 1508 1057 1546 reliquum
1079 1507 1110 1536 in
1133 1508 1212 1537 diem
1234 1507 1365 1547 proferri
1386 1506 1558 1546 postulant,
1598 1509 1631 1532 ut
1653 1502 1790 1532 cociones
1812 1501 1842 1528 in
1863 1500 1944 1533 foro,
1980 1498 2030 1537 qui

82 1548 291 1585 empturieutes
315 1549 387 1577 daut
410 1549 546 1586 arrham,
577 1561 664 1579 caeca
687 1550 734 1579 die
758 1555 854 1579 cetera
880 1550 1017 1579 soluturi.
1060 1550 1163 1588 Neque
1186 1551 1291 1579 melius
1314 1550 1392 1578 idem
1415 1549 1487 1577 hoc:
1515 1548 1574 1576 scis
1596 1547 1694 1582 cuius,
1726 1542 1889 1578 intellexit,
1913 1540 1963 1580 qui
1985 1541 2031 1569 in-

82 1594 266 1627 terpretatur
288 1591 345 1619 scis
367 1591 481 1631 qualis,
521 1597 552 1621 ut
581 1594 677 1622 cuium
704 1604 800 1632 pecus.
844 1592 934 1627 Quod
961 1592 1054 1620 miror
1083 1597 1166 1621 tanto
1195 1593 1261 1622 viro
1288 1592 1444 1622 excidisse.
1487 1591 1560 1619 Nam
1584 1589 1665 1618 cuius
1687 1587 1735 1616 vel
1758 1587 1854 1616 cuium
1878 1593 2028 1622 nunquam

82 1632 254 1668 qualitatem
279 1632 428 1670 designat,
458 1644 574 1673 semper
596 1636 739 1672 πτητικῶς
762 1635 925 1673 profertur.
970 1635 1055 1663 Unde
1079 1635 1159 1673 apud
1181 1635 1282 1673 virgil.
1305 1635 1379 1674 (Ecl.
1395 1634 1453 1670 111,
1479 1632 1522 1672 1.)
1546 1636 1612 1671 post
1635 1631 1732 1660 cuium
1749 1640 1837 1669 pecus
1860 1626 1944 1655 addit
1965 1625 2030 1654 Me-

82 1673 198 1710 nalcas,
221 1685 258 1702 an
283 1673 449 1705 Meliboei?
476 1681 505 1705 et
527 1677 687 1715 respondet
711 1677 880 1705 Damoetas:
909 1676 993 1713 Non,
1022 1688 1117 1706 verum
1140 1677 1282 1716 Aegonis.
1328 1676 1492 1706 Redeamus
1516 1675 1554 1704 ad
1579 1673 1741 1702 cocionem.
1786 1668 2029 1708 Elegantissimus

82 1715 216 1744 Muretus
238 1715 327 1744 verba
352 1717 446 1746 Plauti
470 1719 557 1747 aliter
578 1720 709 1758 accepit,
740 1719 851 1758 quippe
873 1729 928 1758 pro
951 1720 1072 1756 caucia,
1101 1721 1183 1749 cocio
1207 1720 1320 1748 dietum
1345 1719 1451 1755 tradit,
1477 1723 1509 1746 ut
1532 1715 1619 1752 aula,
1643 1714 1722 1747 olla:
1751 1713 1841 1752 idque
1864 1712 1962 1740 lenam
1985 1709 2030 1739 di-

83 1768 166 1787 cere:
199 1757 290 1786 Vetus
311 1766 353 1787 est
375 1758 500 1798 dictum,
530 1760 606 1790 nihil
626 1769 665 1790 esi
688 1763 787 1791 cautio
809 1762 871 1790 sive
889 1761 1074 1803 syngrapha3
1105 1773 1174 1790 nam
1198 1763 1248 1802 qui
1269 1763 1432 1791 cautionem
1455 1760 1559 1795 habet,
1592 1769 1674 1797 saepe
1696 1756 1812 1796 litigare
1835 1756 1968 1794 cogitur3
1998 1759 2029 1781 αὶ

83 1801 131 1829 cui
151 1798 249 1847 soluta
267 1802 392 1839 pecunia
415 1810 469 1840 est,
505 1804 531 1831 ei
553 1815 596 1832 res
618 1805 711 1833 omnis
733 1805 763 1832 in
786 1811 856 1833 tuto.
901 1805 957 1832 Sed
980 1810 1013 1833 ut
1036 1804 1112 1832 illud
1134 1805 1285 1842 ingeniose
1313 1805 1413 1843 potius
1437 1802 1637 1841 excogitatum
1661 1804 1721 1837 est,
1756 1808 1845 1838 quam
1866 1807 1952 1834 vere3
1988 1795 2028 1824 ita

82 1852 137 1871 nos
159 1843 238 1871 Fesn
261 1843 360 1880 potius
383 1849 411 1873 et
434 1850 564 1874 veterum
587 1846 759 1874 criticorum
780 1846 954 1875 sententiam
978 1852 1106 1876 tuemur.
1149 1847 1237 1876 Dae.

129 1924 135 1934 «
193 1924 204 1929 ἡ
248 1882 389 1924 Cymba.
433 1887 548 1926 Navigii
571 1898 672 1926 genua.
697 1889 968 1926 Virgil.(Aen.V1‚
991 1889 1093 1926 413.):
1120 1887 1235 1918 Gemuit
1257 1887 1310 1917 sub
1329 1887 1457 1928 pondere
1480 1886 1590 1928 cymba.
1624 1885 1650 1914 A
1668 1886 1781 1914 Graeco
1805 1880 1920 1922 κύμβη,
1944 1878 2025 1920 quod

81 1938 155 1962 νεως
177 1927 257 1962 εἶδος
279 1928 402 1966 exponit
425 1929 552 1969 Hesych.
584 1931 670 1960 Dae.
715 1932 824 1960 Totum
848 1932 1029 1960 Sanscritum
1053 1936 1105 1959 est.
1152 1930 1307 1968 Kumbhffl
1337 1941 1389 1960 vas
1413 1931 1578 1969 aquarium.
1621 1929 1663 1958 Cf.
1687 1928 1817 1956 Glossar.
1841 1926 1957 1953 Sanscr.
1980 1921 2025 1950 ed·

81 1969 173 2008 Bopp.
197 1979 219 1998 s.
243 1979 270 1997 v.
295 1970 509 2002 Germanorum
532 1971 631 2015 Kufe,
655 1972 747 2013 Kupe.
781 1974 814 2002 V.
838 1974 914 2002 infra
944 1973 1103 2014 Cymbium.

142 2053 147 2058 ι
248 2009 359 2043 Cutis.
404 2015 469 2043 Non
492 2016 596 2051 video,
634 2016 784 2054 quomodo
807 2027 823 2044 a
848 2015 949 2052 κύτος,
988 2016 1067 2054 quod
1097 2015 1329 2054 profunditatem
1353 2019 1435 2043 notat
1459 2015 1533 2044 cutis
1556 2012 1646 2053 possit
1669 2010 1788 2040 deduci.
1829 2008 1867 2038 Et
1889 2017 1959 2036 vera
1982 2011 2024 2035 est

81 2058 251 2082 Comecmffl
275 2053 387 2092 VOSSli›
411 2057 461 2095 qui
483 2058 640 2095 legendum
663 2058 776 2086 ¹110¹¹uil
800 2056 922 2095 σκότος,
947 2058 1027 2096 quod
1051 2057 1177 2096 llesych.
1202 2058 1414 2097 interpretatur
1434 2059 1496 2087 πᾶν
1518 2056 1619 2095 δέρμα.
1657 2055 1680 2083 Α
1704 2050 1807 2086 σκύτος
1832 2051 1926 2085 cutis,
1951 2054 1984 2078 ut
2008 2059 2022 2077 ³

80 2095 171 2136 στέγω
190 2101 265 2134 tego.
296 2096 320 2124 Α
346 2095 480 2135 animos·
502 2101 587 2128 etiam
609 2108 722 2129 scutum
745 2106 774 2129 et
795 2102 916 2130 scutica.
938 2100 1026 2130 Dae.
1068 2100 1150 2129 Unde
1173 2101 1289 2129 cuiitus.
1327 2100 1400 2129 Vide
1422 2100 1500 2128 infra
1519 2097 1712 2128 Intercutitus.
1738 2093 1842 2124 Goth.
1878 2090 1958 2122 Cutis
1980 2095 2023 2119 est

80 2138 295 2168 Germanorum
318 2138 419 2177 Haut,
446 2141 465 2170 h
488 2147 597 2171 mutata
622 2143 653 2171 in
676 2154 707 2180 c,
737 2149 768 2172 ut
790 2154 885 2181 saepe.

93 2222 98 2228 ¹
246 2180 411 2212 Cutiliae
433 2182 547 2215 lacus.
593 2185 692 2213 Malim
723 2184 864 2221 Cutiliae,
901 2190 933 2213 ut
955 2184 1035 2223 apud
1059 2185 1222 2213 Varronem
1244 2185 1296 2215 lib.
1310 2184 1357 2214 IV.
1380 2185 1416 2214 de
1439 2185 1469 2213 L.
1492 2185 1521 2213 L.
1546 2183 1599 2224 (V,
1622 2193 1650 2222 p.
1662 2183 1712 2213 77.
1738 2179 1783 2210 ed.
1807 2177 1872 2218 Sp.)
1896 2182 1924 2207 et
1947 2177 2020 2206 Plin-

79 2222 192 2251 hb.11[.
217 2227 331 2262 cap.12
366 2225 453 2255 Ant.
476 2227 569 2266 Aug.
615 2228 638 2256 A
662 2228 799 2263 Graccis,
831 2227 938 2265 quibus
961 2227 1076 2256 scilicet
1098 2238 1270 2266 responsum
1293 2227 1459 2257 redditum:

652 2271 785 2308 Σῑείχετε
808 2267 964 2308 μαιόμενοι
989 2272 1120 2300 Σικελῶν
1146 2268 1334 2311 Σμῖούρνιαν
1357 2269 1437 2307 αἶαν,

153 2348 160 2359 Ι
651 2310 716 2342 Ἠὸ’
739 2309 970 2352 Ἀβυριγενέων,
996 2311 1114 2351 Κοτύλη
1138 2312 1174 2343 οὑ
1198 2316 1289 2349 νᾶσος
1313 2310 1430 2352 ὀχεῖται.

81 2352 218 2389 Κοτυλην
240 2360 310 2388 ergo
335 2350 440 2380 Graeci
463 2358 617 2383 vorarunt.
662 2355 695 2383 Iu
717 2355 863 2383 Strabone
886 2354 1054 2383 monuimus
1082 2356 1276 2391 κωτισκολίας
1297 2365 1454 2394 perperam
1476 2352 1542 2391 legi.
1582 2349 1750 2390 Legendum
1773 2349 1847 2377 euim
1871 2344 2014 2377 κοτυλίας.

82 2390 179 2422 Scal.
217 2392 315 2421 ltaliae
338 2394 496 2424 umbilicus
519 2396 549 2425 in
572 2407 642 2433 agro
666 2397 790 2426 Reatino
814 2397 890 2426 iutra
914 2398 1002 2426 neate
1025 2402 1054 2426 et
1075 2397 1268 2427 Amiternum.
1312 2397 1397 2428 Dae.

246 2435 483 2475 Cneplzosum.
529 2439 559 2467 L.
583 2449 619 2467 m.
645 2437 852 2479 Cneplzonsum.
898 2439 998 2468 Velius
1025 2440 1150 2479 Longius
1176 2441 1213 2470 de
1237 2438 1446 2480 orthographia
1472 2438 1550 2478 (pag.
1563 2439 1656 2470 2237.
1682 2431 1828 2470 Putsch.):
1864 2424 2014 2467 Sequenda
