2263 2668
245 195 319 229 702
672 180 1021 215 COMMENTARH
1047 181 1094 214 [N
1122 180 1265 214 PAULI
1291 179 1489 215 DIACONI
1513 180 1771 216 EXCERPTA

243 297 290 316 reg
342 289 371 314 et
393 282 466 312 nibil
488 276 569 306 aliud
592 279 673 310 erat,
711 283 801 312 quam
824 273 870 301 ius
893 273 1056 302 nunciandi
1080 274 1282 311 magistratui,
1311 274 1348 303 de
1371 283 1421 310 eo,
1452 272 1532 312 quod
1556 273 1703 304 viderant.
1750 276 1789 304 De
1811 275 1866 304 hac
1889 275 1992 304 Cicero
2015 276 2195 316 Philipp,11,

245 308 314 358 δραι,
329 329 378 358 32,
406 321 538 352 Invenies
561 323 659 346 tamen
682 315 938 345 obnunciationem
961 317 1086 355 positam
1109 326 1165 354 pro
1188 318 1388 353 mactatione,
1413 321 1446 344 ut
1468 316 1500 344 in
1521 316 1551 354 I,
1575 318 1650 355 (29.)
1675 318 1710 347 de
1735 318 1831 347 Divin.
1868 319 1907 347 De
1930 319 2082 357 spectione
2103 320 2196 349 Varro

244 372 295 401 lib,
310 370 341 398 V.
365 367 400 394 de
424 365 453 391 L.
474 363 504 390 L.
529 361 591 401 (Vl.
614 360 764 399 pag-258.
779 368 838 396 seq.
863 358 942 396 Sp.):
966 358 1106 398 Spectare
1128 358 1238 388 dictum
1261 358 1299 387 ab
1322 359 1418 398 specio
1440 359 1582 398 antiquo.-
1602 371 1660 400 quo
1683 361 1769 389 etiam
1792 360 1904 389 Ennius
1927 372 2013 390 usus:
2036 373 2087 390 vos
2101 361 2197 401 Epulo

241 419 395 453 postquam
418 406 527 446 speaeit.
572 402 609 432 Et
631 400 713 442 quod
734 402 765 430 in
788 402 929 440 auspiciis
952 400 1140 430 distributum
1162 409 1218 438 est,
1247 402 1298 441 qui
1320 400 1446 429 habeant
1467 402 1659 440 spectionem,
1690 404 1742 443 qui
1764 414 1822 432 non
1844 402 1986 440 habeant,
2017 411 2043 432 et
2065 403 2145 444 quod
2166 404 2197 434 in

243 452 372 483 aur-ariis
394 459 518 488 augures
540 445 659 480 dicunt,
684 454 766 472 avem
788 455 908 483 specere.
949 443 1023 473 Vide
1046 444 1156 472 Manut.
1179 444 1215 473 de
1237 445 1324 473 rebus
1348 454 1401 482 per
1423 443 1581 481 epistolam
1603 446 1743 483 quaesitis
1766 446 1817 475 lib.
1831 446 1850 476 l.
1877 447 1930 484 Ep.
1945 448 1973 477 9.
2000 446 2091 477 Duc.
2129 445 2197 476 Re-

242 477 317 535 ,ςρῗοὶ
339 501 459 532 quoque
483 490 545 518 avis
569 487 729 526 auguribus
752 486 914 514 dicebatur.
961 486 1034 515 Vide
1057 497 1145 525 supra
1167 485 1292 526 Respice
1314 487 1385 515 avis.
1435 484 1539 515 Goth.

406 533 614 571 Scriptura
625 530 705 558 rius
727 540 825 568 ager.
850 529 908 565 (Ad
932 540 959 568 p.
974 531 1046 561 257.
1060 531 1137 568 seq.)
1161 530 1267 568 Populi
1288 529 1412 558 Romani
1435 530 1492 556 tria
1516 528 1596 559 fuere
1619 530 1791 567 vectigalia:
1824 530 1954 567 decima,
1975 530 2144 569 portorium
2168 535 2198 559 et

241 579 399 617 scriptura.
436 575 575 610 Decima,
599 573 680 611 quod
704 582 740 600 ex
763 571 944 609 agricultura
969 572 1155 610 capiebatur,
1179 572 1248 610 quia
1271 572 1333 610 agri
1356 582 1388 600 ea
1412 576 1526 600 tantum
1548 572 1611 610 lege
1633 573 1801 602 aratoribus
1824 573 1989 610 dabantur,
2012 578 2046 602 ut
2067 573 2197 603 deciman

240 622 355 661 populo
379 621 463 648 Rom.
486 617 658 656 penderent.
698 612 880 651 Portorium,
906 614 985 652 quod
1009 625 1044 642 ex
1066 615 1277 654 importatione
1300 619 1327 643 et
1350 614 1558 652 exportatione
1580 616 1734 646 mercium.
1770 616 1926 655 Scriptura
1949 616 2091 654 denique,
2115 615 2197 654 quod

242 675 281 694 ex
303 673 420 702 pecore.
465 661 537 689 Nam
562 669 629 687 cuin
651 658 743 686 silvae
767 662 863 686 essent
886 657 990 696 populi
1014 658 1154 691 Romani,
1191 658 1242 696 qui
1265 658 1294 686 in
1318 657 1399 685 silvis
1422 657 1550 695 publicis
1573 667 1662 696 pecus
1686 659 1863 697 pascebant,
1899 668 2055 687 numerum
2078 658 2196 698 pecoris

243 707 324 747 apud
347 704 557 734 Publicanum,
585 701 637 740 qui
659 700 749 728 silvas
772 699 837 727 illas
860 702 1042 736 redemerat,
1076 700 1295 739 profitebantur
1318 705 1346 728 et
1369 704 1473 727 contra
1496 700 1675 739 publicanus
1697 702 1729 729 in
1752 701 1869 730 codices
1894 701 2019 730 eundem
2042 711 2197 730 numerum

242 748 404 781 referebat,
441 751 468 773 et
490 745 519 773 in
543 743 658 781 singula
681 742 779 781 capita
803 747 913 771 certain
938 743 1092 780 pecuniam
1115 754 1169 782 pro
1194 744 1331 782 pastione
1354 742 1389 770 ab
1413 747 1529 771 aratore
1560 743 1703 781 exigebat.
1749 744 1785 773 Et
1807 744 1875 773 inde
1896 744 1948 773 ille
1971 754 2040 782 ager
2062 744 2197 783 scriptu-

242 792 339 821 rarius
363 788 527 817 dicebatur.
551 787 639 815 Dae.
685 785 770 813 Adde
793 785 920 813 Nonium
945 786 971 820 l,
998 787 1051 821 12,
1078 789 1146 817 172.
1171 785 1313 825 (pag.37,
1338 785 1450 823 Merc‚),
1501 783 1604 814 Goth„

409 829 567 859 Scribas
595 829 757 868 proprio
788 828 942 856 nomine.
974 827 1041 866 (Ad
1064 839 1091 867 p.
1106 828 1196 867 258.)
1227 828 1346 856 Sci-ibae
1377 827 1554 856 dicebantur
1583 828 1723 856 doctores
1746 829 1871 866 quilibet
1895 833 1922 857 et
1944 828 2002 856 viri
2024 827 2124 864 docti,
2163 833 2198 859 ut

244 877 356 904 Graece
374 876 560 913 γραμματεῖς.
590 872 638 899 sic
661 871 690 898 in
714 871 805 898 sacris
828 870 921 898 literis
943 870 1058 899 scribae
1082 871 1220 900 doctores
1243 872 1324 908 legis.
1355 870 1418 899 Hoc
1440 881 1547 899 nomen
1572 876 1673 909 postea
1698 871 1801 899 datum
1825 871 1928 899 scribis
1952 871 2098 909 publiciS,
2122 881 2197 908 quos

241 919 332 955 vulgo
357 916 480 945 dicimus
504 915 640 944 notaires.
663 913 748 942 Dae.
794 912 870 940 Hine
894 913 992 941 scriba
1015 915 1202 950 magistratus
1225 914 1254 942 in
1278 914 1297 941 l.
1321 913 1372 943 ult.
1397 915 1420 950 §.
1436 916 1483 944 17.
1498 913 1528 943 ff.
1552 913 1588 942 de
1611 913 1800 950 muneribus,
1824 914 1896 942 inde
1918 913 2059 942 scribiius
2081 914 2111 942 iu
2135 914 2154 943 l.
2168 918 2196 947 1.

241 962 272 990 fl‘.
296 961 331 988 de
355 959 542 993 muneribus,
579 957 627 985 vel
656 955 814 984 scribatus.
859 955 934 984 Vide
957 956 1078 984 titulum
1102 957 1172 985 cod.
1196 956 1233 984 de
1256 956 1410 984 tabulariis
1434 956 1554 993 scribis,
1592 956 1784 995 logogruphis
1807 961 1835 984 et
1858 956 2056 985 censualibus.
2092 954 2198 988 Goth.

241 1003 372 1043 Antiqui
394 1000 533 1029 librarios
556 1004 609 1027 etc.
653 998 730 1026 Hinc
752 998 866 1026 librarii
888 997 1082 1035 horreorum,
1114 1000 1316 1034 caducorum,
1347 998 1571 1037 depositorum,
1596 999 1627 1026 in
1650 998 1715 1028 iure
1738 999 1757 1028 l.
1780 999 1834 1028 ult.
1857 999 1886 1027 fl‘.
1910 999 1946 1027 de
1968 998 2033 1027 iure
2056 998 2198 1029 immuni-

241 1046 321 1075 tatis.
365 1043 584 1082 Scripturarios
609 1046 695 1070 vocat
723 1041 836 1068 Nonius
861 1046 888 1069 et
911 1041 1103 1079 'rabum-ios,
1141 1052 1267 1080 quorum
1293 1041 1324 1069 fit
1347 1042 1457 1069 mentio
1481 1041 1511 1069 in
1534 1041 1615 1072 l,18.
1640 1043 1662 1079 §.
1679 1045 1726 1073 10.
1741 1041 1770 1069 ff.
1795 1042 1832 1070 de
1861 1041 2049 1078 muneribus,
2087 1052 2143 1080 qua
2167 1042 2197 1071 in

242 1089 306 1126 lege
330 1091 523 1115 recensentur
548 1083 710 1112 Archeotae
734 1088 760 1111 ct
783 1083 967 1122 logographi.
1014 1085 1065 1112 His
1090 1085 1165 1113 adde
1189 1085 1344 1120 librarios,
1377 1084 1571 1113 calculatores
1595 1088 1624 1112 et
1646 1084 1839 1121 rationarios‚
1871 1084 1907 1113 de
1929 1084 2038 1123 quibus
2057 1084 2088 1112 in
2112 1085 2131 1114 l.
2147 1086 2196 1116 15.

242 1133 265 1168 ᾗ,
280 1133 309 1161 5.
324 1130 353 1158 ff.
377 1129 412 1157 de
436 1127 649 1157 excusationib.
674 1131 817 1154 tutorum.
862 1125 968 1154 Idem.

407 1178 596 1216 Scraptae
619 1176 856 1206 dicebantur.
904 1177 989 1216 Apud
1008 1177 1168 1206 Varronem
1192 1178 1258 1216 (lib.
1274 1178 1334 1206 VlI.
1352 1187 1418 1217 pag.
1431 1178 1504 1209 346.
1523 1177 1587 1216 Sp.)
1609 1177 1720 1215 legitur
1741 1178 1907 1214 scr-unciae,
1931 1179 1995 1215 vel,
2018 1183 2050 1206 ut
2071 1179 2102 1206 in
2124 1188 2198 1206 non-

242 1223 332 1252 nullis
361 1222 492 1250 scraciae
519 1225 546 1249 et
575 1221 734 1256 scr-actiaey
770 1220 849 1258 apud
873 1220 999 1248 Nonium
1025 1228 1167 1259 scraptae.
1214 1222 1356 1260 scraptae
1380 1225 1479 1249 autem
1502 1220 1550 1249 vel
1572 1220 1715 1249 scractiae
1736 1220 1843 1257 Scalig.
1870 1220 1991 1249 deducit
2014 1221 2049 1248 ab
2073 1220 2196 1259 antiquo

242 1276 388 1300 scracere,
416 1264 471 1291 hoc
494 1268 537 1292 est
559 1273 705 1292 excreare.
753 1263 846 1292 Plaut.
869 1263 899 1290 in
923 1263 1109 1291 Nervolaria:

820 1313 977 1352 Scraptae,
1006 1313 1180 1352 scrupedae‚
1206 1312 1410 1350 strictivellae,
1436 1312 1576 1344 tantulae.

241 1367 398 1396 Turnebus
422 1376 492 1394 vero
516 1365 646 1393 scraciae
668 1364 877 1403 amplectitur,
908 1369 941 1393 ut
964 1365 1023 1392 sint
1046 1365 1128 1402 quasi
1150 1365 1312 1400 scr-eucine,
1344 1363 1402 1393 hoc
1427 1369 1485 1399 est,
1516 1374 1575 1392 non
1599 1363 1694 1392 minus
1719 1373 1807 1402 quam
1830 1373 1913 1393 screa
1937 1369 1966 1394 et
1989 1368 2096 1403 sputa,
2126 1374 2199 1392 con-

242 1408 424 1440 temnendae.
449 1407 535 1436 Dac.
569 1405 691 1435 Rectius
712 1414 863 1436 mecastor.
894 1407 942 1434 Sic
966 1407 1208 1445 distinguendum
1230 1406 1353 1435 Titinnii
1374 1406 1538 1435 distichon:

822 1456 944 1486 Rectius
967 1465 1110 1487 mecastor
1134 1456 1284 1487 Piculetae
1303 1465 1456 1496 postumae

820 1499 943 1529 Lectum
967 1499 1053 1529 hodie
1074 1507 1197 1529 stratum
1221 1499 1283 1528 vidi
1305 1507 1438 1539 scraptae
1460 1497 1599 1528 mulieris.

243 1552 353 1581 Idem.
394 1552 477 1581 Adde
500 1552 628 1580 Nonium
658 1549 744 1590 (pag.
761 1552 830 1582 169.
855 1549 965 1590 Mero.)
991 1550 1021 1578 in
1046 1550 1189 1589 Serapias
1212 1556 1241 1578 et
1263 1551 1426 1579 Varronem
1450 1550 1511 1589 (lib.
1527 1549 1589 1578 Vll.
1612 1558 1680 1588 pag.
1693 1549 1765 1580 346.
1790 1548 1863 1588 Sp.).
1893 1548 2001 1579 Goth.
2041 1547 2199 1579 Excreare.

244 1596 329 1624 Adde
352 1594 479 1623 Nouium
503 1594 582 1633 (pag.
598 1595 667 1625 175.
691 1591 793 1629 Mero.)
816 1593 845 1620 in
870 1603 990 1622 screare.
1037 1591 1148 1621 Idem.

408 1634 628 1665 Scrutillus
651 1636 701 1671 (ita
726 1636 802 1663 enim
826 1635 990 1672 Scaliger.).
1036 1635 1156 1664 Veteres
1180 1635 1326 1664 editiones
1345 1633 1522 1672 Scmstllus,
1546 1633 1629 1673 quod
1650 1643 1754 1662 verum
1778 1638 1831 1663 est.
1866 1633 2015 1662 Isidorus:
2041 1632 2200 1664 Servitillus

241 1677 417 1709 ventriculus
431 1678 546 1720 fartus.
570 1676 670 1706 Scal.
704 1678 801 1706 Plauti
824 1678 910 1706 locus
933 1677 1115 1717 desperatus.
1146 1679 1222 1716 Lego
1246 1683 1360 1707 tamen:
1383 1676 1497 1717 siquid
1513 1688 1601 1706 essem
1617 1681 1674 1706 eto.
1707 1674 1868 1706 Scrutillus
1887 1687 1903 1705 a
1921 1675 2078 1706 scrutalus.
2108 1675 2200 1706 Scru-

243 1721 321 1751 tulus
343 1726 444 1750 autem
468 1731 483 1748 a
506 1727 635 1757 scrutus,
659 1720 722 1748 sive
744 1727 883 1749 scrutum.
928 1720 1017 1750 Dae.

407 1762 599 1802 Spinther.
646 1763 740 1791 Plaut.
764 1762 796 1791 in
818 1762 984 1791 Menaech:
1007 1761 1167 1803 Iubeasque
1187 1762 1318 1802 spinther
1340 1773 1444 1792 novum
1468 1761 1710 1791 reconcinnarier.
1733 1760 1820 1791 Ant.
1841 1760 1934 1800 Aug.
1967 1759 2088 1789 Graecis
2111 1757 2200 1800 ἀκρο-

244 1807 350 1846 χέριον.
385 1806 528 1834 Priscian.
551 1804 607 1844 (V,
632 1808 661 1837 3.
686 1815 752 1844 pag.
768 1808 839 1836 177.
862 1805 970 1835 tom.I.
994 1804 1121 1843 Krehl.).
1158 1805 1254 1835 Plauti
1276 1806 1358 1834 locus
1381 1810 1425 1834 est
1448 1815 1484 1833 ex
1506 1803 1660 1834 Menaecli.
1683 1804 1749 1833 Act.
1764 1803 1823 1840 111,
1847 1805 1936 1841 sc.3,
1960 1803 2026 1840 (4.).
2069 1802 2158 1833 Dac-

408 1848 558 1887 Scrupi.
605 1847 734 1888 Scrupus
757 1858 772 1876 a
797 1848 912 1877 Graeco
936 1848 1064 1887 σκίῤῥος.
1109 1849 1218 1887 Serupi
1241 1858 1312 1877 saxa
1336 1858 1457 1887 aspera,
1486 1847 1583 1885 invia,
1606 1846 1768 1885 naufragiis
1791 1846 1920 1875 infamia.
1966 1845 2092 1875 Versum
2113 1845 2200 1876 Ennii

249 1890 331 1919 affert
353 1891 466 1919 Nonius
490 1890 569 1929 (pag.
585 1892 655 1922 169.
680 1890 726 1919 ed.
749 1889 853 1929 Mero.)
875 1891 906 1919 in
930 1889 1071 1929 Scapres:

739 1931 868 1972 Scrupeo
891 1934 1026 1962 investita
1047 1944 1125 1962 sarto
1149 1939 1237 1972 atque
1259 1933 1360 1962 ostreis
1382 1942 1472 1973 quam
1494 1939 1680 1971 exceperant.

249 1973 325 2001 Festi
349 1975 495 2012 scriptura
518 1975 645 2013 propius
668 1985 684 2004 a
707 1985 777 2003 vera
799 1976 922 2004 recedit.
968 1976 1136 2012 Legendum
1159 1975 1252 2004 enim:

739 2018 867 2057 Scrupeo
890 2019 1025 2046 investita
1048 2029 1126 2047 saxo
1149 2025 1237 2057 atque
1259 2018 1375 2053 ostreis,
1406 2015 1509 2057 equale
1530 2027 1642 2056 scapre.

251 2056 393 2092 Queritur
412 2058 596 2087 Andromeda
618 2069 649 2087 se
671 2059 796 2088 desertis
818 2061 894 2089 locis
918 2065 982 2088 ceto
1006 2061 1189 2099 expositam,
1214 2060 1294 2089 saxis
1316 2059 1427 2098 asperis
1448 2064 1538 2097 atque
1561 2061 1664 2088 ostreis
1687 2058 1821 2096 undique
1840 2056 2072 2094 circumdatam,
2096 2055 2201 2095 squale

250 2099 410 2136 scabrequc
434 2104 460 2127 et
482 2101 593 2129 inculta
617 2102 815 2138 vastitudine,
839 2108 873 2132 ut
895 2103 1043 2132 Pacuvius
1067 2104 1096 2131 in
1120 2103 1244 2131 Teucro.
1268 2102 1358 2131 Dac.
1391 2102 1463 2130 Indo
1485 2102 1659 2140 scrupedae.
1694 2101 1768 2130 Vide
1787 2100 1911 2129 Varron.
1930 2099 1965 2128 V.
1988 2097 2068 2139 (Vll.
2084 2109 2113 2137 p.
2124 2098 2199 2131 346.

253 2138 318 2180 SP·)
341 2141 466 2168 Nonium
490 2142 567 2179 (pag.
584 2145 654 2175 169.
679 2144 783 2183 Mel-c.)
806 2145 837 2173 in
861 2144 1012 2184 Serapias.
1048 2145 1153 2175 Goth..
1198 2144 1234 2174 In
1255 2143 1483 2174 Andromacha.
1521 2144 1567 2173 Ita
1592 2144 1676 2184 apud
1697 2144 1826 2172 Nonium
1849 2141 2017 2183 (pag.169.
2041 2139 2146 2181 Merc.)
2169 2141 2202 2170 in

253 2181 390 2222 Scapt-es..
430 2182 487 2209 Alii
510 2184 539 2210 in
562 2195 707 2214 armorum
730 2186 842 2217 iudicio
864 2189 975 2226 legunt.
1019 2186 1129 2216 Idem.

418 2223 628 2254 Scrautum.
671 2227 831 2258 Scorteum.
864 2232 887 2258 A
912 2231 1027 2259 Graeco
1050 2233 1161 2270 γρῦῑον
1184 2237 1327 2265 scrutum,
1351 2237 1479 2259 scrotum
1502 2234 1532 2258 et
1552 2236 1711 2258 scrautum.
1740 2228 1834 2257 Fest.:
1858 2226 2015 2256 Seronatum
2036 2224 2200 2265 pelliceum.

252 2266 296 2294 11³
317 2266 474 2303 ]ege¹¹d⁰¹1¹
499 2266 568 2294 Olim
590 2267 718 2297 iudicavi
741 2272 802 2300 sola
827 2273 996 2301 coniectura
1020 2273 1144 2309 ductus,
1169 2283 1257 2310 quam
1280 2277 1385 2310 postea
1407 2271 1481 2300 mihi
1503 2272 1650 2301 stabilivit
1672 2271 1768 2300 codex
1790 2275 1877 2300 vetus
1903 2270 1934 2299 V.
1952 2269 1995 2297 Cl.
2013 2268 2108 2297 tostae
2125 2268 2199 2297 Mer-

254 2309 331 2345 cel’i,
354 2308 404 2346 qui
427 2309 483 2336 sust
506 2308 575 2336 Olim
602 2309 744 2346 DanieliS,
775 2322 941 2351 seruatum,
970 2316 1107 2354 inquam,
1138 2315 1242 2351 habet,
1275 2325 1332 2343 non
1356 2322 1514 2351 neronum,
1536 2319 1570 2343 ut
1592 2314 1684 2351 vulgo
1706 2313 1830 2351 legitur,
1854 2312 1905 2342 sed
1928 2321 2031 2340 verum
2051 2317 2200 2343 scrutatum

254 2361 316 2379 ⁸⁸⁵0
340 2361 376 2379 CX
403 2350 516 2379 Graeco
539 2348 679 2389 γωρυῐός-
703 2353 742 2380 At
765 2353 922 2384 Scrautum
944 2367 1000 2395 pro
1023 2365 1167 2394 scrotum,
1192 2362 1225 2386 ut
1246 2355 1447 2386 aurichalcum
1472 2367 1528 2395 pro
1551 2355 1732 2387 orichalcum
1756 2360 1811 2384 etc.
1849 2355 1938 2384 Salm-
1960 2354 1990 2382 in
2014 2353 2103 2382 Solin.
2141 2350 2198 2379 Sed

254 2400 395 2422 scorteum
420 2392 507 2431 plane
530 2392 668 2422 schedae.
714 2393 814 2431 Neque
843 2397 946 2426 dubito
970 2409 1033 2427 eam
1057 2410 1119 2428 esse
1142 2410 1240 2429 veram
1264 2400 1429 2428 lectionem.
1474 2401 1629 2428 Scorteuin
1651 2403 1748 2427 autem
1771 2398 1839 2427 ideo
1863 2397 2000 2436 pharetra
2024 2393 2197 2428 vocabatur,

253 2437 324 2474 quia
347 2435 460 2471 omnia,
485 2443 559 2473 quae
581 2444 618 2464 ex
641 2435 722 2464 corio
745 2435 854 2465 fiebant
874 2443 903 2467 et
926 2441 1071 2476 pellibus,
1095 2447 1212 2470 scortea
1235 2442 1314 2469 dicta
1338 2446 1416 2469 sunt.
1451 2441 1559 2470 Verum
1583 2442 1702 2479 quidem
1725 2445 1768 2468 est
1790 2448 1937 2468 seruatum
1960 2437 2074 2466 dictum
2098 2437 2195 2465 suinae.
