2263 2668
241 119 266 154 8
652 116 794 151 PAULI
820 115 941 149 DlAc.
967 115 1224 151 EXOERPTA
1249 118 1314 152 Ex
1339 118 1428 152 LIB.
1455 118 1598 153 POMP.
1626 118 1765 153 FESTI

241 215 371 260 Angor
393 211 429 245 id
447 208 457 228 ¹
479 214 526 243 est
551 210 651 242 animi
676 209 731 243 vel
753 209 903 254 corporis
928 209 1108 253 cruciatus,
1134 211 1272 256 proprie
1295 223 1315 244 a
1337 211 1470 246 Graeco
1494 209 1670 261 a'yxo'1127²‚
1697 213 1734 246 id
1756 217 1804 247 est
1818 210 1831 231 ³
1851 217 2113 262 strangulatione
2130 218 2184 252 di-

344 269 432 302 ctus3
458 261 547 294 unde
569 266 602 293 et
619 261 765 295 faucium
788 258 914 294 dolor4
937 261 1058 307 angina
1072 258 1085 279 ⁵

1108 268 1257 296 vocatur.

1309 263 1446 297 Plautus
1460 261 1487 296 ⁶:

451 328 582 362 Vellem
605 341 662 363 me
685 330 719 363 in
744 330 918 375 anginam
934 326 946 346 ⁷
969 331 1077 374 verti,
1102 342 1168 377 quo
1191 331 1272 365 huic
1292 331 1454 365 aniculae
1463 330 1598 377 fauces
1619 343 1922 379 praeoccuparent
1938 330 1960 367 Β.

240 399 427 446 Antigerio
442 394 454 414 ⁹
478 398 602 441 antiqui
625 409 688 442 pro
712 397 812 431 valde
836 398 999 432 dixerunt.

240 452 404 488 Antehac
419 446 442 467 ¹⁰
465 450 641 483 Terentius
664 461 727 494 pro
753 455 848 482 antea
871 451 992 493 posuit.

238 502 471 538 Anteurbana
493 501 631 545 praedia
651 502 725 534 urbi
747 501 947 545 propinqua.

237 554 428 589 Antarium
450 553 594 592 bellum,
623 553 715 596 quod
738 557 813 585 ante
836 554 954 586 urbem
973 552 1109 598 geritur.

237 607 364 640 Amare
380 602 401 622 ¹¹
423 605 602 637 nominare.

237 659 521 702 Antipagmcnta
539 653 562 672 ¹²
585 655 754 688 valvarum
776 659 987 695 ornamenta,
1014 665 1101 698 quae
1125 652 1206 686 antis
1221 650 1245 671 ¹³
1267 653 1495 698 appinguntur
1508 650 1542 695 ¹⁴,
1570 653 1605 686 id
1628 658 1675 687 est
1692 655 1875 700 affiguntur
1890 651 1923 688 ¹⁵.

236 708 424 755 Antesz'xa,
451 719 536 750 quae
557 718 597 740 ex
625 718 728 751 opere
751 706 893 751 figulino
910 703 933 723 ¹⁶
955 706 1048 739 tectis
1071 705 1253 749 affiguntur
1273 706 1334 738 sub
1357 706 1537 741 stillicidio.

237 756 423 795 Aureax¹⁷
448 760 574 803 auriga.

339 822 406 854 quo
430 822 488 843 ora
509 811 759 844 coercebantur.

630 759 771 791 Aur-eas
795 759 881 791 enim
903 758 1077 791 dicebatur
1099 757 1248 799 frenum,
1275 757 1367 800 quod
1384 757 1428 790 ad
1451 769 1544 790 aures
1569 768 1731 801 equorum
1745 757 1950 802 religabatur
1966 752 2008 796 ¹⁸3
2034 756 2130 790 orias
2146 752 2180 798 ¹⁹,

236 872 385 906 Auritus
404 883 423 903 a
446 871 575 916 magnis
597 871 730 903 auribus
757 869 896 909 dicitur,
922 873 958 902 ut
979 872 1052 901 sunt
1075 867 1242 900 asinorum
1265 871 1298 899 et
1322 866 1476 911 leporum
1491 863 1532 908 ²⁰,
1560 867 1639 900 alias
1662 868 1705 901 ab
1725 866 1882 900 audiendi
1901 867 2071 901 facultate.

234 932 374 967 Aurum
399 931 542 973 dictum,
570 931 649 974 quia
665 926 688 947 ²¹
713 930 895 974 praecipue
919 928 1110 962 custoditur.

1164 928 1296 960 Graece
1318 927 1403 960 enim
1430 925 1533 974 ω’ρεΐν
1554 928 1721 961 custodire
1743 928 1864 962 dicitur
1879 924 1922 970 22,
1948 927 2036 960 unde
2060 932 2092 960 et
2107 925 2180 959 the-

337 994 449 1016 saurus
465 980 499 1015 23.
551 983 779 1026 Hippocrates
803 981 951 1014 medicus
977 979 1020 1012 de
1049 979 1182 1011 nomine
1202 979 1379 1011 inventoris
1403 978 1438 1011 id
1468 979 1594 1013 dictum
1610 976 1635 996 ²⁴
1663 984 1777 1024 putat,
1805 991 1906 1023 quem
1930 979 2111 1013 vocitatum
2136 977 2181 1010 ait

335 1035 465 1068 Aurion
481 1031 517 1067 ²5.
569 1034 717 1074 Quidam
738 1032 780 1064 ad
804 1031 1050 1064 similitudinem
1067 1042 1206 1063 aurorae
1229 1031 1350 1064 coloris
1370 1041 1492 1063 nomen
1511 1031 1646 1064 traxisse
1665 1031 1846 1064 existimant
1860 1028 1901 1069 ²⁶3
1927 1031 2086 1072 nonnulli,
2103 1029 2180 1073 quia

335 1091 462 1120 mentes
484 1086 657 1118 hominum
681 1089 822 1121 avertat;
849 1084 905 1115 alii
926 1095 945 1115 a
970 1083 1101 1116 Sabinis
1125 1081 1318 1114 translatum
1341 1088 1477 1126 putant,
1505 1082 1598 1125 quod
1618 1083 1668 1114 illi
1691 1094 1806 1115 ausum
1819 1079 1844 1099 ²⁷
1867 1082 2032 1116 dicebant.

232 1147 488 1181 Aurichaleum
511 1145 563 1178 vel
583 1145 790 1179 orichalcum
805 1140 830 1160 ²⁸
853 1143 991 1186 quidam
1014 1147 1131 1186 putant
1154 1142 1377 1186 compositum
1392 1138 1416 1158 ²⁹
1437 1153 1477 1175 ex
1492 1139 1518 1159 3⁰
1539 1154 1615 1175 aere
1640 1147 1671 1175 et
1698 1154 1796 1185 auro,
1824 1143 1891 1175 sive
1911 1142 2003 1185 quod
2029 1141 2180 1175 colorem

333 1198 458 1231 habeat
474 1208 609 1229 aureum
626 1194 660 1230 ³¹.
691 1196 910 1230 Orichalcum
923 1191 948 1211 ³²
967 1205 1043 1227 sane
1058 1191 1083 1212 ³³
1107 1194 1245 1236 dicitur,
1272 1194 1349 1238 quia

336 1250 424 1283 enim
440 1246 465 1266 ³⁵
491 1249 623 1282 Graece
644 1247 726 1294 ὅρος
740 1244 764 1264 ³⁶
785 1246 985 1292 appellatur.

232 1309 329 1344 Acus
349 1309 485 1350 dicitur,
509 1320 576 1351 qua
600 1307 788 1340 sarcinatrix
808 1307 862 1339 vel
889 1306 986 1340 etiam
1011 1305 1154 1337 ornatrix
1176 1305 1285 1338 utitur.

1368 1190 1424 1211 34·

1416 1205 1450 1226 111
1477 1194 1657 1227 montuosis
1678 1194 1760 1228 locis
1780 1194 1952 1227 invenitur.
2006 1193 2107 1227 Mons
2129 1198 2179 1226 et-

1338 1305 1461 1337 Paleae
1483 1303 1581 1336 etiam
1607 1304 1775 1347 quaedam
1799 1304 1843 1338 de
1866 1304 2032 1337 frumento
2046 1299 2073 1320 ³⁷
2099 1315 2177 1337 acus

333 1361 487 1395 dicuntur
503 1357 546 1399 ³⁸;
572 1359 732 1394 exercitus
756 1370 891 1402 quoque
915 1357 1101 1398 instructio,
1128 1357 1221 1400 quod
1246 1368 1285 1390 ea
1308 1368 1386 1401 pars
1417 1355 1558 1389 militum
1585 1356 1872 1390 vehementissima
1897 1361 1945 1389 est
1975 1356 2017 1389 ad
2043 1355 2174 1389 hostem

318 1495 347 1538 1)
371 1496 416 1536 id]
438 1506 496 1524 om.
515 1495 547 1523 L.
561 1495 595 1524 B.
616 1495 653 1523 M.
679 1495 707 1522 S.
730 1509 772 1516 —-
802 1494 831 1533 2)
856 1489 1012 1532 α’γχόνη]
1040 1492 1088 1519 Sic
1102 1490 1183 1519 haud

231 1540 321 1569 dubie
339 1545 382 1569 est
394 1539 592 1568 scribendum.
623 1536 715 1576 ἅγχη
733 1537 765 1564 B.
793 1534 919 1574 ἄγχειν
944 1535 1001 1562 Gu.
1021 1536 1046 1565 1.
1078 1533 1184 1561 anclze-

231 1582 325 1611 dellin
349 1583 403 1611 Gu.
424 1585 454 1612 2.
499 1579 693 1608 anchedellen
715 1579 752 1607 M.
788 1578 862 1606 Vide
885 1577 921 1606 de
941 1576 987 1605 his
1003 1576 1182 1614 corruptelis

231 1626 335 1663 Scalig.
369 1626 434 1653 Om.
453 1624 484 1652 L.
516 1640 557 1645 —
582 1624 611 1658 3)
635 1621 670 1650 id
687 1621 741 1660 est]
766 1631 822 1650 om.
845 1620 899 1648 Gu.
917 1622 943 1651 1.
967 1635 1007 1640 —-
1042 1618 1073 1659 4)
1093 1619 1180 1654 saue.

232 1667 301 1706 dol]
332 1667 419 1696 dolor
431 1668 525 1704 fauc.
551 1666 607 1693 Gu.
629 1668 654 1695 1.
679 1680 719 1686 —-
741 1663 768 1703 5)
790 1661 918 1702 angina]
940 1663 1077 1701 anguina
1094 1661 1126 1690 L.
1143 1677 1179 1682 —-

231 1709 260 1748 6)
277 1709 427 1750 Plautus]
441 1708 566 1739 om.hoc
578 1712 673 1736 totum
684 1718 698 1734 a
716 1717 767 1735 vv.
781 1707 933 1734 Plautus:
954 1721 989 1726 —
1001 1713 1182 1743 —praeocc.

231 1751 269 1779 M.
286 1753 339 1781 Gu.
353 1756 381 1784 1.
402 1769 443 1774 —
465 1750 494 1792 7)
513 1749 672 1789 anginam]
693 1751 863 1788 anguinum
877 1758 923 1787 pr.
947 1764 984 1769 —
1010 1745 1040 1787 8)
1054 1757 1182 1785 praeoc-

233 1795 384 1833 cuparem]
403 1798 660 1833 praeoccuparent
681 1793 710 1820 L.
731 1809 765 1814 —
787 1791 815 1830 9)
837 1789 1012 1829 Antigerio]
1036 1790 1093 1818 Hic
1107 1788 1181 1817 ordo

233 1840 278 1863 est
303 1837 334 1864 in
361 1838 392 1866 L.
415 1838 470 1865 Gu.
497 1839 524 1867 1.
548 1840 576 1868 2.
621 1836 696 1864 Tum
723 1835 857 1873 sequitur
878 1834 1049 1862 Anacreon.
1092 1832 1180 1868 Vulg.

235 1877 359 1915 Angor,
381 1880 537 1907 Anacreon
561 1883 589 1907 et
611 1879 772 1916 Antigerio
794 1882 862 1915 post
884 1876 1035 1914 Antefixa.
1063 1890 1105 1896 —-
1134 1873 1179 1913 10)

232 1919 384 1957 Antehac]
407 1922 453 1949 Sic
475 1921 581 1960 scripsi
601 1921 637 1949 de
660 1921 845 1956 coniectura,
872 1929 964 1958 quum
987 1919 1016 1946 in
1045 1916 1182 1945 omnibus

233 1962 324 1991 codd.
346 1967 397 1989 aut
417 1969 555 2000 corrupte
577 1968 627 1992 aut
645 1964 723 1992 clare
741 1963 884 2001 scriptum
909 1961 1075 2000 reperiatur
1094 1959 1182 1987 Ana-

233 2014 336 2040 creon,
360 2004 439 2041 quod
460 2004 534 2032 nihil
557 2010 609 2033 est.
655 2006 766 2034 Vitium
788 2010 833 2034 est
847 2005 1058 2037 inveteratum,
1082 2007 1180 2030 ortum

233 2056 273 2076 ex
288 2046 462 2084 compendio
486 2046 649 2084 scripturae
673 2052 752 2076 αῆαε
772 2047 803 2076 h.
826 2058 851 2077 e.
873 2047 1009 2075 antehac.
1054 2045 1082 2073 S.
1102 2045 1182 2073 Ante

233 2089 366 2128 scripsit·
398 2104 438 2110 ··-
476 2086 519 2125 ll)
545 2088 661 2127 Arare]
692 2101 750 2120 om.
780 2090 860 2119 hunc
882 2089 1041 2118 articulum
1068 2087 1108 2117 M.
1142 2104 1179 2109 —-

234 2130 278 2170 12)
299 2128 551 2169 Antipagmenta]
576 2130 623 2157 Sic
645 2132 699 2161 Gu.
721 2136 745 2162 1.
767 2135 795 2163 2.
818 2135 848 2163 S.
894 2134 1121 2170 antipacmenta
1143 2129 1180 2161 M,

234 2175 458 2213 antipegmenta
482 2172 512 2199 L.
557 2174 803 2209 antipagamenta
823 2186 864 2213 pr.
899 2175 986 2212 Vulg,
1008 2179 1180 2211 antepaga-

234 2222 342 2245 menta.
366 2232 407 2238 ——
429 2214 475 2251 13)
499 2213 597 2251 antia]
623 2215 738 2241 antelzis
760 2217 817 2245 Gu.
834 2221 861 2248 2.
906 2219 1002 2245 anteis
1021 2217 1057 2244 M.
1077 2216 1133 2244 Gu.
1154 2218 1179 2246 l.

234 2260 363 2287 anteriis
383 2258 419 2288 B.
463 2257 578 2284 anteris
597 2265 643 2293 pr.
675 2271 711 2276 -—
753 2256 797 2295 14)
824 2258 1053 2297 appinguntur]
1077 2258 1126 2286 Sic
1148 2257 1179 2286 B.

233 2301 271 2330 M.
295 2302 351 2330 Gu.
370 2303 397 2332 1.
414 2303 443 2331 2.
467 2309 513 2338 pr.
559 2302 775 2336 oppanguntur
800 2298 886 2336 Vulg.
904 2317 947 2322 —
974 2300 1021 2340 15)
1040 2301 1181 2338 affigun-

234 2343 298 2383 tur]
320 2343 515 2382 affinguntur
535 2341 568 2369 B.
591 2350 634 2378 pr.
665 2356 702 2361 ——-
734 2340 779 2375 16)
793 2340 942 2378 figulino]
964 2342 1012 2369 Sic
1032 2343 1062 2370 L.
1086 2344 1118 2370 B.
1141 2342 1180 2371 M.

235 2386 292 2415 Gu.
316 2390 344 2418 1.
362 2388 392 2417 2.
410 2395 454 2424 pr.
479 2384 507 2412 S.
551 2382 636 2421 Vulg.
656 2382 780 2421 figlino.
811 2397 853 2403 —
884 2384 931 2418 17)
954 2383 1089 2421 Aureax]
1112 2385 1180 2412 Aa-

1226 1500 1294 1519 reas
1317 1490 1351 1519 L.
1380 1506 1424 1511 —
1463 1489 1509 1527 18)
1533 1489 1737 1529 religabalur]
1765 1490 1978 1528 religabantur
1998 1492 2029 1522 Β.
2054 1508 2091 1514 ·—
2130 1493 2176 1534 19)

1227 1532 1321 1570 oria-5]
1346 1533 1393 1560 Sic
1409 1533 1457 1567 L.‚
1482 1531 1532 1570 qui
1554 1533 1710 1571 praeponit
1731 1538 1780 1568 ut,
1803 1533 1835 1560 B.
1857 1533 1897 1562 Μ.
1922 1534 1978 1562 Gu.
1998 1537 2023 1565 1.
2038 1537 2068 1565 2.
2085 1546 2131 1574 pr.
2146 1537 2176 1566 S.

1226 1585 1312 1603 oreas
1328 1575 1414 1612 Vulg.
1443 1590 1486 1595 —
1515 1573 1561 1613 ΞΟ)
1585 1575 1730 1613 leporum]
1756 1575 1898 1614 luporum
1917 1577 1963 1604 vel
1977 1577 2066 1606 aliter
2080 1579 2113 1608 B.
2135 1594 2178 1601 -

1224 1619 1270 1654 21)
1291 1617 1374 1656 quia]
1392 1615 1474 1656 quod
1491 1617 1521 1644 L.
1545 1633 1582 1638 —
1605 1616 1650 1656 22)
1669 1618 1780 1645 Graece
1796 1620 1874 1646 enim
1894 1615 2007 1659 ὤρεῖν
2023 1621 2177 1652 custodire

1225 1659 1348 1698 dicitur]
1370 1670 1389 1687 a
1408 1660 1523 1688 Graeco
1545 1661 1632 1696 venit,
1656 1657 1770 1700 ω’ρεῖν
1792 1662 1870 1689 enim
1886 1662 1920 1692 B.
1964 1661 2040 1703 α’)’ρα
2064 1675 2177 1703 ωρειν

1224 1704 1302 1730 enim
1322 1703 1379 1732 Gu.
1398 1705 1423 1734 1.
1469 1703 1553 1738 crin,
1577 1702 1614 1731 M.
1639 1702 1694 1731 Gu.
1709 1707 1737 1735 2.
1769 1704 1833 1732 Om.
1852 1704 1881 1732 L.
1899 1715 1942 1742 pr.
1959 1702 2057 1745 ω’ρεῖν.
2089 1707 2174 1747 Vulg.

1225 1743 1371 1784 αἱρέειν.
1392 1760 1435 1767 —
1455 1746 1504 1781 23)
1519 1744 1693 1784 thesaurus]
1715 1746 1800 1783 Vulg.
1816 1746 2003 1786 thesauram,
2027 1748 2108 1787 quod
2123 1753 2177 1780 vix

1224 1797 1329 1816 verum
1345 1797 1405 1816 esse
1420 1787 1540 1826 poterit.
1567 1787 1694 1815 Videtur
1708 1789 1896 1817 accusativus
1914 1789 1949 1817 ab
1966 1800 2000 1819 eo
2022 1802 2099 1827 esse,
2123 1794 2177 1832 qui

1224 1830 1383 1859 coniunxit
1410 1830 1586 1857 thesaurum
1610 1831 1814 1868 le'ppocrates
1836 1830 1982 1862 medicas.
2005 1850 2040 1855 —-
2071 1832 2118 1875 24)
2141 1835 2179 1865 id

1224 1872 1353 1911 dictum]
1373 1871 1516 1900 additum
1533 1873 1563 1900 L.
1596 1871 1745 1900 indictum
1765 1874 1821 1902 Gu.
1835 1876 1863 1904 2.
1885 1890 1927 1896 —
1947 1874 1994 1914 25)
2010 1878 2176 1908 vocitatum

1225 1917 1271 1944 ait
1286 1914 1427 1953 Aurion]
1453 1925 1510 1944 om.
1533 1925 1578 1953 pr.
1621 1915 1759 1943 Aureion
1781 1916 1812 1945 L.
1847 1927 1896 1944 eor
1913 1917 1968 1948 Gu.
1988 1921 2015 1950 1.
2051 1920 2174 1950 Aurion

1223 1959 1256 1987 Β.
1280 1958 1335 1987 Gu.
1355 1961 1382 1989 2.
1405 1957 1444 1985 M.
1488 1957 1573 1995 Vulg.
1599 1957 1737 1996 Aaryon.
1782 1959 1905 1986 Aurum
1933 1961 1978 1996 S.,
2007 1962 2058 2000 qui
2088 1962 2174 1993 habet

1225 2001 1313 2030 etiam
1343 2011 1363 2027 a
1383 1999 1596 2030 similitudine.
1626 2016 1669 2021 -
1702 1999 1746 2039 26)
1771 2002 1959 2041 existimant]
1989 2014 2046 2033 om.
2069 2006 2101 2037 Β,
2130 2021 2174 2030 -.

1223 2042 1273 2083 27)
1290 2042 1418 2080 ausum]
1442 2042 1491 2070 Sic
1510 2042 1541 2070 B.
1560 2043 1588 2071 S.
1634 2044 1756 2080 ausum.
1786 2043 1873 2082 Vulg.
1903 2061 1946 2066 —
1973 2048 2019 2082 28)
2046 2049 2095 2076 vel
2114 2050 2173 2078 ori-

1224 2085 1333 2125 chalcu]
1351 2091 1377 2113 et
1398 2085 1520 2114 oricalc.
1544 2085 1600 2114 Gu.
1622 2088 1649 2117 1.
1673 2101 1713 2108 -
1735 2087 1783 2124 29)
1803 2088 2014 2127 compositum]
2032 2100 2093 2118 esse
2105 2091 2171 2120 add.

1222 2129 1256 2158 B.
1299 2129 1437 2166 componi
1456 2128 1488 2155 L.
1515 2128 1573 2158 Gu.
1591 2130 1617 2159 1.
1646 2144 1686 2149 -
1716 2127 1761 2168 30)
1784 2128 1828 2167 ex]
1847 2129 1885 2157 ab
1906 2130 1936 2159 L.
1952 2131 1985 2160 B.
2010 2132 2067 2164 Gu,
2084 2135 2109 2164 1.
2126 2143 2170 2172 pr.

1222 2187 1264 2193 —
1293 2169 1342 2210 31)
1365 2170 1505 2209 aureum]
1527 2181 1637 2199 aurum
1655 2181 1700 2209 pr.
1723 2187 1766 2192 —
1792 2171 1837 2210 32)
1862 2172 2074 2213 orichalcum]
2103 2176 2170 2205 Ori-

1222 2213 1297 2242 calc.
1321 2214 1377 2242 Gu.
1397 2216 1423 2245 1.
1463 2213 1676 2241 aurichalcum
1692 2213 1730 2242 M.
1771 2214 1968 2242 Oria-alchana
1981 2216 2021 2252 S.,
2039 2217 2088 2255 qui
2100 2217 2167 2246 item

1221 2255 1280 2285 hoc
1295 2255 1384 2284 habet
1398 2266 1496 2295 supra.
1518 2272 1560 2277 —
1581 2254 1628 2294 33)
1647 2255 1731 2295 cane]
1751 2267 1809 2286 om.
1827 2257 1858 2287 B.
1887 2267 1958 2285 sane
1972 2258 2010 2286 ab
2024 2269 2054 2287 eo
2065 2257 2122 2287 dic.
2136 2259 2166 2288 L.

1225 2315 1261 2320 —
1292 2299 1341 2336 34)
1363 2297 1452 2338 quia]
1476 2298 1525 2327 Sic
1544 2298 1585 2328 M.
1611 2298 1667 2326 Gu.
1693 2302 1718 2330 1.
1742 2301 1772 2330 2.
1816 2299 1903 2337 Vulg.
1926 2298 2015 2338 quod.
2041 2314 2083 2322 —
2116 2299 2165 2339 35)

1222 2340 1340 2380 etenim]
1363 2342 1442 2369 enim
1464 2341 1494 2369 L.
1537 2340 1602 2369 Hoc
1626 2341 1750 2370 fortasse
1772 2351 1876 2370 verum
1898 2346 1949 2370 est.
1993 2340 2049 2370 Sed
2074 2351 2165 2380 quum

1223 2383 1327 2422 optimi
1351 2383 1439 2413 codd.
1455 2384 1561 2411 etenim
1579 2382 1724 2419 habeant,
1745 2393 1806 2411 non
1821 2383 1913 2411 ausim
1929 2387 2057 2421 mutare,
2079 2393 2164 2422 prae-
