2263 2668
520 155 584 188 DE
611 150 1000 189 SIGNIFIGATIONE
1035 151 1316 187 VERBORUM.
1369 155 1514 189 LIBER
1540 156 1599 190 Ill.
1955 160 2031 198 393

85 253 159 279 rent.
204 248 324 276 Servius
346 248 377 275 in
400 247 531 276 schedis:
571 249 666 277 Varro
690 249 732 276 ait
754 244 967 286 suspendiosis,
1004 243 1112 282 quibus
1134 244 1210 274 iusta
1232 246 1295 275 fieri
1317 247 1364 276 ius
1385 258 1444 277 non
1469 249 1525 285 sit,
1563 247 1711 287 suspensis
1733 248 1843 278 oscillis
1864 250 1956 280 veluti
1977 263 2031 292 per

84 291 279 320 imitationem
308 290 412 319 mortis
441 290 660 329 parentandum
690 300 760 319 esse.
806 287 1008 318 Artemidorus
1031 287 1082 316 lib.
1093 287 1131 315 L:
1161 286 1284 328 ’Ἀτιμός
1305 301 1334 320 τε
1355 291 1406 321 καὶ
1428 289 1529 331 φυγὰς
1552 289 1711 331 γενόμενος
1734 288 1902 331 ἀναρτήσας
1923 294 2031 327 ἑαυτὸν

85 330 252 372 ἐτελεύτησε
282 330 333 364 τὸν
361 333 445 373 βίον,
487 330 527 369 ὥς
555 332 628 372 μηδὲ
653 329 822 363 ἀποθανών
844 332 916 369 ἔχειν
939 327 1043 367 ὄνομα.
1068 326 1192 366 τούτους
1213 330 1268 372 yde
1290 330 1407 371 μόνους
1429 335 1462 365 ἐν
1485 336 1598 374 νεκρῶν
1621 334 1754 370 δείπνοις
1778 333 1813 365 οὐ
1836 338 1977 367 καλοῦσιν
2001 339 2033 370 οἱ

85 373 295 416 προςήκοντες.
339 375 372 403 In
404 375 527 403 caristiis
557 376 632 404 enim
663 380 692 404 et
722 374 923 414 parentalibus
952 372 1085 400 omnium
1115 383 1252 403 carorum
1282 375 1339 403 iam
1368 376 1427 404 vita
1457 377 1625 405 functorum
1649 377 1767 405 nomina
1790 377 1865 406 ciere
1888 379 2029 410 solebant.

85 418 237 448 Ausonius
261 417 316 458 (De
340 418 411 447 clar.
429 418 506 447 Prof.
526 418 626 454 XXV,
651 420 711 455 6.):
742 434 783 439 —
804 433 846 438 —
868 415 986 444 nomina
1008 421 1119 443 fanium
1146 415 1228 445 Voce
1250 418 1336 453 ciere,
1360 419 1420 447 suis
1442 419 1566 460 sufficiet
1590 417 1716 448 tumulis.
1757 421 1838 456 Quae
1862 421 2029 452 Ausoniana

85 461 176 500 paulo
207 460 356 490 diversius
385 460 600 499 interpretatur
622 461 794 497 Turnebus,
831 457 912 498 quod
941 467 998 486 non
1028 457 1140 486 debuit.
1174 457 1275 488 Scal.
1319 460 1398 489 Idem
1420 471 1478 489 non
1500 461 1659 500 lugebatur
1681 462 1716 489 ab
1740 473 1834 492 uxore
1855 463 1874 493 l.
1890 466 1938 495 11.
1962 467 2027 502 §.3.

87 503 124 533 de
146 503 211 540 his,
240 504 290 542 qui
314 508 455 531 notantur
477 503 606 533 infamia.
655 501 757 532 Goth.

253 544 396 585 Capita
420 545 583 575 Deorum.
628 545 709 580 Quae
734 550 761 574 et
783 544 902 584 struppi.
947 541 1021 571 Vide
1048 540 1177 581 Str-appi.
1223 542 1276 572 Da
1288 556 1312 573 c.

254 586 528 618 Corniscarum.
573 588 711 616 Cornices
734 598 797 616 esse
820 588 850 615 in
874 585 964 614 tutela
986 584 1107 613 Iunonis
1131 590 1250 622 praeter
1273 586 1387 615 fabulas
1410 597 1571 625 cognomen
1599 588 1684 617 etiam
1706 587 1798 627 ipsius
1822 589 1895 618 Deae
1918 591 2030 620 docue-

87 631 144 667 rit,
168 627 301 660 ‚Monam
335 630 408 658 Nam
430 630 498 658 inde
522 630 681 659 Gracchuli
705 629 844 659 Monetae
866 633 895 657 et
917 625 1087 658 Monetulae
1110 626 1191 656 dicti.
1225 629 1372 658 Posterior
1397 635 1474 658 aetas
1497 641 1551 669 per
1575 631 1598 658 D
1621 630 1810 662 Monedulae.
1847 633 2030 663 Glossarium

89 673 212 711 exponit
234 671 387 701 Monetam
411 672 614 711 μνημοσύνην.
657 673 723 701 Non
746 673 827 701 male.
866 671 1015 710 Hyginus:
1046 668 1098 698 Ex
1121 668 1188 698 Iove
1210 678 1235 700 et
1259 671 1382 700 ΖΙΙοηεία
1406 672 1503 702 Maia.
1549 673 1664 702 Moneta
1688 684 1757 711 ergo
1780 671 1800 713 ἦ
1826 674 2030 715 Μνημοσύνη,

87 720 181 744 mater
204 724 369 749 musaru1n3
395 720 422 744 et
443 716 472 743 in
495 716 627 754 Odyssea
651 715 743 745 veteri
766 715 840 744 Livii
864 712 1044 743 Andronici:
1068 711 1148 742 Nam
1166 712 1243 742 Diva
1262 713 1403 744 Zlffonetas
1414 713 1488 754 filia
1511 713 1625 752 docuit,
1649 715 1706 744 hoc
1733 721 1774 745 est
1792 719 1916 749 Μοῦσα.
1954 719 2028 748 Nam

89 762 131 785 est
154 767 189 786 ex
212 757 262 785 illo
287 757 407 796 (Odyss
423 758 503 795 VIII,
527 759 598 790 480.
613 757 702 798 seq.):

831 818 868 822 -—
912 815 954 822 —
996 815 1037 821 ——-
1081 795 1184 829 οὕνεκ’
1202 797 1261 838 ἄρα
1285 798 1380 838 σφέας

671 844 764 882 Οῗμος
790 839 895 873 Mofic'
919 842 1038 878 ἐδίδαξε.

91 883 193 914 Scal.
240 885 316 923 Lego
340 883 423 915 lucus
445 896 500 925 pro
524 884 615 916 locus.
653 886 686 914 In
710 890 779 914 vett.
804 886 1025 924 epigrammate:
1053 883 1161 912 Deivas
1183 884 1331 913 corniscas
1353 895 1478 913 sacrum.
1516 883 1565 912 Sic
1588 884 1684 913 dictus
1708 896 1724 913 a
1747 886 1934 923 cornicibus,
1958 897 2031 925 quas

88 926 118 954 in
144 926 264 956 Iunonis
286 929 380 957 tutela
403 939 464 957 esse
487 929 535 958 vel
559 929 686 958 bullatae
710 930 796 957 aetati
819 933 922 957 notum
946 932 997 958 est.
1042 926 1125 955 Hanc
1148 925 1214 954 ideo
1238 927 1364 955 natalem
1387 926 1464 963 dixit
1485 926 1594 955 Tibull.
1618 927 1666 956 lib.
1680 928 1714 956 ΙΙ.
1736 928 1816 967 Eleg.
1834 932 1862 961 2.
1879 928 1989 968 (init.):

666 971 737 1001 Huc
758 972 853 999 veniat
875 969 985 999 natalis
1006 969 1068 998 avis
1087 966 1255 1008 prolemque
1277 970 1427 999 ministret.

92 1009 249 1040 Corniscas
273 1012 407 1042 absolute
429 1019 518 1042 vocat
541 1015 570 1043 P.
594 1014 714 1051 Victor,
746 1014 796 1052 qui
821 1013 906 1052 ponit
926 1013 956 1041 in
981 1012 1092 1041 decima
1117 1016 1221 1050 quarta
1245 1011 1327 1040 urbis
1351 1013 1467 1049 regione
1489 1016 1569 1040 trans
1592 1011 1731 1041 Tiberim.
1775 1012 1867 1042 Dae.

258 1053 419 1086 Caduca.
463 1057 583 1095 Virgam
607 1067 621 1085 e
643 1067 732 1085 manu
749 1057 905 1093 Flaminis,
929 1065 1016 1094 quam
1040 1055 1307 1083 commentaculum
1331 1055 1493 1091 vocabant,
1518 1054 1674 1091 excidisse,
1699 1055 1842 1084 caducum
1867 1055 2031 1094 auspicium

89 1095 233 1133 faciebat,
257 1103 301 1134 et,
326 1099 355 1126 ni
372 1099 476 1135 fallor,
497 1100 601 1128 infelix
618 1104 689 1128 erat.
718 1099 750 1127 In
766 1099 922 1136 glossario:
948 1096 1082 1127 caducus
1097 1095 1370 1133 τωτικοπολιτικὸς,
1393 1095 1543 1135 δημόσιος.
1576 1098 1665 1135 Lege:
1687 1096 1838 1133 πτωτικός.
1867 1098 1899 1126 In
1916 1098 2032 1127 eodem:

93 1135 228 1167 caducos
251 1140 442 1179 ἐπιλημπτίν,·
472 1142 549 1179 lege:
580 1138 796 1180 ἐπιληπτικούς.
819 1141 904 1171 Duc.
951 1140 1025 1168 Vide
1047 1140 1124 1168 infra
1151 1138 1427 1169 Commenzaculum.
1476 1138 1579 1169 Goth.

258 1181 393 1212 Clivia.
439 1185 591 1213 Videndus
616 1185 726 1213 Plinius·
749 1184 800 1213 lib,
814 1185 851 1212 X.
875 1184 1002 1221 cap,14⁴
1026 1181 1105 1211 Ful.
1134 1181 1208 1211 Urs.
1255 1182 1357 1210 Clivus
1385 1182 1508 1221 proprie
1538 1182 1636 1210 locum
1660 1191 1785 1211 ascensu
1808 1182 1958 1211 difficilem
1979 1193 2032 1211 no-

90 1228 149 1259 tat,
173 1224 251 1252 unde
274 1223 391 1254 clivium
415 1226 527 1255 dictum
552 1232 595 1256 est
617 1237 702 1256 omne
725 1226 861 1262 difficile,
892 1230 920 1254 et
942 1226 1077 1264 auspicia
1100 1222 1188 1253 clivia
1211 1225 1361 1262 difficilia,
1391 1224 1589 1264 prohibentia.
1614 1224 1703 1254 Dae.
1748 1224 1826 1254 Hinc
1849 1223 1938 1254 clivia
1961 1225 2033 1263 avis,

90 1275 179 1303 quam
203 1266 324 1305 quidam
348 1268 550 1298 clamatoriam
573 1275 683 1298 vocant
705 1269 784 1308 apud
808 1268 935 1297 Plinium
958 1268 1038 1295 dicto
1061 1268 1138 1297 loco.
1189 1265 1296 1297 Goth.

258 1308 432 1340 Cur-iales
455 1323 606 1341 mensae.
650 1312 767 1341 Mensae
791 1312 934 1349 cuiusque
958 1311 1073 1347 curiae,
1097 1309 1205 1337 Iunoni
1229 1310 1353 1340 dicatae.
1385 1309 1507 1348 Dionys.
1532 1309 1583 1339 lib.
1597 1309 1632 1337 ΙΙ.
1656 1319 1681 1337 c.
1695 1311 1724 1340 8.
1763 1309 1863 1339 Tatius
1885 1309 1917 1338 in
1939 1309 2034 1338 omni-

89 1349 146 1378 bus
169 1351 259 1380 curiis
282 1362 396 1381 mensas
419 1354 524 1382 Iunoni
547 1354 692 1390 Quiritiae
714 1365 748 1383 ac
770 1354 895 1382 Sabinae
920 1353 1040 1381 dicavit.
1082 1352 1142 1381 Hae
1164 1363 1282 1381 mensae
1306 1352 1489 1381 celebrandis
1513 1351 1658 1381 conviviis
1682 1351 1839 1383 institutae.
1878 1353 1951 1381 Nam
1975 1353 2036 1382 sin-

90 1393 175 1430 gulae
198 1394 297 1423 curiae
321 1389 387 1424 cum
412 1397 473 1425 suis
497 1397 699 1426 sacerdotibus
722 1397 865 1426 sacrificia
889 1395 1009 1424 obibant
1031 1400 1059 1424 et
1081 1405 1135 1422 una
1161 1395 1374 1434 epulabantur,
1408 1395 1486 1424 unde
1510 1399 1538 1423 et
1560 1395 1657 1423 curiae
1681 1393 1741 1422 dies
1764 1394 1841 1433 apud
1866 1395 2036 1424 Ciceronem

91 1435 128 1464 ‘¹0
151 1436 276 1465 ΟΓὶὶῑΟΓΕ
300 1435 348 1476 (I,-
371 1440 437 1478 7.):
481 1440 518 1468 Ut
541 1451 629 1479 quum
652 1438 728 1468 'lauti
750 1439 969 1475 accubuissent,
1007 1436 1155 1466 tolleretur
1177 1439 1272 1467 omnis
1293 1439 1449 1477 superioris
1471 1437 1609 1466 sermonis
1633 1437 1767 1472 tristitia,
1807 1449 1894 1477 eaque
1915 1445 1985 1466 esset
2007 1438 2036 1466 in

90 1476 205 1507 homine
226 1479 410 1518 iucunditas,
442 1489 539 1511 tantus
561 1484 591 1511 in
613 1481 741 1512 iocando
764 1481 859 1522 lepos,
890 1488 920 1510 ut
943 1479 1003 1509 dies
1025 1481 1099 1509 inter
1121 1491 1168 1509 eos
1190 1481 1288 1509 curiae
1301 1480 1401 1522 fuisse
1423 1478 1574 1509 videretur.
1618 1479 1708 1508 Dae.

259 1520 498 1552 Contrarium
525 1535 594 1554 aes.
641 1526 738 1553 Grave
762 1536 824 1561 aes,
856 1524 940 1551 cuius
965 1523 1072 1560 singuli
1095 1533 1172 1550 asses
1195 1523 1296 1562 pondo
1320 1523 1432 1553 libram.
1473 1522 1546 1550 Vide
1572 1520 1674 1550 Grave.
1720 1520 1901 1550 Contrarium
1928 1526 2037 1556 autem,

93 1561 173 1599 quod
195 1573 254 1591 uon
278 1571 447 1602 numerato,
471 1566 522 1594 sed
545 1577 677 1605 appenso
700 1567 797 1595 debita
821 1566 937 1595 exsolvi
961 1570 988 1593 et
1012 1565 1068 1592 alia
1093 1575 1289 1603 quaecunque
1313 1566 1370 1594 emi
1393 1565 1536 1594 solebant.
1570 1564 1618 1592 Sic
1640 1563 1750 1592 dictum
1774 1575 1789 1592 a
1814 1571 1932 1601 contra,
1958 1563 2037 1603 quod

93 1613 127 1631 eo
150 1604 186 1632 ad
207 1607 506 1644 praeponderandum
531 1613 694 1639 uterentur.
739 1610 812 1637 Nam
834 1608 913 1647 quod
938 1607 1209 1646 praeponderabat,
1235 1608 1267 1636 id
1294 1616 1396 1636 contra
1420 1619 1493 1644 esse,
1518 1606 1573 1635 hoc
1596 1611 1639 1635 est
1662 1603 1847 1646 ἇντιῤῥέπειν
1871 1612 1899 1635 et
1922 1613 2038 1635 contra-

94 1646 167 1674 rium
191 1657 239 1675 aes
261 1645 453 1687 ἇντίρῥοπον.
502 1651 570 1679 lnde
599 1651 766 1690 saepissime
795 1651 875 1689 apud
900 1650 1036 1678 Plautum
1060 1650 1206 1678 invenias:
1247 1661 1318 1678 auro
1341 1658 1443 1679 contra
1465 1650 1513 1678 vel
1535 1656 1637 1678 contra
1662 1660 1765 1677 aurum
1788 1660 1895 1686 ωηεν-ες
1929 1647 2038 1677 talento

95 1695 197 1717 contra
219 1700 305 1718 carus
328 1702 386 1719 non
408 1700 464 1727 est,
492 1692 550 1720 hoc
573 1699 617 1722 est
639 1704 711 1722 aur-o
732 1692 998 1733 praeponderante,
1022 1692 1181 1721 contrario.
1228 1692 1313 1721 Dac.

260 1730 558 1763 centumviralia
581 1735 748 1772 iudicia,
781 1747 886 1776 quae.
930 1735 1003 1763 Vide
1027 1744 1117 1773 supra
1143 1732 1371 1763 Centumviralia
1394 1732 1506 1763 iudicia
1529 1744 1547 1762 a
1571 1733 1755 1762 centumvir-is
1778 1737 1833 1764 cet.

261 1772 564 1805 circumluvium.
610 1779 682 1807 Cum
717 1783 799 1817 parte
827 1778 925 1816 aliqua
948 1777 1076 1805 divisum
1102 1776 1211 1805 flumen
1236 1786 1337 1814 agrum
1366 1777 1490 1805 alicuius
1514 1776 1553 1804 ita
1578 1775 1684 1811 ambit,
1723 1780 1757 1803 ut
1779 1774 1902 1803 inferius
1925 1773 2039 1802 unitum

94 1813 176 1842 illum
200 1815 229 1843 in
252 1816 365 1846 insulae
388 1819 513 1848 sormam
536 1821 660 1859 redigat.
695 1819 956 1849 Circumluvionem
980 1825 1067 1848 vocat
1091 1819 1195 1847 Cicero
1218 1818 1269 1858 (de
1293 1819 1374 1847 Orat.
1390 1819 1421 1856 I,
1442 1817 1517 1858 38.).
1541 1818 1631 1846 Dac.
1662 1816 1718 1845 Hic
1740 1828 1794 1856 pro
1818 1818 1881 1845 iure
1903 1816 2041 1855 praedio-

94 1867 161 1885 rum
185 1859 321 1888 sumitur.
368 1861 403 1889 At
426 1862 454 1889 in
477 1863 580 1899 glossis
603 1864 813 1902 manuscriptis
839 1873 895 1901 pro
918 1863 1004 1898 loco,
1038 1872 1123 1901 quem
1148 1871 1223 1900 aqua
1246 1861 1433 1898 circumluit,
1464 1861 1559 1899 qualis
1581 1860 1664 1888 locus
1687 1859 1864 1889 describitur
1884 1859 1915 1887 in
1938 1859 1957 1887 l.
1970 1860 1999 1890 7.
2015 1859 2040 1895 §.

96 1899 177 1937 quod
200 1901 224 1929 si
247 1911 305 1929 uno
328 1904 357 1934 4.
370 1903 400 1933 ss.
423 1904 458 1932 de
480 1904 578 1943 adqui.
597 1917 652 1936 rer,
677 1906 786 1934 domin.
834 1904 938 1934 Goth.
2010 1915 2012 1917 ’

263 1943 442 1975 Ουηιόανη.
489 1945 609 1977 Cabum.
652 1949 675 1976 Α
701 1947 790 1985 cubo,
815 1948 896 1986 quod
920 1947 960 1975 ibi
984 1946 1090 1975 milites
1113 1945 1278 1982 cubabant,
1307 1956 1373 1974 cum
1398 1946 1438 1974 ait
1460 1944 1611 1981 lecticam,
1634 1951 1665 1973 ut
1687 1942 1829 1973 militares
1849 1948 1971 1978 vocant,
1995 1941 2041 1970 le-

97 1984 186 2013 cticas
209 1985 350 2016 militares
373 1988 527 2026 intelligit,
554 2001 629 2029 quae
654 1991 772 2019 Graccis
795 1987 978 2029 χαμευνάόες
1001 1989 1145 2018 dicuntur
1167 1994 1195 2017 et
1217 1990 1368 2028 χαμεῢναι.
1398 1987 1499 2027 Eurip.
1524 1988 1554 2016 in
1577 1987 1674 2015 Rheso
1695 1988 1738 2025 (v.
1752 1987 1813 2022 9.):
1836 1987 1914 2015 λεῖπε
1936 1980 2041 2023 χαμεύ-

95 2038 150 2063 νας
173 2028 428 2070 φυλλοστρώτους.
473 2032 572 2061 Talem
596 2034 690 2062 Varro
714 2033 847 2061 lecticam
869 2032 1010 2069 intelligit
1034 2032 1083 2060 lib.
1099 2032 1145 2060 [V.
1168 2031 1224 2069 (De
1248 2032 1278 2059 L.
1300 2031 1331 2059 L.
1356 2030 1389 2067 V,
1411 2040 1476 2069 pag.
1491 2031 1561 2062 166.
1584 2027 1666 2070 Sp.):
1696 2029 1834 2064 Lectica,
1865 2025 1946 2066 quod
1967 2025 2041 2066 lege-

97 2067 183 2106 bant,
212 2069 288 2100 unde
309 2083 371 2100 eam
386 2072 540 2114 facerent,
571 2083 729 2104 stramenta
753 2084 839 2116 atque
861 2073 979 2109 herbas,
1006 2081 1036 2102 ut
1059 2075 1144 2102 etiam
1168 2085 1245 2102 nunc
1257 2074 1300 2112 fit
1322 2073 1352 2101 in
1376 2074 1489 2102 castris.
1535 2073 1611 2101 Sunt
1633 2070 1686 2110 qui
1707 2071 1805 2108 legant
1827 2068 1962 2099 cumbam
1984 2079 2041 2108 pro

96 2110 216 2150 cubam,
244 2114 296 2142 sed
320 2114 424 2144 cubam
448 2126 516 2145 vera
541 2117 636 2148 lectio.
664 2118 750 2148 Duc.
796 2117 908 2153 Quidni
933 2117 1019 2145 etiam
1044 2127 1058 2143 a
1083 2115 1186 2145 cambo
1209 2115 1368 2144 descendat
1391 2113 1524 2144 cumba?

262 2154 473 2187 condicere.
520 2159 637 2189 Veteres
660 2160 765 2188 Graeci
789 2157 1007 2190 συντάσσεσθαι
1029 2157 1099 2197 μετὰ
1122 2159 1331 2198 παραγγελίας.
1363 2158 1518 2186 condictio
1543 2152 1681 2195 σννταγή.
1705 2151 1806 2183 Scal.
1839 2153 1964 2192 Proprie
1987 2157 2041 2188 est,

96 2206 164 2226 cum
187 2203 272 2227 actor
293 2199 464 2228 adversario
488 2200 662 2239 denunciat,
687 2207 719 2231 ut
742 2207 821 2231 certa
845 2207 873 2230 et
896 2206 971 2230 stata
995 2200 1042 2229 die
1065 2200 1177 2229 iudicio
1201 2201 1286 2229 adsit.
1329 2201 1431 2229 Postea
1454 2200 1564 2228 factum
1587 2202 1646 2233 est,
1670 2201 1703 2225 ut
1724 2196 1754 2225 in
1778 2196 1883 2234 quovis
1907 2196 1966 2225 alio
1988 2205 2040 2224 ne-

94 2239 177 2277 gotio
194 2239 344 2270 condicere
361 2242 501 2272 dicantur
514 2244 543 2280 ii,
568 2245 618 2284 qui
642 2255 678 2273 ex
703 2249 859 2283 compacto
884 2243 1037 2282 quidpiam
1060 2247 1167 2281 gerunt
1190 2248 1217 2272 et
1239 2248 1343 2272 mutuo
1366 2243 1424 2272 sibi
1446 2240 1625 2271 denunciant
1648 2239 1727 2268 diem
1748 2239 1907 2276 locumque
1928 2238 1971 2267 rei
1993 2246 2040 2275 ge-

95 2282 214 2311 rendae.
238 2284 331 2312 Plaut.
352 2286 470 2314 Curcul.
494 2285 533 2325 (l,
561 2290 594 2323 1,
616 2288 677 2325 5.):
701 2285 735 2315 Si
757 2294 848 2315 status
872 2285 1023 2316 condictus
1047 2296 1111 2314 cum
1134 2285 1214 2314 hoste
1236 2284 1388 2315 intercedit
1410 2283 1478 2314 dies.
1508 2283 1580 2312 Inde
1604 2280 1753 2311 condictio
1775 2282 1805 2310 in
1828 2281 1902 2309 diem
1926 2284 2038 2308 certum

95 2324 153 2361 rei,
177 2336 252 2363 quae
275 2327 385 2363 agitur,
409 2328 616 2366 denunciatio,
641 2335 667 2358 (t
689 2327 876 2366 condictum,
900 2329 980 2367 quod
1004 2328 1033 2356 in
1057 2328 1207 2357 communi
1230 2328 1342 2357 dictum
1366 2332 1417 2357 est.
1451 2326 1523 2355 Inde
1546 2325 1707 2354 condicere
1729 2334 1851 2353 coenam
1873 2321 1962 2350 alicui
1984 2323 2036 2368 eft,

98 2366 141 2395 illi
164 2367 359 2406 denunciare,
383 2381 413 2398 se
437 2372 516 2410 apud
542 2383 606 2401 eum
629 2377 838 2408 coenaturum,
862 2371 941 2410 quod
957 2371 1059 2399 Cicero
1083 2370 1218 2400 absolute
1241 2371 1316 2400 dixit
1339 2368 1489 2400 condicere
1510 2368 1561 2397 lib.
1576 2368 1597 2397 I.
1618 2367 1722 2399 Famil.
1743 2368 1848 2406 ep.9-:
1872 2362 1940 2393 Cum
1964 2359 2035 2390 ”¹²7ss

97 2408 294 2448 condia-isset,
317 2414 448 2441 coenavit
472 2413 552 2453 apud
575 2426 626 2443 me.
650 2414 737 2444 Dae.
785 2414 858 2444 Vide
880 2416 903 2451 §.
927 2414 1121 2453 appellamus.
1143 2413 1182 2445 11.
1205 2414 1275 2444 Inst.
1300 2414 1336 2443 de
1357 2412 1496 2442 actionib.
1544 2409 1648 2440 Goth.

142 2461 307 2491 GRAMMAT.
329 2474 396 2492 Lar.
420 2464 452 2492 ΙΙ.
1523 2463 1554 2496 D
1570 2462 1592 2495 (l
1609 2461 1629 2494 (l
