<?xml version="1.0" encoding="UTF-8"?>
<!DOCTYPE html PUBLIC "-//W3C//DTD XHTML 1.0 Transitional//EN"
    "http://www.w3.org/TR/xhtml1/DTD/xhtml1-transitional.dtd">
<html xmlns="http://www.w3.org/1999/xhtml" xml:lang="en" lang="en">
 <head>
  <title>
</title>
<meta http-equiv="Content-Type" content="text/html;charset=utf-8" />
  <meta name='ocr-system' content='tesseract 3.04.00' />
  <meta name='ocr-capabilities' content='ocr_page ocr_carea ocr_par ocr_line ocrx_word'/>
</head>
<body>
  <div class='ocr_page' id='page_1' title='image "./corpusgrammatico01linduoft_0898.png"; bbox 0 0 2263 2668; ppageno 0'>
   <div class='ocr_carea' id='block_1_1' title="bbox 245 168 1755 212">
    <p class='ocr_par' dir='ltr' id='par_1_1' title="bbox 245 168 1755 212">
     <span class='ocr_line' id='line_1_1' title="bbox 245 168 1755 212; baseline -0.005 0"><span class='ocrx_word' id='word_1_1' title='bbox 245 178 319 212; x_wconf 68' lang='lat'>472</span> <span class='ocrx_word' id='word_1_2' title='bbox 670 168 1013 204; x_wconf 79' lang='lat' dir='ltr'><strong>COMMENTARH</strong></span> <span class='ocrx_word' id='word_1_3' title='bbox 1039 168 1086 201; x_wconf 80' lang='grc' dir='ltr'>ΙΝ</span> <span class='ocrx_word' id='word_1_4' title='bbox 1113 169 1255 203; x_wconf 89' lang='lat' dir='ltr'><strong>PAULI</strong></span> <span class='ocrx_word' id='word_1_5' title='bbox 1282 170 1477 205; x_wconf 84' lang='lat' dir='ltr'>DlACONl</span> <span class='ocrx_word' id='word_1_6' title='bbox 1502 171 1755 205; x_wconf 83' lang='lat' dir='ltr'><strong>EXCERPTA</strong></span> 
     </span>
    </p>
   </div>
   <div class='ocr_carea' id='block_1_2' title="bbox 248 258 2181 386">
    <p class='ocr_par' dir='ltr' id='par_1_2' title="bbox 248 258 2181 386">
     <span class='ocr_line' id='line_1_2' title="bbox 248 258 2181 307; baseline 0.001 -10"><span class='ocrx_word' id='word_1_7' title='bbox 248 273 349 307; x_wconf 69' lang='lat' dir='ltr'>Mese.)</span> <span class='ocrx_word' id='word_1_8' title='bbox 371 270 402 297; x_wconf 89' lang='lat' dir='ltr'>in</span> <span class='ocrx_word' id='word_1_9' title='bbox 423 267 540 296; x_wconf 86' lang='lat' dir='ltr'>Limum</span> <span class='ocrx_word' id='word_1_10' title='bbox 570 262 731 298; x_wconf 77' lang='lat' dir='ltr'><em>obtortum,</em></span> <span class='ocrx_word' id='word_1_11' title='bbox 769 265 797 288; x_wconf 87' lang='lat' dir='ltr'>et</span> <span class='ocrx_word' id='word_1_12' title='bbox 821 260 941 287; x_wconf 82' lang='lat' dir='ltr'>Glossae</span> <span class='ocrx_word' id='word_1_13' title='bbox 964 258 1075 296; x_wconf 77' lang='lat' dir='ltr'>Limis,</span> <span class='ocrx_word' id='word_1_14' title='bbox 1111 260 1238 302; x_wconf 83' lang='lat' dir='ltr'><em>obliquis</em></span> <span class='ocrx_word' id='word_1_15' title='bbox 1261 262 1361 292; x_wconf 83' lang='lat' dir='ltr'>oculis.</span> <span class='ocrx_word' id='word_1_16' title='bbox 1395 262 1497 293; x_wconf 76' lang='lat' dir='ltr'>Goth.</span> <span class='ocrx_word' id='word_1_17' title='bbox 1543 264 1584 293; x_wconf 90' lang='lat' dir='ltr'>De</span> <span class='ocrx_word' id='word_1_18' title='bbox 1608 268 1704 302; x_wconf 81' lang='lat' dir='ltr'>etymo</span> <span class='ocrx_word' id='word_1_19' title='bbox 1727 264 1786 294; x_wconf 85' lang='lat' dir='ltr'>adi.</span> <span class='ocrx_word' id='word_1_20' title='bbox 1810 263 1896 294; x_wconf 81' lang='lat' dir='ltr'>limus</span> <span class='ocrx_word' id='word_1_21' title='bbox 1919 266 2082 305; x_wconf 83' lang='lat' dir='ltr'>disputavit</span> <span class='ocrx_word' id='word_1_22' title='bbox 2105 269 2181 298; x_wconf 87' lang='lat' dir='ltr'>Doe-</span> 
     </span>
     <span class='ocr_line' id='line_1_3' title="bbox 249 300 2181 349; baseline 0.007 -22"><span class='ocrx_word' id='word_1_23' title='bbox 249 314 352 343; x_wconf 59' lang='lat' dir='ltr'>derth</span> <span class='ocrx_word' id='word_1_24' title='bbox 375 313 443 348; x_wconf 68' lang='lat'>55¹¹·</span> <span class='ocrx_word' id='word_1_25' title='bbox 467 306 589 341; x_wconf 68' lang='lat' dir='ltr'>L31‚11‚</span> <span class='ocrx_word' id='word_1_26' title='bbox 611 314 676 343; x_wconf 70' lang='lat' dir='ltr'>pag,</span> <span class='ocrx_word' id='word_1_27' title='bbox 693 306 743 335; x_wconf 83' lang='grc'>36.</span> <span class='ocrx_word' id='word_1_28' title='bbox 768 302 819 330; x_wconf 90' lang='lat' dir='ltr'>ubi</span> <span class='ocrx_word' id='word_1_29' title='bbox 843 313 857 330; x_wconf 91' lang='lat' dir='ltr'>a</span> <span class='ocrx_word' id='word_1_30' title='bbox 880 300 953 331; x_wconf 84' lang='lat' dir='ltr'>liveo</span> <span class='ocrx_word' id='word_1_31' title='bbox 985 302 1114 331; x_wconf 85' lang='lat' dir='ltr'>deducit.</span> <span class='ocrx_word' id='word_1_32' title='bbox 1160 306 1339 334; x_wconf 75' lang='lat' dir='ltr'><strong>Sententiam</strong></span> <span class='ocrx_word' id='word_1_33' title='bbox 1367 306 1541 334; x_wconf 76' lang='lat' dir='ltr'>ietractavit</span> <span class='ocrx_word' id='word_1_34' title='bbox 1558 306 1616 342; x_wconf 85' lang='lat'>111,</span> <span class='ocrx_word' id='word_1_35' title='bbox 1647 309 1697 338; x_wconf 88' lang='lat'>67.</span> <span class='ocrx_word' id='word_1_36' title='bbox 1719 311 1779 335; x_wconf 86' lang='lat' dir='ltr'>not.</span> <span class='ocrx_word' id='word_1_37' title='bbox 1810 306 1858 335; x_wconf 86' lang='lat' dir='ltr'>ubi</span> <span class='ocrx_word' id='word_1_38' title='bbox 1881 318 1897 335; x_wconf 81' lang='lat' dir='ltr'>a</span> <span class='ocrx_word' id='word_1_39' title='bbox 1919 306 2019 349; x_wconf 83' lang='lat' dir='ltr'>linquo</span> <span class='ocrx_word' id='word_1_40' title='bbox 2041 310 2181 340; x_wconf 80' lang='lat' dir='ltr'>derivan-</span> 
     </span>
     <span class='ocr_line' id='line_1_4' title="bbox 249 344 1670 386; baseline -0.006 -1"><span class='ocrx_word' id='word_1_41' title='bbox 249 356 318 385; x_wconf 87' lang='lat' dir='ltr'>dum</span> <span class='ocrx_word' id='word_1_42' title='bbox 342 352 505 383; x_wconf 71' lang='lat' dir='ltr'>existimat,</span> <span class='ocrx_word' id='word_1_43' title='bbox 535 346 784 386; x_wconf 71' lang='lat' dir='ltr'><strong>quemadmodum</strong></span> <span class='ocrx_word' id='word_1_44' title='bbox 807 344 950 384; x_wconf 78' lang='lat' dir='ltr'>obliquus.</span> <span class='ocrx_word' id='word_1_45' title='bbox 997 345 1079 380; x_wconf 84' lang='lat' dir='ltr'><strong>Quae</strong></span> <span class='ocrx_word' id='word_1_46' title='bbox 1100 346 1175 375; x_wconf 87' lang='lat' dir='ltr'>ratio</span> <span class='ocrx_word' id='word_1_47' title='bbox 1196 348 1281 376; x_wconf 88' lang='lat' dir='ltr'>nobis</span> <span class='ocrx_word' id='word_1_48' title='bbox 1305 357 1423 386; x_wconf 88' lang='lat' dir='ltr'>quoque</span> <span class='ocrx_word' id='word_1_49' title='bbox 1446 358 1516 377; x_wconf 88' lang='lat' dir='ltr'>vera</span> <span class='ocrx_word' id='word_1_50' title='bbox 1539 349 1670 378; x_wconf 86' lang='lat' dir='ltr'>videtur.</span> 
     </span>
    </p>
   </div>
   <div class='ocr_carea' id='block_1_3' title="bbox 410 396 2071 485">
    <p class='ocr_par' dir='ltr' id='par_1_3' title="bbox 410 396 2071 485">
     <span class='ocr_line' id='line_1_5' title="bbox 410 396 2071 439; baseline 0.001 -10"><span class='ocrx_word' id='word_1_51' title='bbox 410 400 579 429; x_wconf 79' lang='lat' dir='ltr'><strong><em>Limites.</em></strong></span> <span class='ocrx_word' id='word_1_52' title='bbox 624 397 833 434; x_wconf 82' lang='lat' dir='ltr'>Quaecumque</span> <span class='ocrx_word' id='word_1_53' title='bbox 855 396 885 423; x_wconf 84' lang='lat' dir='ltr'>in</span> <span class='ocrx_word' id='word_1_54' title='bbox 909 405 978 433; x_wconf 75' lang='lat' dir='ltr'>agro</span> <span class='ocrx_word' id='word_1_55' title='bbox 1001 396 1078 424; x_wconf 82' lang='lat' dir='ltr'>facta</span> <span class='ocrx_word' id='word_1_56' title='bbox 1101 403 1171 426; x_wconf 82' lang='lat' dir='ltr'>suut</span> <span class='ocrx_word' id='word_1_57' title='bbox 1192 398 1229 426; x_wconf 90' lang='lat' dir='ltr'>ad</span> <span class='ocrx_word' id='word_1_58' title='bbox 1252 398 1490 427; x_wconf 85' lang='lat' dir='ltr'>observationem</span> <span class='ocrx_word' id='word_1_59' title='bbox 1511 398 1625 429; x_wconf 89' lang='lat' dir='ltr'>finium.</span> <span class='ocrx_word' id='word_1_60' title='bbox 1672 399 1750 437; x_wconf 87' lang='lat' dir='ltr'>Virg.</span> <span class='ocrx_word' id='word_1_61' title='bbox 1774 400 1861 437; x_wconf 85' lang='lat' dir='ltr'>(Aen.</span> <span class='ocrx_word' id='word_1_62' title='bbox 1879 400 1950 438; x_wconf 88' lang='lat' dir='ltr'><strong>XII,</strong></span> <span class='ocrx_word' id='word_1_63' title='bbox 1972 401 2071 439; x_wconf 82' lang='lat'>898.):</span> 
     </span>
     <span class='ocr_line' id='line_1_6' title="bbox 819 446 1603 485; baseline 0.006 -12"><span class='ocrx_word' id='word_1_64' title='bbox 819 446 918 474; x_wconf 81' lang='lat' dir='ltr'>Limes</span> <span class='ocrx_word' id='word_1_65' title='bbox 940 457 1012 485; x_wconf 75' lang='lat' dir='ltr'>agro</span> <span class='ocrx_word' id='word_1_66' title='bbox 1033 448 1145 485; x_wconf 75' lang='lat' dir='ltr'>positus</span> <span class='ocrx_word' id='word_1_67' title='bbox 1167 447 1244 477; x_wconf 75' lang='lat' dir='ltr'>litem</span> <span class='ocrx_word' id='word_1_68' title='bbox 1268 456 1298 476; x_wconf 75' lang='lat' dir='ltr'>ut</span> <span class='ocrx_word' id='word_1_69' title='bbox 1323 447 1494 478; x_wconf 70' lang='lat' dir='ltr'>discerneret</span> <span class='ocrx_word' id='word_1_70' title='bbox 1516 451 1603 478; x_wconf 81' lang='lat' dir='ltr'>arvis.</span> 
     </span>
    </p>
   </div>
   <div class='ocr_carea' id='block_1_4' title="bbox 241 498 2182 1642">
    <p class='ocr_par' dir='ltr' id='par_1_4' title="bbox 242 498 2182 1261">
     <span class='ocr_line' id='line_1_7' title="bbox 249 498 2181 544; baseline -0.004 -10"><span class='ocrx_word' id='word_1_71' title='bbox 249 503 414 544; x_wconf 81' lang='lat' dir='ltr'>Aliquando</span> <span class='ocrx_word' id='word_1_72' title='bbox 439 502 503 529; x_wconf 69' lang='lat' dir='ltr'>viae</span> <span class='ocrx_word' id='word_1_73' title='bbox 526 505 728 534; x_wconf 81' lang='lat' dir='ltr'>transversae,</span> <span class='ocrx_word' id='word_1_74' title='bbox 765 503 797 526; x_wconf 82' lang='lat' dir='ltr'>ut</span> <span class='ocrx_word' id='word_1_75' title='bbox 820 498 1001 525; x_wconf 85' lang='lat' dir='ltr'>decumanus</span> <span class='ocrx_word' id='word_1_76' title='bbox 1024 498 1122 535; x_wconf 83' lang='lat' dir='ltr'>limes,</span> <span class='ocrx_word' id='word_1_77' title='bbox 1162 500 1211 537; x_wconf 83' lang='lat' dir='ltr'>qui</span> <span class='ocrx_word' id='word_1_78' title='bbox 1236 509 1336 536; x_wconf 83' lang='lat' dir='ltr'>agrum</span> <span class='ocrx_word' id='word_1_79' title='bbox 1360 504 1438 527; x_wconf 88' lang='lat' dir='ltr'>secat</span> <span class='ocrx_word' id='word_1_80' title='bbox 1460 499 1496 528; x_wconf 92' lang='lat' dir='ltr'>ab</span> <span class='ocrx_word' id='word_1_81' title='bbox 1519 506 1587 529; x_wconf 85' lang='lat' dir='ltr'>ortu</span> <span class='ocrx_word' id='word_1_82' title='bbox 1610 500 1680 528; x_wconf 91' lang='lat' dir='ltr'>solis</span> <span class='ocrx_word' id='word_1_83' title='bbox 1702 500 1740 528; x_wconf 87' lang='lat' dir='ltr'>ad</span> <span class='ocrx_word' id='word_1_84' title='bbox 1762 510 1910 529; x_wconf 76' lang='lat' dir='ltr'>occasum.</span> <span class='ocrx_word' id='word_1_85' title='bbox 1956 499 2070 538; x_wconf 80' lang='lat' dir='ltr'>Cardo,</span> <span class='ocrx_word' id='word_1_86' title='bbox 2099 502 2181 532; x_wconf 75' lang='lat' dir='ltr'>limes</span> 
     </span>
     <span class='ocr_line' id='line_1_8' title="bbox 247 540 2182 587; baseline 0.005 -20"><span class='ocrx_word' id='word_1_87' title='bbox 247 549 297 587; x_wconf 84' lang='lat' dir='ltr'>qui</span> <span class='ocrx_word' id='word_1_88' title='bbox 319 557 372 585; x_wconf 76' lang='lat' dir='ltr'>per</span> <span class='ocrx_word' id='word_1_89' title='bbox 396 555 481 582; x_wconf 77' lang='lat' dir='ltr'>agros</span> <span class='ocrx_word' id='word_1_90' title='bbox 504 543 596 571; x_wconf 88' lang='lat' dir='ltr'>currit</span> <span class='ocrx_word' id='word_1_91' title='bbox 620 553 635 570; x_wconf 91' lang='lat' dir='ltr'>a</span> <span class='ocrx_word' id='word_1_92' title='bbox 658 540 779 570; x_wconf 87' lang='lat' dir='ltr'>meridie</span> <span class='ocrx_word' id='word_1_93' title='bbox 802 540 838 568; x_wconf 90' lang='lat' dir='ltr'>ad</span> <span class='ocrx_word' id='word_1_94' title='bbox 861 540 1100 579; x_wconf 79' lang='lat' dir='ltr'>septentrionem.</span> <span class='ocrx_word' id='word_1_95' title='bbox 1144 542 1273 570; x_wconf 86' lang='lat' dir='ltr'>Sumitur</span> <span class='ocrx_word' id='word_1_96' title='bbox 1296 541 1380 570; x_wconf 77' lang='lat' dir='ltr'>etiam</span> <span class='ocrx_word' id='word_1_97' title='bbox 1406 541 1485 571; x_wconf 87' lang='lat' dir='ltr'>limes</span> <span class='ocrx_word' id='word_1_98' title='bbox 1508 553 1562 581; x_wconf 89' lang='lat' dir='ltr'>pro</span> <span class='ocrx_word' id='word_1_99' title='bbox 1586 543 1692 581; x_wconf 79' lang='lat' dir='ltr'>quavis</span> <span class='ocrx_word' id='word_1_100' title='bbox 1714 542 1770 571; x_wconf 88' lang='lat' dir='ltr'>alia</span> <span class='ocrx_word' id='word_1_101' title='bbox 1793 543 1849 571; x_wconf 85' lang='lat' dir='ltr'>via.</span> <span class='ocrx_word' id='word_1_102' title='bbox 1882 543 1961 581; x_wconf 87' lang='lat' dir='ltr'>Virg.</span> <span class='ocrx_word' id='word_1_103' title='bbox 1984 544 2057 581; x_wconf 83' lang='lat' dir='ltr'>(IX,</span> <span class='ocrx_word' id='word_1_104' title='bbox 2083 546 2182 582; x_wconf 79' lang='lat'>324.):</span> 
     </span>
     <span class='ocr_line' id='line_1_9' title="bbox 247 581 2182 623; baseline -0.003 -4"><span class='ocrx_word' id='word_1_105' title='bbox 247 591 326 620; x_wconf 74' lang='lat' dir='ltr'>Lato</span> <span class='ocrx_word' id='word_1_106' title='bbox 349 596 375 616; x_wconf 71' lang='lat' dir='ltr'>te</span> <span class='ocrx_word' id='word_1_107' title='bbox 397 586 488 616; x_wconf 71' lang='lat' dir='ltr'>limite</span> <span class='ocrx_word' id='word_1_108' title='bbox 511 584 624 614; x_wconf 82' lang='lat' dir='ltr'>ducam.</span> <span class='ocrx_word' id='word_1_109' title='bbox 647 584 735 612; x_wconf 75' lang='lat' dir='ltr'>Dae.</span> <span class='ocrx_word' id='word_1_110' title='bbox 767 581 801 611; x_wconf 83' lang='lat' dir='ltr'>In</span> <span class='ocrx_word' id='word_1_111' title='bbox 822 584 909 621; x_wconf 74' lang='lat' dir='ltr'>agris.</span> <span class='ocrx_word' id='word_1_112' title='bbox 940 583 1015 611; x_wconf 84' lang='lat' dir='ltr'>Sunt</span> <span class='ocrx_word' id='word_1_113' title='bbox 1038 583 1125 612; x_wconf 85' lang='lat' dir='ltr'>etiam</span> <span class='ocrx_word' id='word_1_114' title='bbox 1145 584 1338 623; x_wconf 89' lang='lat' dir='ltr'>imperiorum</span> <span class='ocrx_word' id='word_1_115' title='bbox 1360 584 1469 613; x_wconf 86' lang='lat' dir='ltr'>limites</span> <span class='ocrx_word' id='word_1_116' title='bbox 1491 585 1510 614; x_wconf 95' lang='lat' dir='ltr'>l.</span> <span class='ocrx_word' id='word_1_117' title='bbox 1524 587 1553 616; x_wconf 88' lang='lat'>5.</span> <span class='ocrx_word' id='word_1_118' title='bbox 1575 585 1644 614; x_wconf 84' lang='lat' dir='ltr'>cod.</span> <span class='ocrx_word' id='word_1_119' title='bbox 1668 585 1705 613; x_wconf 79' lang='lat' dir='ltr'>de</span> <span class='ocrx_word' id='word_1_120' title='bbox 1727 586 1865 622; x_wconf 72' lang='lat' dir='ltr'>annoni33</span> <span class='ocrx_word' id='word_1_121' title='bbox 1890 595 1942 614; x_wconf 83' lang='lat' dir='ltr'>seu</span> <span class='ocrx_word' id='word_1_122' title='bbox 1963 586 2080 620; x_wconf 84' lang='lat' dir='ltr'>limiua3</span> <span class='ocrx_word' id='word_1_123' title='bbox 2104 586 2182 616; x_wconf 81' lang='lat' dir='ltr'>unde</span> 
     </span>
     <span class='ocr_line' id='line_1_10' title="bbox 246 625 2181 673; baseline -0.005 -10"><span class='ocrx_word' id='word_1_124' title='bbox 246 630 458 673; x_wconf 76' lang='lat' dir='ltr'>postliminium</span> <span class='ocrx_word' id='word_1_125' title='bbox 488 628 601 656; x_wconf 75' lang='lat' dir='ltr'>dictum</span> <span class='ocrx_word' id='word_1_126' title='bbox 624 628 646 664; x_wconf 85' lang='lat'>§-</span> <span class='ocrx_word' id='word_1_127' title='bbox 660 627 689 657; x_wconf 89' lang='lat'>5.</span> <span class='ocrx_word' id='word_1_128' title='bbox 713 626 779 654; x_wconf 84' lang='lat' dir='ltr'>lust.</span> <span class='ocrx_word' id='word_1_129' title='bbox 804 625 910 663; x_wconf 84' lang='lat' dir='ltr'>quibus</span> <span class='ocrx_word' id='word_1_130' title='bbox 941 626 1035 653; x_wconf 82' lang='lat' dir='ltr'>modis</span> <span class='ocrx_word' id='word_1_131' title='bbox 1062 626 1109 654; x_wconf 83' lang='lat' dir='ltr'>ius</span> <span class='ocrx_word' id='word_1_132' title='bbox 1138 628 1248 665; x_wconf 77' lang='lat' dir='ltr'>patriae</span> <span class='ocrx_word' id='word_1_133' title='bbox 1279 627 1441 665; x_wconf 85' lang='lat' dir='ltr'>potestatis.</span> <span class='ocrx_word' id='word_1_134' title='bbox 1470 626 1574 657; x_wconf 77' lang='lat' dir='ltr'>Goth.</span> <span class='ocrx_word' id='word_1_135' title='bbox 1617 628 1754 657; x_wconf 82' lang='lat' dir='ltr'>Termini.</span> <span class='ocrx_word' id='word_1_136' title='bbox 1793 629 1856 656; x_wconf 85' lang='lat' dir='ltr'>Duo</span> <span class='ocrx_word' id='word_1_137' title='bbox 1885 628 2037 667; x_wconf 80' lang='lat' dir='ltr'>praecipui</span> <span class='ocrx_word' id='word_1_138' title='bbox 2059 629 2181 658; x_wconf 75' lang='lat' dir='ltr'>limites:</span> 
     </span>
     <span class='ocr_line' id='line_1_11' title="bbox 248 667 2181 710; baseline -0.003 -5"><span class='ocrx_word' id='word_1_139' title='bbox 248 673 345 706; x_wconf 77' lang='lat' dir='ltr'>Cardo</span> <span class='ocrx_word' id='word_1_140' title='bbox 369 684 383 701; x_wconf 83' lang='lat' dir='ltr'>a</span> <span class='ocrx_word' id='word_1_141' title='bbox 405 671 606 710; x_wconf 77' lang='lat' dir='ltr'>septentrione</span> <span class='ocrx_word' id='word_1_142' title='bbox 628 670 658 697; x_wconf 89' lang='lat' dir='ltr'>in</span> <span class='ocrx_word' id='word_1_143' title='bbox 682 668 848 700; x_wconf 63' lang='lat' dir='ltr'>meridiem</span> <span class='ocrx_word' id='word_1_144' title='bbox 872 667 1057 696; x_wconf 76' lang='lat' dir='ltr'>Decumanus</span> <span class='ocrx_word' id='word_1_145' title='bbox 1073 669 1108 696; x_wconf 93' lang='lat' dir='ltr'>ab</span> <span class='ocrx_word' id='word_1_146' title='bbox 1132 670 1243 697; x_wconf 84' lang='lat' dir='ltr'>oriente</span> <span class='ocrx_word' id='word_1_147' title='bbox 1264 669 1294 696; x_wconf 90' lang='lat' dir='ltr'>in</span> <span class='ocrx_word' id='word_1_148' title='bbox 1317 669 1500 697; x_wconf 81' lang='lat' dir='ltr'>occidentem</span> <span class='ocrx_word' id='word_1_149' title='bbox 1522 680 1576 708; x_wconf 87' lang='lat' dir='ltr'>per</span> <span class='ocrx_word' id='word_1_150' title='bbox 1598 675 1798 699; x_wconf 86' lang='lat' dir='ltr'>transversum</span> <span class='ocrx_word' id='word_1_151' title='bbox 1822 671 1984 707; x_wconf 87' lang='lat' dir='ltr'>directum,</span> <span class='ocrx_word' id='word_1_152' title='bbox 2006 676 2040 700; x_wconf 88' lang='lat' dir='ltr'>ut</span> <span class='ocrx_word' id='word_1_153' title='bbox 2056 672 2181 700; x_wconf 83' lang='lat' dir='ltr'>sormam</span> 
     </span>
     <span class='ocr_line' id='line_1_12' title="bbox 247 710 2181 751; baseline -0.001 -7"><span class='ocrx_word' id='word_1_154' title='bbox 247 716 359 747; x_wconf 85' lang='lat' dir='ltr'>denarii</span> <span class='ocrx_word' id='word_1_155' title='bbox 383 716 509 750; x_wconf 67' lang='lat' dir='ltr'>faceret,</span> <span class='ocrx_word' id='word_1_156' title='bbox 541 723 569 740; x_wconf 78' lang='lat' dir='ltr'>v.</span> <span class='ocrx_word' id='word_1_157' title='bbox 595 712 667 739; x_wconf 87' lang='lat' dir='ltr'>Plin.</span> <span class='ocrx_word' id='word_1_158' title='bbox 685 711 798 745; x_wconf 79' lang='lat' dir='ltr'>XVIII,</span> <span class='ocrx_word' id='word_1_159' title='bbox 822 712 871 741; x_wconf 82' lang='lat'>33.</span> <span class='ocrx_word' id='word_1_160' title='bbox 895 710 1002 738; x_wconf 77' lang='lat' dir='ltr'>Isidor.</span> <span class='ocrx_word' id='word_1_161' title='bbox 1019 710 1089 747; x_wconf 90' lang='lat' dir='ltr'>XV,</span> <span class='ocrx_word' id='word_1_162' title='bbox 1114 714 1163 742; x_wconf 76' lang='lat'>14.</span> <span class='ocrx_word' id='word_1_163' title='bbox 1197 711 1229 741; x_wconf 88' lang='lat' dir='ltr'>V.</span> <span class='ocrx_word' id='word_1_164' title='bbox 1255 712 1385 740; x_wconf 86' lang='lat' dir='ltr'>Siculum</span> <span class='ocrx_word' id='word_1_165' title='bbox 1408 712 1545 740; x_wconf 84' lang='lat' dir='ltr'>Flaccum</span> <span class='ocrx_word' id='word_1_166' title='bbox 1571 718 1597 741; x_wconf 88' lang='lat' dir='ltr'>et</span> <span class='ocrx_word' id='word_1_167' title='bbox 1619 713 1775 751; x_wconf 80' lang='lat' dir='ltr'>Hyginum.</span> <span class='ocrx_word' id='word_1_168' title='bbox 1800 711 1910 742; x_wconf 80' lang='lat' dir='ltr'>Idem.</span> <span class='ocrx_word' id='word_1_169' title='bbox 1955 713 2008 742; x_wconf 91' lang='lat' dir='ltr'>Vv.</span> <span class='ocrx_word' id='word_1_170' title='bbox 2031 714 2131 742; x_wconf 83' lang='lat' dir='ltr'>Limes</span> <span class='ocrx_word' id='word_1_171' title='bbox 2152 719 2181 742; x_wconf 86' lang='lat' dir='ltr'>et</span> 
     </span>
     <span class='ocr_line' id='line_1_13' title="bbox 246 751 2180 793; baseline -0.003 -4"><span class='ocrx_word' id='word_1_172' title='bbox 246 761 332 790; x_wconf 86' lang='lat' dir='ltr'>limen</span> <span class='ocrx_word' id='word_1_173' title='bbox 356 755 541 786; x_wconf 82' lang='lat' dir='ltr'>descendunt</span> <span class='ocrx_word' id='word_1_174' title='bbox 564 765 579 782; x_wconf 89' lang='lat' dir='ltr'>a</span> <span class='ocrx_word' id='word_1_175' title='bbox 603 755 751 782; x_wconf 85' lang='lat' dir='ltr'>Sanscrita</span> <span class='ocrx_word' id='word_1_176' title='bbox 774 753 874 781; x_wconf 84' lang='lat' dir='ltr'>radice</span> <span class='ocrx_word' id='word_1_177' title='bbox 897 751 977 787; x_wconf 72' lang='lat' dir='ltr'>likh,</span> <span class='ocrx_word' id='word_1_178' title='bbox 1009 763 1084 790; x_wconf 89' lang='lat' dir='ltr'>quae</span> <span class='ocrx_word' id='word_1_179' title='bbox 1108 753 1250 790; x_wconf 86' lang='lat' dir='ltr'>scribere,</span> <span class='ocrx_word' id='word_1_180' title='bbox 1285 754 1450 790; x_wconf 72' lang='lat' dir='ltr'>delineare,</span> <span class='ocrx_word' id='word_1_181' title='bbox 1481 755 1640 793; x_wconf 79' lang='lat' dir='ltr'>significat,</span> <span class='ocrx_word' id='word_1_182' title='bbox 1671 755 1750 783; x_wconf 87' lang='lat' dir='ltr'>unde</span> <span class='ocrx_word' id='word_1_183' title='bbox 1773 754 1850 783; x_wconf 82' lang='lat' dir='ltr'>linea</span> <span class='ocrx_word' id='word_1_184' title='bbox 1874 765 1992 793; x_wconf 88' lang='lat' dir='ltr'>quoque</span> <span class='ocrx_word' id='word_1_185' title='bbox 2014 755 2180 786; x_wconf 75' lang='lat' dir='ltr'>deducitur.</span> 
     </span>
     <span class='ocr_line' id='line_1_14' title="bbox 247 794 2181 838; baseline -0.002 -9"><span class='ocrx_word' id='word_1_186' title='bbox 247 798 500 838; x_wconf 82' lang='lat' dir='ltr'>Quemadmodum</span> <span class='ocrx_word' id='word_1_187' title='bbox 526 797 601 826; x_wconf 79' lang='lat' dir='ltr'>enim</span> <span class='ocrx_word' id='word_1_188' title='bbox 626 808 639 824; x_wconf 86' lang='lat' dir='ltr'>a</span> <span class='ocrx_word' id='word_1_189' title='bbox 663 796 763 824; x_wconf 82' lang='lat' dir='ltr'>radice</span> <span class='ocrx_word' id='word_1_190' title='bbox 786 796 836 834; x_wconf 78' lang='lat' dir='ltr'>ing</span> <span class='ocrx_word' id='word_1_191' title='bbox 858 794 890 822; x_wconf 84' lang='lat' dir='ltr'>fit</span> <span class='ocrx_word' id='word_1_192' title='bbox 912 796 1085 831; x_wconf 79' lang='lat' dir='ltr'>iumentum,</span> <span class='ocrx_word' id='word_1_193' title='bbox 1120 807 1133 823; x_wconf 88' lang='lat' dir='ltr'>a</span> <span class='ocrx_word' id='word_1_194' title='bbox 1159 796 1221 824; x_wconf 79' lang='lat' dir='ltr'>rad.</span> <span class='ocrx_word' id='word_1_195' title='bbox 1244 808 1290 825; x_wconf 80' lang='lat' dir='ltr'>sec</span> <span class='ocrx_word' id='word_1_196' title='bbox 1312 798 1447 833; x_wconf 89' lang='lat' dir='ltr'>(secare)</span> <span class='ocrx_word' id='word_1_197' title='bbox 1471 797 1503 825; x_wconf 86' lang='lat' dir='ltr'>fit</span> <span class='ocrx_word' id='word_1_198' title='bbox 1525 799 1643 834; x_wconf 73' lang='lat' dir='ltr'>semim,</span> <span class='ocrx_word' id='word_1_199' title='bbox 1677 808 1692 825; x_wconf 88' lang='lat' dir='ltr'>a</span> <span class='ocrx_word' id='word_1_200' title='bbox 1715 798 1776 826; x_wconf 85' lang='lat' dir='ltr'>rad.</span> <span class='ocrx_word' id='word_1_201' title='bbox 1801 796 1849 826; x_wconf 82' lang='lat' dir='ltr'>lac</span> <span class='ocrx_word' id='word_1_202' title='bbox 1873 799 1982 834; x_wconf 76' lang='lat' dir='ltr'>(lamo,</span> <span class='ocrx_word' id='word_1_203' title='bbox 2012 798 2127 835; x_wconf 83' lang='lat' dir='ltr'>lacero)</span> <span class='ocrx_word' id='word_1_204' title='bbox 2149 798 2181 826; x_wconf 86' lang='lat' dir='ltr'>fit</span> 
     </span>
     <span class='ocr_line' id='line_1_15' title="bbox 245 836 2180 878; baseline -0.003 -5"><span class='ocrx_word' id='word_1_205' title='bbox 245 845 357 878; x_wconf 74' lang='lat' dir='ltr'>lanius,</span> <span class='ocrx_word' id='word_1_206' title='bbox 380 840 508 877; x_wconf 74' lang='lat' dir='ltr'>laniare,</span> <span class='ocrx_word' id='word_1_207' title='bbox 532 851 547 868; x_wconf 90' lang='lat' dir='ltr'>a</span> <span class='ocrx_word' id='word_1_208' title='bbox 570 839 631 868; x_wconf 88' lang='lat' dir='ltr'>rad.</span> <span class='ocrx_word' id='word_1_209' title='bbox 655 837 697 877; x_wconf 78' lang='lat' dir='ltr'>lig</span> <span class='ocrx_word' id='word_1_210' title='bbox 718 840 838 876; x_wconf 80' lang='lat' dir='ltr'>(ligare)</span> <span class='ocrx_word' id='word_1_211' title='bbox 861 837 893 865; x_wconf 88' lang='lat' dir='ltr'>fit</span> <span class='ocrx_word' id='word_1_212' title='bbox 915 836 1001 865; x_wconf 73' lang='lat' dir='ltr'>limus</span> <span class='ocrx_word' id='word_1_213' title='bbox 1023 838 1217 876; x_wconf 76' lang='lat' dir='ltr'>(cingulum),</span> <span class='ocrx_word' id='word_1_214' title='bbox 1241 840 1283 866; x_wconf 88' lang='lat' dir='ltr'>sic</span> <span class='ocrx_word' id='word_1_215' title='bbox 1306 839 1392 877; x_wconf 86' lang='lat' dir='ltr'>plane</span> <span class='ocrx_word' id='word_1_216' title='bbox 1415 849 1431 867; x_wconf 84' lang='lat' dir='ltr'>a</span> <span class='ocrx_word' id='word_1_217' title='bbox 1454 840 1555 868; x_wconf 85' lang='lat' dir='ltr'>radice</span> <span class='ocrx_word' id='word_1_218' title='bbox 1579 838 1625 868; x_wconf 80' lang='grc' dir='ltr'>ἷῖο</span> <span class='ocrx_word' id='word_1_219' title='bbox 1648 845 1712 868; x_wconf 89' lang='lat' dir='ltr'>orta</span> <span class='ocrx_word' id='word_1_220' title='bbox 1735 845 1805 868; x_wconf 87' lang='lat' dir='ltr'>sunt</span> <span class='ocrx_word' id='word_1_221' title='bbox 1828 838 1937 876; x_wconf 73' lang='lat' dir='ltr'>limen,</span> <span class='ocrx_word' id='word_1_222' title='bbox 1961 839 2063 875; x_wconf 81' lang='lat' dir='ltr'>limes,</span> <span class='ocrx_word' id='word_1_223' title='bbox 2087 839 2180 871; x_wconf 79' lang='grc' dir='ltr'><strong><em>Ζῖηεα.</em></strong></span> 
     </span>
     <span class='ocr_line' id='line_1_16' title="bbox 244 879 2181 921; baseline -0.003 -6"><span class='ocrx_word' id='word_1_224' title='bbox 244 886 349 915; x_wconf 82' lang='lat' dir='ltr'>Limus</span> <span class='ocrx_word' id='word_1_225' title='bbox 377 894 447 912; x_wconf 78' lang='lat' dir='ltr'>vero</span> <span class='ocrx_word' id='word_1_226' title='bbox 480 883 552 919; x_wconf 88' lang='lat' dir='ltr'>(luti</span> <span class='ocrx_word' id='word_1_227' title='bbox 584 884 691 920; x_wconf 77' lang='lat' dir='ltr'>genus)</span> <span class='ocrx_word' id='word_1_228' title='bbox 724 885 803 909; x_wconf 83' lang='lat' dir='ltr'>recte</span> <span class='ocrx_word' id='word_1_229' title='bbox 832 891 847 908; x_wconf 88' lang='lat' dir='ltr'>a</span> <span class='ocrx_word' id='word_1_230' title='bbox 878 879 1054 909; x_wconf 81' lang='lat' dir='ltr'>Doederlino</span> <span class='ocrx_word' id='word_1_231' title='bbox 1084 883 1153 919; x_wconf 72' lang='lat' dir='ltr'>Syn.</span> <span class='ocrx_word' id='word_1_232' title='bbox 1185 882 1242 908; x_wconf 80' lang='lat' dir='ltr'>Lat.</span> <span class='ocrx_word' id='word_1_233' title='bbox 1256 881 1299 918; x_wconf 91' lang='lat'>11,</span> <span class='ocrx_word' id='word_1_234' title='bbox 1338 892 1373 909; x_wconf 81' lang='lat' dir='ltr'>ex</span> <span class='ocrx_word' id='word_1_235' title='bbox 1402 881 1502 911; x_wconf 86' lang='lat' dir='ltr'>radice</span> <span class='ocrx_word' id='word_1_236' title='bbox 1530 881 1591 911; x_wconf 85' lang='lat' dir='ltr'>lino</span> <span class='ocrx_word' id='word_1_237' title='bbox 1619 892 1782 921; x_wconf 79' lang='lat' dir='ltr'>procusum</span> <span class='ocrx_word' id='word_1_238' title='bbox 1811 892 1872 910; x_wconf 85' lang='lat' dir='ltr'>esse</span> <span class='ocrx_word' id='word_1_239' title='bbox 1902 883 2087 918; x_wconf 84' lang='lat' dir='ltr'>ostenditur,</span> <span class='ocrx_word' id='word_1_240' title='bbox 2124 883 2181 911; x_wconf 88' lang='lat' dir='ltr'>nisi</span> 
     </span>
     <span class='ocr_line' id='line_1_17' title="bbox 245 921 2182 967; baseline 0 -14"><span class='ocrx_word' id='word_1_241' title='bbox 245 928 325 967; x_wconf 84' lang='lat' dir='ltr'>quod</span> <span class='ocrx_word' id='word_1_242' title='bbox 347 927 472 966; x_wconf 82' lang='lat' dir='ltr'>propius</span> <span class='ocrx_word' id='word_1_243' title='bbox 496 937 510 952; x_wconf 80' lang='lat' dir='ltr'>a</span> <span class='ocrx_word' id='word_1_244' title='bbox 533 926 597 954; x_wconf 84' lang='lat' dir='ltr'>rad.</span> <span class='ocrx_word' id='word_1_245' title='bbox 615 923 763 952; x_wconf 76' lang='lat' dir='ltr'>Saliscrita</span> <span class='ocrx_word' id='word_1_246' title='bbox 787 921 833 962; x_wconf 85' lang='grc' dir='ltr'>Ζῖρ</span> <span class='ocrx_word' id='word_1_247' title='bbox 857 922 1033 951; x_wconf 83' lang='lat' dir='ltr'>descendere</span> <span class='ocrx_word' id='word_1_248' title='bbox 1055 923 1189 958; x_wconf 87' lang='lat' dir='ltr'>videtur,</span> <span class='ocrx_word' id='word_1_249' title='bbox 1213 934 1287 961; x_wconf 86' lang='lat' dir='ltr'>quae</span> <span class='ocrx_word' id='word_1_250' title='bbox 1311 923 1456 961; x_wconf 75' lang='lat' dir='ltr'>significat</span> <span class='ocrx_word' id='word_1_251' title='bbox 1479 923 1614 953; x_wconf 81' lang='lat' dir='ltr'>oblinere.</span> <span class='ocrx_word' id='word_1_252' title='bbox 1646 925 1689 952; x_wconf 88' lang='lat' dir='ltr'>Ex</span> <span class='ocrx_word' id='word_1_253' title='bbox 1712 924 1770 953; x_wconf 92' lang='lat' dir='ltr'>hoc</span> <span class='ocrx_word' id='word_1_254' title='bbox 1794 925 1869 953; x_wconf 87' lang='lat' dir='ltr'>enim</span> <span class='ocrx_word' id='word_1_255' title='bbox 1894 925 1975 953; x_wconf 85' lang='lat' dir='ltr'>fonte</span> <span class='ocrx_word' id='word_1_256' title='bbox 1999 925 2182 953; x_wconf 86' lang='lat' dir='ltr'>descendunt</span> 
     </span>
     <span class='ocr_line' id='line_1_18' title="bbox 245 962 2180 1008; baseline -0.001 -10"><span class='ocrx_word' id='word_1_257' title='bbox 245 972 426 999; x_wconf 85' lang='lat' dir='ltr'>Graecorum</span> <span class='ocrx_word' id='word_1_258' title='bbox 451 970 536 1003; x_wconf 74' lang='grc' dir='ltr'><em>λίπα,</em></span> <span class='ocrx_word' id='word_1_259' title='bbox 562 965 703 1005; x_wconf 78' lang='grc' dir='ltr'><em>λιπαρός,</em></span> <span class='ocrx_word' id='word_1_260' title='bbox 728 963 858 1003; x_wconf 63' lang='grc' dir='ltr'><em>ἆλέίφω,</em></span> <span class='ocrx_word' id='word_1_261' title='bbox 881 962 1009 1001; x_wconf 57' lang='lat' dir='ltr'>tinnitu»,</span> <span class='ocrx_word' id='word_1_262' title='bbox 1033 967 1176 1002; x_wconf 81' lang='grc' dir='ltr'><em>λιπαίνω,</em></span> <span class='ocrx_word' id='word_1_263' title='bbox 1203 968 1418 994; x_wconf 80' lang='lat' dir='ltr'>Germanorum</span> <span class='ocrx_word' id='word_1_264' title='bbox 1441 966 1524 1003; x_wconf 78' lang='lat' dir='ltr'>leim,</span> <span class='ocrx_word' id='word_1_265' title='bbox 1548 965 1638 1003; x_wconf 77' lang='lat' dir='ltr'>lehm,</span> <span class='ocrx_word' id='word_1_266' title='bbox 1665 967 1749 1005; x_wconf 79' lang='lat' dir='ltr'>Angl.</span> <span class='ocrx_word' id='word_1_267' title='bbox 1770 966 1854 1003; x_wconf 83' lang='lat' dir='ltr'>lime,</span> <span class='ocrx_word' id='word_1_268' title='bbox 1878 968 1980 998; x_wconf 79' lang='lat' dir='ltr'>Batav.</span> <span class='ocrx_word' id='word_1_269' title='bbox 2005 966 2078 1008; x_wconf 54' lang='lat' dir='ltr'>Zym,</span> <span class='ocrx_word' id='word_1_270' title='bbox 2101 966 2180 1004; x_wconf 83' lang='lat' dir='ltr'>leem,</span> 
     </span>
     <span class='ocr_line' id='line_1_19' title="bbox 246 1006 2181 1046; baseline -0.002 -5"><span class='ocrx_word' id='word_1_271' title='bbox 246 1013 412 1041; x_wconf 74' lang='lat' dir='ltr'>Latinorum</span> <span class='ocrx_word' id='word_1_272' title='bbox 437 1009 538 1046; x_wconf 77' lang='lat' dir='ltr'>linere,</span> <span class='ocrx_word' id='word_1_273' title='bbox 563 1009 664 1045; x_wconf 83' lang='lat' dir='ltr'>limus,</span> <span class='ocrx_word' id='word_1_274' title='bbox 689 1007 776 1042; x_wconf 83' lang='lat' dir='ltr'>lima,</span> <span class='ocrx_word' id='word_1_275' title='bbox 801 1007 918 1043; x_wconf 81' lang='lat' dir='ltr'>limare,</span> <span class='ocrx_word' id='word_1_276' title='bbox 941 1006 1055 1043; x_wconf 77' lang='lat' dir='ltr'>limax,</span> <span class='ocrx_word' id='word_1_277' title='bbox 1082 1009 1161 1046; x_wconf 91' lang='lat' dir='ltr'>quod</span> <span class='ocrx_word' id='word_1_278' title='bbox 1187 1014 1366 1046; x_wconf 85' lang='lat' dir='ltr'>postremum</span> <span class='ocrx_word' id='word_1_279' title='bbox 1392 1009 1458 1038; x_wconf 86' lang='lat' dir='ltr'>vide</span> <span class='ocrx_word' id='word_1_280' title='bbox 1480 1011 1557 1037; x_wconf 83' lang='lat' dir='ltr'>infra</span> <span class='ocrx_word' id='word_1_281' title='bbox 1580 1009 1609 1037; x_wconf 90' lang='lat' dir='ltr'>in</span> <span class='ocrx_word' id='word_1_282' title='bbox 1633 1019 1660 1037; x_wconf 78' lang='lat' dir='ltr'>v,</span> <span class='ocrx_word' id='word_1_283' title='bbox 1681 1009 1827 1039; x_wconf 85' lang='lat' dir='ltr'>Limaces.</span> <span class='ocrx_word' id='word_1_284' title='bbox 1873 1010 1916 1038; x_wconf 85' lang='lat' dir='ltr'>Ab</span> <span class='ocrx_word' id='word_1_285' title='bbox 1940 1010 1993 1038; x_wconf 83' lang='lat' dir='ltr'>ista</span> <span class='ocrx_word' id='word_1_286' title='bbox 2016 1015 2112 1038; x_wconf 87' lang='lat' dir='ltr'>autem</span> <span class='ocrx_word' id='word_1_287' title='bbox 2134 1019 2181 1038; x_wconf 85' lang='lat' dir='ltr'>ra-</span> 
     </span>
     <span class='ocr_line' id='line_1_20' title="bbox 244 1049 2181 1091; baseline -0.002 -7"><span class='ocrx_word' id='word_1_288' title='bbox 244 1057 309 1084; x_wconf 84' lang='lat' dir='ltr'>dice</span> <span class='ocrx_word' id='word_1_289' title='bbox 332 1053 407 1089; x_wconf 66' lang='grc' dir='ltr'><em>ΖίῙτῘι,</em></span> <span class='ocrx_word' id='word_1_290' title='bbox 435 1063 509 1091; x_wconf 82' lang='lat' dir='ltr'>quae</span> <span class='ocrx_word' id='word_1_291' title='bbox 532 1052 619 1081; x_wconf 85' lang='lat' dir='ltr'>etiam</span> <span class='ocrx_word' id='word_1_292' title='bbox 644 1050 685 1090; x_wconf 72' lang='lat' dir='ltr'>lig</span> <span class='ocrx_word' id='word_1_293' title='bbox 707 1056 807 1086; x_wconf 72' lang='lat' dir='ltr'>sonat,</span> <span class='ocrx_word' id='word_1_294' title='bbox 839 1050 992 1078; x_wconf 86' lang='lat' dir='ltr'>descendit</span> <span class='ocrx_word' id='word_1_295' title='bbox 1016 1051 1205 1089; x_wconf 83' lang='lat' dir='ltr'>participium</span> <span class='ocrx_word' id='word_1_296' title='bbox 1228 1049 1346 1080; x_wconf 75' lang='lat' dir='ltr'>likhitas</span> <span class='ocrx_word' id='word_1_297' title='bbox 1369 1056 1396 1079; x_wconf 89' lang='lat' dir='ltr'>et</span> <span class='ocrx_word' id='word_1_298' title='bbox 1419 1050 1555 1091; x_wconf 69' lang='lat' dir='ltr'>lingims,</span> <span class='ocrx_word' id='word_1_299' title='bbox 1588 1052 1664 1080; x_wconf 90' lang='lat' dir='ltr'>unde</span> <span class='ocrx_word' id='word_1_300' title='bbox 1688 1057 1751 1080; x_wconf 86' lang='lat' dir='ltr'>orta</span> <span class='ocrx_word' id='word_1_301' title='bbox 1774 1052 1947 1080; x_wconf 85' lang='lat' dir='ltr'>Latinorum</span> <span class='ocrx_word' id='word_1_302' title='bbox 1970 1051 2051 1080; x_wconf 77' lang='lat' dir='ltr'>linus</span> <span class='ocrx_word' id='word_1_303' title='bbox 2073 1052 2181 1089; x_wconf 85' lang='lat' dir='ltr'>(veluti</span> 
     </span>
     <span class='ocr_line' id='line_1_21' title="bbox 243 1092 2180 1132; baseline -0.002 -5"><span class='ocrx_word' id='word_1_304' title='bbox 243 1098 345 1131; x_wconf 77' lang='lat' dir='ltr'>licius)</span> <span class='ocrx_word' id='word_1_305' title='bbox 368 1101 397 1124; x_wconf 81' lang='lat' dir='ltr'>et</span> <span class='ocrx_word' id='word_1_306' title='bbox 420 1094 532 1131; x_wconf 77' lang='lat' dir='ltr'>littera,</span> <span class='ocrx_word' id='word_1_307' title='bbox 555 1095 586 1123; x_wconf 84' lang='lat' dir='ltr'>id</span> <span class='ocrx_word' id='word_1_308' title='bbox 610 1093 690 1132; x_wconf 81' lang='lat' dir='ltr'>quod</span> <span class='ocrx_word' id='word_1_309' title='bbox 713 1093 798 1131; x_wconf 80' lang='lat' dir='ltr'>longe</span> <span class='ocrx_word' id='word_1_310' title='bbox 822 1098 865 1121; x_wconf 84' lang='lat' dir='ltr'>est</span> <span class='ocrx_word' id='word_1_311' title='bbox 887 1092 1087 1131; x_wconf 77' lang='lat' dir='ltr'>probabiliusy</span> <span class='ocrx_word' id='word_1_312' title='bbox 1110 1103 1197 1132; x_wconf 88' lang='lat' dir='ltr'>quam</span> <span class='ocrx_word' id='word_1_313' title='bbox 1221 1094 1384 1122; x_wconf 85' lang='lat' dir='ltr'>communis</span> <span class='ocrx_word' id='word_1_314' title='bbox 1407 1094 1455 1121; x_wconf 92' lang='lat' dir='ltr'>illa</span> <span class='ocrx_word' id='word_1_315' title='bbox 1480 1094 1597 1132; x_wconf 88' lang='lat' dir='ltr'>opinio,</span> <span class='ocrx_word' id='word_1_316' title='bbox 1619 1104 1693 1132; x_wconf 89' lang='lat' dir='ltr'>quae</span> <span class='ocrx_word' id='word_1_317' title='bbox 1715 1093 1797 1123; x_wconf 77' lang='lat' dir='ltr'>littus</span> <span class='ocrx_word' id='word_1_318' title='bbox 1819 1105 1836 1123; x_wconf 80' lang='lat' dir='ltr'>a</span> <span class='ocrx_word' id='word_1_319' title='bbox 1857 1093 1933 1131; x_wconf 83' lang='lat' dir='ltr'>lino,</span> <span class='ocrx_word' id='word_1_320' title='bbox 1956 1093 2057 1132; x_wconf 75' lang='lat' dir='ltr'>litum,</span> <span class='ocrx_word' id='word_1_321' title='bbox 2080 1099 2110 1123; x_wconf 87' lang='lat' dir='ltr'>et</span> <span class='ocrx_word' id='word_1_322' title='bbox 2131 1093 2180 1123; x_wconf 78' lang='lat' dir='ltr'>lit-</span> 
     </span>
     <span class='ocr_line' id='line_1_22' title="bbox 243 1135 2180 1177; baseline -0.003 -8"><span class='ocrx_word' id='word_1_323' title='bbox 243 1149 303 1170; x_wconf 74' lang='lat' dir='ltr'>tera</span> <span class='ocrx_word' id='word_1_324' title='bbox 326 1150 341 1167; x_wconf 90' lang='lat' dir='ltr'>a</span> <span class='ocrx_word' id='word_1_325' title='bbox 364 1137 427 1177; x_wconf 78' lang='lat' dir='ltr'>lego</span> <span class='ocrx_word' id='word_1_326' title='bbox 452 1138 631 1166; x_wconf 61' lang='lat' dir='ltr'>descendere</span> <span class='ocrx_word' id='word_1_327' title='bbox 654 1136 742 1164; x_wconf 89' lang='lat' dir='ltr'>iubet.</span> <span class='ocrx_word' id='word_1_328' title='bbox 788 1136 883 1173; x_wconf 82' lang='lat' dir='ltr'>Atque</span> <span class='ocrx_word' id='word_1_329' title='bbox 914 1145 950 1163; x_wconf 80' lang='lat' dir='ltr'>ex</span> <span class='ocrx_word' id='word_1_330' title='bbox 974 1136 1116 1163; x_wconf 84' lang='lat' dir='ltr'>Sanscriti</span> <span class='ocrx_word' id='word_1_331' title='bbox 1146 1137 1288 1164; x_wconf 85' lang='lat' dir='ltr'>sermonis</span> <span class='ocrx_word' id='word_1_332' title='bbox 1317 1137 1430 1174; x_wconf 74' lang='lat' dir='ltr'>legibus</span> <span class='ocrx_word' id='word_1_333' title='bbox 1458 1135 1540 1165; x_wconf 72' lang='lat' dir='ltr'>littus</span> <span class='ocrx_word' id='word_1_334' title='bbox 1562 1136 1634 1164; x_wconf 88' lang='lat' dir='ltr'>nilnl</span> <span class='ocrx_word' id='word_1_335' title='bbox 1659 1137 1740 1165; x_wconf 88' lang='lat' dir='ltr'>aliud</span> <span class='ocrx_word' id='word_1_336' title='bbox 1764 1141 1824 1173; x_wconf 89' lang='lat' dir='ltr'>est,</span> <span class='ocrx_word' id='word_1_337' title='bbox 1858 1137 1915 1165; x_wconf 84' lang='lat' dir='ltr'>nisi</span> <span class='ocrx_word' id='word_1_338' title='bbox 1938 1135 2058 1172; x_wconf 74' lang='lat' dir='ltr'>ductus,</span> <span class='ocrx_word' id='word_1_339' title='bbox 2094 1135 2180 1172; x_wconf 84' lang='lat' dir='ltr'>linea,</span> 
     </span>
     <span class='ocr_line' id='line_1_23' title="bbox 244 1177 2180 1221; baseline -0.002 -11"><span class='ocrx_word' id='word_1_340' title='bbox 244 1182 353 1216; x_wconf 76' lang='lat' dir='ltr'>Saum,</span> <span class='ocrx_word' id='word_1_341' title='bbox 379 1179 488 1221; x_wconf 71' lang='lat' dir='ltr'>Streif,</span> <span class='ocrx_word' id='word_1_342' title='bbox 512 1179 609 1208; x_wconf 77' lang='lat' dir='ltr'>littera</span> <span class='ocrx_word' id='word_1_343' title='bbox 632 1188 701 1207; x_wconf 87' lang='lat' dir='ltr'>vero</span> <span class='ocrx_word' id='word_1_344' title='bbox 725 1177 799 1206; x_wconf 86' lang='lat' dir='ltr'>nihil</span> <span class='ocrx_word' id='word_1_345' title='bbox 823 1177 919 1214; x_wconf 83' lang='lat' dir='ltr'>aliud,</span> <span class='ocrx_word' id='word_1_346' title='bbox 941 1177 996 1206; x_wconf 90' lang='lat' dir='ltr'>nisi</span> <span class='ocrx_word' id='word_1_347' title='bbox 1019 1179 1182 1218; x_wconf 78' lang='lat' dir='ltr'>scriptura,</span> <span class='ocrx_word' id='word_1_348' title='bbox 1204 1179 1338 1218; x_wconf 75' lang='lat' dir='ltr'>pictura,</span> <span class='ocrx_word' id='word_1_349' title='bbox 1363 1179 1456 1207; x_wconf 83' lang='lat' dir='ltr'>lineae</span> <span class='ocrx_word' id='word_1_350' title='bbox 1478 1179 1590 1208; x_wconf 82' lang='lat' dir='ltr'>ductio.</span> <span class='ocrx_word' id='word_1_351' title='bbox 1625 1179 1672 1207; x_wconf 82' lang='lat' dir='ltr'>sie</span> <span class='ocrx_word' id='word_1_352' title='bbox 1696 1179 1930 1208; x_wconf 86' lang='lat' dir='ltr'>commodissime</span> <span class='ocrx_word' id='word_1_353' title='bbox 1952 1179 2052 1208; x_wconf 86' lang='lat' dir='ltr'>nativa</span> <span class='ocrx_word' id='word_1_354' title='bbox 2073 1178 2180 1207; x_wconf 87' lang='lat' dir='ltr'>horum</span> 
     </span>
     <span class='ocr_line' id='line_1_24' title="bbox 242 1222 715 1261; baseline -0.011 -7"><span class='ocrx_word' id='word_1_355' title='bbox 242 1225 403 1254; x_wconf 77' lang='lat' dir='ltr'>verborum</span> <span class='ocrx_word' id='word_1_356' title='bbox 426 1227 556 1261; x_wconf 83' lang='lat' dir='ltr'>poteslas</span> <span class='ocrx_word' id='word_1_357' title='bbox 577 1222 715 1260; x_wconf 82' lang='lat' dir='ltr'>aperitur.</span> 
     </span>
    </p>

    <p class='ocr_par' dir='ltr' id='par_1_5' title="bbox 243 1263 2179 1345">
     <span class='ocr_line' id='line_1_25' title="bbox 406 1263 2179 1304; baseline 0 -11"><span class='ocrx_word' id='word_1_358' title='bbox 406 1265 615 1294; x_wconf 74' lang='lat' dir='ltr'>Limitatus</span> <span class='ocrx_word' id='word_1_359' title='bbox 645 1275 742 1303; x_wconf 78' lang='lat' dir='ltr'>ager,</span> <span class='ocrx_word' id='word_1_360' title='bbox 787 1264 819 1292; x_wconf 91' lang='lat' dir='ltr'>In</span> <span class='ocrx_word' id='word_1_361' title='bbox 849 1264 1016 1300; x_wconf 78' lang='lat' dir='ltr'>centurias,</span> <span class='ocrx_word' id='word_1_362' title='bbox 1052 1265 1083 1292; x_wconf 89' lang='lat' dir='ltr'>in</span> <span class='ocrx_word' id='word_1_363' title='bbox 1112 1269 1190 1293; x_wconf 75' lang='lat' dir='ltr'>certa</span> <span class='ocrx_word' id='word_1_364' title='bbox 1221 1265 1365 1304; x_wconf 86' lang='lat' dir='ltr'>quaedam</span> <span class='ocrx_word' id='word_1_365' title='bbox 1395 1265 1495 1302; x_wconf 86' lang='lat' dir='ltr'>iugera</span> <span class='ocrx_word' id='word_1_366' title='bbox 1522 1264 1680 1295; x_wconf 80' lang='lat' dir='ltr'>dimensus.</span> <span class='ocrx_word' id='word_1_367' title='bbox 1707 1264 1794 1295; x_wconf 82' lang='lat' dir='ltr'>Dae.</span> <span class='ocrx_word' id='word_1_368' title='bbox 1839 1265 1880 1293; x_wconf 86' lang='lat' dir='ltr'>De</span> <span class='ocrx_word' id='word_1_369' title='bbox 1901 1263 2032 1293; x_wconf 82' lang='lat' dir='ltr'>limitatis</span> <span class='ocrx_word' id='word_1_370' title='bbox 2054 1265 2131 1302; x_wconf 83' lang='lat' dir='ltr'>agris</span> <span class='ocrx_word' id='word_1_371' title='bbox 2152 1273 2179 1293; x_wconf 86' lang='lat' dir='ltr'>v.</span> 
     </span>
     <span class='ocr_line' id='line_1_26' title="bbox 243 1306 1712 1345; baseline -0.002 -7"><span class='ocrx_word' id='word_1_372' title='bbox 243 1312 261 1338; x_wconf 87' lang='lat' dir='ltr'>l.</span> <span class='ocrx_word' id='word_1_373' title='bbox 278 1312 325 1341; x_wconf 89' lang='lat'>16.</span> <span class='ocrx_word' id='word_1_374' title='bbox 339 1309 367 1337; x_wconf 88' lang='lat' dir='ltr'>ff.</span> <span class='ocrx_word' id='word_1_375' title='bbox 392 1308 427 1336; x_wconf 89' lang='lat' dir='ltr'>de</span> <span class='ocrx_word' id='word_1_376' title='bbox 451 1307 539 1345; x_wconf 86' lang='lat' dir='ltr'>adqu.</span> <span class='ocrx_word' id='word_1_377' title='bbox 560 1316 659 1335; x_wconf 85' lang='lat' dir='ltr'>rerum</span> <span class='ocrx_word' id='word_1_378' title='bbox 683 1306 829 1343; x_wconf 72' lang='lat' dir='ltr'>dominio,</span> <span class='ocrx_word' id='word_1_379' title='bbox 856 1306 964 1335; x_wconf 87' lang='lat' dir='ltr'>Iulium</span> <span class='ocrx_word' id='word_1_380' title='bbox 988 1307 1161 1336; x_wconf 81' lang='lat' dir='ltr'>Frontinum</span> <span class='ocrx_word' id='word_1_381' title='bbox 1185 1307 1220 1336; x_wconf 89' lang='lat' dir='ltr'>de</span> <span class='ocrx_word' id='word_1_382' title='bbox 1242 1308 1385 1336; x_wconf 88' lang='lat' dir='ltr'>limitibus</span> <span class='ocrx_word' id='word_1_383' title='bbox 1409 1317 1555 1344; x_wconf 82' lang='lat' dir='ltr'>agrorum.</span> <span class='ocrx_word' id='word_1_384' title='bbox 1606 1306 1712 1338; x_wconf 76' lang='lat' dir='ltr'>Goth.</span> 
     </span>
    </p>

    <p class='ocr_par' dir='ltr' id='par_1_6' title="bbox 241 1347 2180 1515">
     <span class='ocr_line' id='line_1_27' title="bbox 405 1347 2180 1388; baseline -0.001 -10"><span class='ocrx_word' id='word_1_385' title='bbox 405 1347 588 1378; x_wconf 81' lang='lat' dir='ltr'>Librilla.</span> <span class='ocrx_word' id='word_1_386' title='bbox 634 1350 723 1387; x_wconf 87' lang='lat' dir='ltr'>Lege:</span> <span class='ocrx_word' id='word_1_387' title='bbox 750 1347 871 1378; x_wconf 73' lang='lat' dir='ltr'>libr-ilia.</span> <span class='ocrx_word' id='word_1_388' title='bbox 908 1349 1001 1377; x_wconf 90' lang='lat' dir='ltr'>Porro</span> <span class='ocrx_word' id='word_1_389' title='bbox 1025 1350 1136 1378; x_wconf 86' lang='lat' dir='ltr'>ultimis</span> <span class='ocrx_word' id='word_1_390' title='bbox 1160 1350 1342 1388; x_wconf 82' lang='lat' dir='ltr'>temporibus</span> <span class='ocrx_word' id='word_1_391' title='bbox 1363 1350 1540 1378; x_wconf 82' lang='lat' dir='ltr'>senescentis</span> <span class='ocrx_word' id='word_1_392' title='bbox 1563 1349 1680 1387; x_wconf 83' lang='lat' dir='ltr'>imperii</span> <span class='ocrx_word' id='word_1_393' title='bbox 1703 1349 1775 1377; x_wconf 90' lang='lat' dir='ltr'>haec</span> <span class='ocrx_word' id='word_1_394' title='bbox 1796 1349 1826 1377; x_wconf 91' lang='lat' dir='ltr'>in</span> <span class='ocrx_word' id='word_1_395' title='bbox 1850 1348 2073 1378; x_wconf 83' lang='lat' dir='ltr'>desuetudinem</span> <span class='ocrx_word' id='word_1_396' title='bbox 2095 1348 2180 1376; x_wconf 81' lang='lat' dir='ltr'>abie-</span> 
     </span>
     <span class='ocr_line' id='line_1_28' title="bbox 241 1388 2180 1430; baseline -0.003 -7"><span class='ocrx_word' id='word_1_397' title='bbox 241 1399 311 1424; x_wconf 85' lang='lat' dir='ltr'>runt</span> <span class='ocrx_word' id='word_1_398' title='bbox 365 1393 421 1421; x_wconf 86' lang='lat' dir='ltr'>Sed</span> <span class='ocrx_word' id='word_1_399' title='bbox 451 1392 588 1429; x_wconf 79' lang='lat' dir='ltr'>magister</span> <span class='ocrx_word' id='word_1_400' title='bbox 617 1401 715 1420; x_wconf 88' lang='lat' dir='ltr'>rerum</span> <span class='ocrx_word' id='word_1_401' title='bbox 745 1401 816 1419; x_wconf 87' lang='lat' dir='ltr'>usus</span> <span class='ocrx_word' id='word_1_402' title='bbox 845 1391 874 1419; x_wconf 91' lang='lat' dir='ltr'>in</span> <span class='ocrx_word' id='word_1_403' title='bbox 904 1401 1006 1419; x_wconf 87' lang='lat' dir='ltr'>eorum</span> <span class='ocrx_word' id='word_1_404' title='bbox 1034 1392 1130 1420; x_wconf 88' lang='lat' dir='ltr'>locum</span> <span class='ocrx_word' id='word_1_405' title='bbox 1155 1393 1351 1420; x_wconf 79' lang='lat' dir='ltr'>Fustiballum</span> <span class='ocrx_word' id='word_1_406' title='bbox 1380 1397 1564 1420; x_wconf 86' lang='lat' dir='ltr'>commentus</span> <span class='ocrx_word' id='word_1_407' title='bbox 1593 1396 1645 1421; x_wconf 83' lang='lat' dir='ltr'>est.</span> <span class='ocrx_word' id='word_1_408' title='bbox 1693 1392 1732 1420; x_wconf 82' lang='lat' dir='ltr'>De</span> <span class='ocrx_word' id='word_1_409' title='bbox 1762 1401 1822 1429; x_wconf 91' lang='lat' dir='ltr'>quo</span> <span class='ocrx_word' id='word_1_410' title='bbox 1847 1391 1928 1430; x_wconf 89' lang='lat' dir='ltr'>apud</span> <span class='ocrx_word' id='word_1_411' title='bbox 1949 1392 2048 1428; x_wconf 82' lang='lat' dir='ltr'>Veget.</span> <span class='ocrx_word' id='word_1_412' title='bbox 2075 1388 2125 1430; x_wconf 88' lang='lat' dir='ltr'>(de</span> <span class='ocrx_word' id='word_1_413' title='bbox 2147 1399 2180 1417; x_wconf 86' lang='lat' dir='ltr'>re</span> 
     </span>
     <span class='ocr_line' id='line_1_29' title="bbox 241 1432 2178 1475; baseline -0.003 -10"><span class='ocrx_word' id='word_1_414' title='bbox 241 1437 302 1465; x_wconf 89' lang='lat' dir='ltr'>mil.</span> <span class='ocrx_word' id='word_1_415' title='bbox 320 1436 375 1471; x_wconf 86' lang='lat'>111,</span> <span class='ocrx_word' id='word_1_416' title='bbox 400 1432 472 1475; x_wconf 88' lang='lat'>14.).</span> <span class='ocrx_word' id='word_1_417' title='bbox 495 1433 594 1463; x_wconf 84' lang='lat' dir='ltr'>Scal.</span> <span class='ocrx_word' id='word_1_418' title='bbox 637 1434 853 1470; x_wconf 85' lang='lat' dir='ltr'>Instrumenta,</span> <span class='ocrx_word' id='word_1_419' title='bbox 884 1434 992 1472; x_wconf 90' lang='lat' dir='ltr'>quibus</span> <span class='ocrx_word' id='word_1_420' title='bbox 1015 1445 1084 1462; x_wconf 85' lang='lat' dir='ltr'>saxa</span> <span class='ocrx_word' id='word_1_421' title='bbox 1108 1435 1137 1463; x_wconf 89' lang='lat' dir='ltr'>in</span> <span class='ocrx_word' id='word_1_422' title='bbox 1160 1435 1274 1464; x_wconf 82' lang='lat' dir='ltr'>hostem</span> <span class='ocrx_word' id='word_1_423' title='bbox 1298 1435 1460 1471; x_wconf 77' lang='lat' dir='ltr'>librantur,</span> <span class='ocrx_word' id='word_1_424' title='bbox 1491 1438 1520 1462; x_wconf 84' lang='lat' dir='ltr'>et</span> <span class='ocrx_word' id='word_1_425' title='bbox 1542 1435 1605 1472; x_wconf 88' lang='lat' dir='ltr'>ipsa</span> <span class='ocrx_word' id='word_1_426' title='bbox 1629 1434 1716 1462; x_wconf 74' lang='lat' dir='ltr'>etiam</span> <span class='ocrx_word' id='word_1_427' title='bbox 1739 1444 1809 1462; x_wconf 82' lang='lat' dir='ltr'>saxa</span> <span class='ocrx_word' id='word_1_428' title='bbox 1833 1434 1903 1462; x_wconf 87' lang='lat' dir='ltr'>loris</span> <span class='ocrx_word' id='word_1_429' title='bbox 1925 1434 2065 1462; x_wconf 87' lang='lat' dir='ltr'>revincta.</span> <span class='ocrx_word' id='word_1_430' title='bbox 2095 1432 2178 1460; x_wconf 89' lang='lat' dir='ltr'>Dac.</span> 
     </span>
     <span class='ocr_line' id='line_1_30' title="bbox 241 1475 1094 1515; baseline -0.004 -7"><span class='ocrx_word' id='word_1_431' title='bbox 241 1480 296 1508; x_wconf 85' lang='lat' dir='ltr'>Hic</span> <span class='ocrx_word' id='word_1_432' title='bbox 319 1479 403 1508; x_wconf 87' lang='lat' dir='ltr'>deest</span> <span class='ocrx_word' id='word_1_433' title='bbox 426 1477 549 1505; x_wconf 86' lang='lat' dir='ltr'>verbum</span> <span class='ocrx_word' id='word_1_434' title='bbox 572 1488 588 1505; x_wconf 90' lang='lat' dir='ltr'>a</span> <span class='ocrx_word' id='word_1_435' title='bbox 611 1487 670 1515; x_wconf 89' lang='lat' dir='ltr'>quo</span> <span class='ocrx_word' id='word_1_436' title='bbox 692 1482 812 1514; x_wconf 82' lang='lat' dir='ltr'>regatur</span> <span class='ocrx_word' id='word_1_437' title='bbox 835 1477 939 1505; x_wconf 76' lang='lat' dir='ltr'>oratio.</span> <span class='ocrx_word' id='word_1_438' title='bbox 989 1475 1094 1505; x_wconf 75' lang='lat' dir='ltr'>Goth.</span> 
     </span>
    </p>

    <p class='ocr_par' dir='ltr' id='par_1_7' title="bbox 403 1516 1726 1559">
     <span class='ocr_line' id='line_1_31' title="bbox 403 1516 1726 1559; baseline -0.001 -12"><span class='ocrx_word' id='word_1_439' title='bbox 403 1517 615 1548; x_wconf 78' lang='lat' dir='ltr'>Liberalia.</span> <span class='ocrx_word' id='word_1_440' title='bbox 659 1518 733 1547; x_wconf 84' lang='lat' dir='ltr'>Vide</span> <span class='ocrx_word' id='word_1_441' title='bbox 754 1518 925 1547; x_wconf 78' lang='lat' dir='ltr'>honorarius</span> <span class='ocrx_word' id='word_1_442' title='bbox 949 1517 1042 1547; x_wconf 79' lang='lat' dir='ltr'>ludos.</span> <span class='ocrx_word' id='word_1_443' title='bbox 1065 1519 1152 1548; x_wconf 82' lang='lat' dir='ltr'>Dae.</span> <span class='ocrx_word' id='word_1_444' title='bbox 1181 1520 1357 1559; x_wconf 82' lang='lat' dir='ltr'>Loquemur.</span> <span class='ocrx_word' id='word_1_445' title='bbox 1389 1519 1573 1556; x_wconf 89' lang='lat' dir='ltr'>Loquuntur.</span> <span class='ocrx_word' id='word_1_446' title='bbox 1620 1516 1726 1547; x_wconf 72' lang='lat' dir='ltr'>Goth.</span> 
     </span>
    </p>

    <p class='ocr_par' dir='ltr' id='par_1_8' title="bbox 242 1558 2179 1642">
     <span class='ocr_line' id='line_1_32' title="bbox 402 1558 2179 1599; baseline -0.002 -9"><span class='ocrx_word' id='word_1_447' title='bbox 402 1561 585 1590; x_wconf 70' lang='lat' dir='ltr'>Limaces.</span> <span class='ocrx_word' id='word_1_448' title='bbox 630 1561 731 1589; x_wconf 79' lang='lat' dir='ltr'>Limax</span> <span class='ocrx_word' id='word_1_449' title='bbox 755 1571 769 1588; x_wconf 88' lang='lat' dir='ltr'>a</span> <span class='ocrx_word' id='word_1_450' title='bbox 792 1561 861 1589; x_wconf 90' lang='lat' dir='ltr'>limo</span> <span class='ocrx_word' id='word_1_451' title='bbox 891 1561 972 1598; x_wconf 88' lang='lat' dir='ltr'>quod</span> <span class='ocrx_word' id='word_1_452' title='bbox 1001 1561 1042 1589; x_wconf 88' lang='lat' dir='ltr'>ibi</span> <span class='ocrx_word' id='word_1_453' title='bbox 1072 1561 1154 1590; x_wconf 85' lang='lat' dir='ltr'>vivit.</span> <span class='ocrx_word' id='word_1_454' title='bbox 1202 1561 1294 1590; x_wconf 88' lang='lat' dir='ltr'>Varro</span> <span class='ocrx_word' id='word_1_455' title='bbox 1318 1561 1368 1589; x_wconf 89' lang='lat' dir='ltr'>lib.</span> <span class='ocrx_word' id='word_1_456' title='bbox 1382 1560 1428 1588; x_wconf 83' lang='lat' dir='ltr'>Vl.</span> <span class='ocrx_word' id='word_1_457' title='bbox 1452 1561 1536 1598; x_wconf 84' lang='lat' dir='ltr'>(VII,</span> <span class='ocrx_word' id='word_1_458' title='bbox 1560 1570 1623 1599; x_wconf 85' lang='lat' dir='ltr'>pag.</span> <span class='ocrx_word' id='word_1_459' title='bbox 1638 1561 1708 1592; x_wconf 87' lang='lat'>345.</span> <span class='ocrx_word' id='word_1_460' title='bbox 1732 1561 1795 1599; x_wconf 83' lang='lat' dir='ltr'>Sp.)</span> <span class='ocrx_word' id='word_1_461' title='bbox 1825 1559 1902 1588; x_wconf 88' lang='lat' dir='ltr'>unde</span> <span class='ocrx_word' id='word_1_462' title='bbox 1922 1559 2060 1589; x_wconf 80' lang='lat' dir='ltr'>Limaces</span> <span class='ocrx_word' id='word_1_463' title='bbox 2083 1558 2179 1587; x_wconf 86' lang='lat' dir='ltr'>dictae</span> 
     </span>
     <span class='ocr_line' id='line_1_33' title="bbox 242 1601 1098 1642; baseline -0.005 -7"><span class='ocrx_word' id='word_1_464' title='bbox 242 1605 418 1635; x_wconf 85' lang='lat' dir='ltr'>meretrices.</span> <span class='ocrx_word' id='word_1_465' title='bbox 462 1603 556 1631; x_wconf 82' lang='lat' dir='ltr'>Plaut.</span> <span class='ocrx_word' id='word_1_466' title='bbox 580 1603 686 1632; x_wconf 88' lang='lat' dir='ltr'>Clitell.</span> <span class='ocrx_word' id='word_1_467' title='bbox 710 1602 867 1642; x_wconf 80' lang='lat' dir='ltr'>(Fragmm.</span> <span class='ocrx_word' id='word_1_468' title='bbox 891 1602 999 1631; x_wconf 87' lang='lat' dir='ltr'>Bacch.</span> <span class='ocrx_word' id='word_1_469' title='bbox 1019 1601 1098 1642; x_wconf 85' lang='lat'>11.):</span> 
     </span>
    </p>
   </div>
   <div class='ocr_carea' id='block_1_5' title="bbox 817 1652 1559 1692">
    <p class='ocr_par' dir='ltr' id='par_1_9' title="bbox 817 1652 1559 1692">
     <span class='ocr_line' id='line_1_34' title="bbox 817 1652 1559 1692; baseline 0.001 -11"><span class='ocrx_word' id='word_1_470' title='bbox 817 1653 884 1682; x_wconf 83' lang='lat' dir='ltr'>Non</span> <span class='ocrx_word' id='word_1_471' title='bbox 908 1653 993 1692; x_wconf 79' lang='lat' dir='ltr'>quasi</span> <span class='ocrx_word' id='word_1_472' title='bbox 1014 1660 1045 1681; x_wconf 77' lang='lat' dir='ltr'>ut</span> <span class='ocrx_word' id='word_1_473' title='bbox 1067 1652 1120 1682; x_wconf 78' lang='lat' dir='ltr'>hae</span> <span class='ocrx_word' id='word_1_474' title='bbox 1141 1662 1206 1682; x_wconf 76' lang='lat' dir='ltr'>sunt</span> <span class='ocrx_word' id='word_1_475' title='bbox 1229 1652 1277 1682; x_wconf 78' lang='lat' dir='ltr'>hic</span> <span class='ocrx_word' id='word_1_476' title='bbox 1299 1652 1418 1682; x_wconf 80' lang='lat' dir='ltr'>limaces</span> <span class='ocrx_word' id='word_1_477' title='bbox 1441 1652 1559 1683; x_wconf 74' lang='lat' dir='ltr'>lividae.</span> 
     </span>
    </p>
   </div>
   <div class='ocr_carea' id='block_1_6' title="bbox 242 1702 2183 2464">
    <p class='ocr_par' dir='ltr' id='par_1_10' title="bbox 242 1702 2181 1787">
     <span class='ocr_line' id='line_1_35' title="bbox 242 1702 2181 1743; baseline -0.003 -7"><span class='ocrx_word' id='word_1_478' title='bbox 242 1707 327 1736; x_wconf 80' lang='lat' dir='ltr'>Dae.</span> <span class='ocrx_word' id='word_1_479' title='bbox 358 1706 479 1734; x_wconf 75' lang='lat' dir='ltr'>vermes</span> <span class='ocrx_word' id='word_1_480' title='bbox 503 1704 645 1734; x_wconf 87' lang='lat' dir='ltr'>dicuntur</span> <span class='ocrx_word' id='word_1_481' title='bbox 670 1704 783 1733; x_wconf 88' lang='lat' dir='ltr'>Glossis</span> <span class='ocrx_word' id='word_1_482' title='bbox 806 1709 834 1732; x_wconf 84' lang='lat' dir='ltr'>et</span> <span class='ocrx_word' id='word_1_483' title='bbox 857 1704 1078 1743; x_wconf 78' lang='grc' dir='ltr'><em>λυμνοκοχλίαι.</em></span> <span class='ocrx_word' id='word_1_484' title='bbox 1106 1702 1210 1735; x_wconf 74' lang='lat' dir='ltr'>Goth.</span> <span class='ocrx_word' id='word_1_485' title='bbox 1242 1704 1366 1734; x_wconf 74' lang='lat' dir='ltr'>Limam.</span> <span class='ocrx_word' id='word_1_486' title='bbox 1400 1704 1557 1733; x_wconf 80' lang='lat' dir='ltr'>Descendit</span> <span class='ocrx_word' id='word_1_487' title='bbox 1579 1703 1638 1732; x_wconf 87' lang='lat' dir='ltr'>hoc</span> <span class='ocrx_word' id='word_1_488' title='bbox 1661 1714 1687 1732; x_wconf 91' lang='lat' dir='ltr'>v.</span> <span class='ocrx_word' id='word_1_489' title='bbox 1711 1715 1725 1732; x_wconf 93' lang='lat' dir='ltr'>a</span> <span class='ocrx_word' id='word_1_490' title='bbox 1749 1702 1867 1740; x_wconf 86' lang='lat' dir='ltr'>limare,</span> <span class='ocrx_word' id='word_1_491' title='bbox 1891 1702 1971 1741; x_wconf 89' lang='lat' dir='ltr'>quod</span> <span class='ocrx_word' id='word_1_492' title='bbox 1993 1703 2116 1741; x_wconf 84' lang='lat' dir='ltr'>proprie</span> <span class='ocrx_word' id='word_1_493' title='bbox 2137 1708 2181 1731; x_wconf 80' lang='lat' dir='ltr'>est</span> 
     </span>
     <span class='ocr_line' id='line_1_36' title="bbox 242 1746 1250 1787; baseline -0.004 -8"><span class='ocrx_word' id='word_1_494' title='bbox 242 1747 391 1787; x_wconf 69' lang='grc' dir='ltr'><em>ἀλείφειν,</em></span> <span class='ocrx_word' id='word_1_495' title='bbox 415 1747 556 1776; x_wconf 83' lang='lat' dir='ltr'>oblinere.</span> <span class='ocrx_word' id='word_1_496' title='bbox 603 1747 646 1778; x_wconf 81' lang='lat' dir='ltr'>Cf.</span> <span class='ocrx_word' id='word_1_497' title='bbox 668 1757 742 1785; x_wconf 85' lang='lat' dir='ltr'>quae</span> <span class='ocrx_word' id='word_1_498' title='bbox 765 1757 855 1785; x_wconf 88' lang='lat' dir='ltr'>supra</span> <span class='ocrx_word' id='word_1_499' title='bbox 879 1747 1008 1775; x_wconf 70' lang='lat' dir='ltr'>diximus</span> <span class='ocrx_word' id='word_1_500' title='bbox 1032 1746 1069 1775; x_wconf 86' lang='lat' dir='ltr'>ad</span> <span class='ocrx_word' id='word_1_501' title='bbox 1092 1756 1120 1775; x_wconf 89' lang='lat' dir='ltr'>v.</span> <span class='ocrx_word' id='word_1_502' title='bbox 1142 1747 1250 1777; x_wconf 84' lang='lat' dir='ltr'>Limes.</span> 
     </span>
    </p>

    <p class='ocr_par' dir='ltr' id='par_1_11' title="bbox 245 1786 2183 2162">
     <span class='ocr_line' id='line_1_37' title="bbox 407 1786 2181 1827; baseline -0.001 -9"><span class='ocrx_word' id='word_1_503' title='bbox 407 1789 590 1820; x_wconf 73' lang='lat' dir='ltr'>Litatum.</span> <span class='ocrx_word' id='word_1_504' title='bbox 636 1789 747 1818; x_wconf 69' lang='lat' dir='ltr'>Litore.</span> <span class='ocrx_word' id='word_1_505' title='bbox 793 1790 928 1825; x_wconf 84' lang='lat' dir='ltr'>Solvere,</span> <span class='ocrx_word' id='word_1_506' title='bbox 966 1800 981 1817; x_wconf 87' lang='lat' dir='ltr'>a</span> <span class='ocrx_word' id='word_1_507' title='bbox 1012 1789 1103 1817; x_wconf 70' lang='lat' dir='ltr'>verbo</span> <span class='ocrx_word' id='word_1_508' title='bbox 1134 1789 1200 1827; x_wconf 79' lang='lat' dir='ltr'>luo3</span> <span class='ocrx_word' id='word_1_509' title='bbox 1239 1800 1305 1818; x_wconf 89' lang='lat' dir='ltr'>nam</span> <span class='ocrx_word' id='word_1_510' title='bbox 1335 1794 1363 1818; x_wconf 86' lang='lat' dir='ltr'>et</span> <span class='ocrx_word' id='word_1_511' title='bbox 1391 1791 1472 1827; x_wconf 89' lang='lat' dir='ltr'>prius</span> <span class='ocrx_word' id='word_1_512' title='bbox 1503 1788 1597 1818; x_wconf 75' lang='lat' dir='ltr'>lutare</span> <span class='ocrx_word' id='word_1_513' title='bbox 1625 1788 1785 1818; x_wconf 88' lang='lat' dir='ltr'>dicebatur.</span> <span class='ocrx_word' id='word_1_514' title='bbox 1830 1787 1925 1816; x_wconf 86' lang='lat' dir='ltr'>Varro</span> <span class='ocrx_word' id='word_1_515' title='bbox 1953 1787 2032 1825; x_wconf 86' lang='lat' dir='ltr'>apud</span> <span class='ocrx_word' id='word_1_516' title='bbox 2055 1786 2181 1816; x_wconf 87' lang='lat' dir='ltr'>Nonium</span> 
     </span>
     <span class='ocr_line' id='line_1_38' title="bbox 245 1830 2182 1873; baseline -0.001 -13"><span class='ocrx_word' id='word_1_517' title='bbox 245 1832 321 1871; x_wconf 82' lang='lat' dir='ltr'>(pag.</span> <span class='ocrx_word' id='word_1_518' title='bbox 336 1836 405 1864; x_wconf 82' lang='lat'>131.</span> <span class='ocrx_word' id='word_1_519' title='bbox 430 1832 531 1870; x_wconf 85' lang='lat' dir='ltr'>Merc.)</span> <span class='ocrx_word' id='word_1_520' title='bbox 554 1832 583 1860; x_wconf 87' lang='lat' dir='ltr'>in</span> <span class='ocrx_word' id='word_1_521' title='bbox 608 1842 680 1860; x_wconf 85' lang='lat' dir='ltr'>voce</span> <span class='ocrx_word' id='word_1_522' title='bbox 703 1831 811 1861; x_wconf 72' lang='lat' dir='ltr'>iuravi:</span> <span class='ocrx_word' id='word_1_523' title='bbox 840 1831 942 1860; x_wconf 68' lang='lat' dir='ltr'>fIabes</span> <span class='ocrx_word' id='word_1_524' title='bbox 964 1832 1015 1871; x_wconf 83' lang='lat' dir='ltr'>qui</span> <span class='ocrx_word' id='word_1_525' title='bbox 1037 1839 1061 1860; x_wconf 78' lang='lat' dir='ltr'>et</span> <span class='ocrx_word' id='word_1_526' title='bbox 1085 1833 1167 1861; x_wconf 82' lang='lat' dir='ltr'>cuius</span> <span class='ocrx_word' id='word_1_527' title='bbox 1189 1834 1229 1860; x_wconf 80' lang='lat' dir='ltr'>rei</span> <span class='ocrx_word' id='word_1_528' title='bbox 1252 1843 1354 1860; x_wconf 81' lang='lat' dir='ltr'>caussa</span> <span class='ocrx_word' id='word_1_529' title='bbox 1368 1832 1495 1873; x_wconf 82' lang='lat' dir='ltr'>fecerim</span> <span class='ocrx_word' id='word_1_530' title='bbox 1518 1830 1717 1867; x_wconf 72' lang='lat' dir='ltr'>hecatomben,</span> <span class='ocrx_word' id='word_1_531' title='bbox 1742 1832 1771 1859; x_wconf 83' lang='lat' dir='ltr'>in</span> <span class='ocrx_word' id='word_1_532' title='bbox 1794 1840 1851 1870; x_wconf 84' lang='lat' dir='ltr'>quo</span> <span class='ocrx_word' id='word_1_533' title='bbox 1874 1840 1925 1869; x_wconf 76' lang='lat' dir='ltr'>ego</span> <span class='ocrx_word' id='word_1_534' title='bbox 1948 1837 1978 1858; x_wconf 76' lang='lat' dir='ltr'>ut</span> <span class='ocrx_word' id='word_1_535' title='bbox 1999 1837 2085 1869; x_wconf 74' lang='lat' dir='ltr'>puio,</span> <span class='ocrx_word' id='word_1_536' title='bbox 2108 1840 2182 1870; x_wconf 84' lang='lat' dir='ltr'>quo—</span> 
     </span>
     <span class='ocr_line' id='line_1_39' title="bbox 248 1871 2182 1913; baseline -0.001 -12"><span class='ocrx_word' id='word_1_537' title='bbox 248 1875 324 1902; x_wconf 82' lang='lat' dir='ltr'>niam</span> <span class='ocrx_word' id='word_1_538' title='bbox 346 1882 384 1903; x_wconf 76' lang='lat' dir='ltr'>est</span> <span class='ocrx_word' id='word_1_539' title='bbox 406 1873 481 1902; x_wconf 75' lang='lat' dir='ltr'>luere</span> <span class='ocrx_word' id='word_1_540' title='bbox 501 1873 623 1911; x_wconf 80' lang='lat' dir='ltr'>solvere,</span> <span class='ocrx_word' id='word_1_541' title='bbox 649 1873 750 1903; x_wconf 72' lang='lat' dir='ltr'>luiavi.</span> <span class='ocrx_word' id='word_1_542' title='bbox 789 1875 906 1913; x_wconf 82' lang='lat' dir='ltr'>Optime</span> <span class='ocrx_word' id='word_1_543' title='bbox 929 1874 1021 1911; x_wconf 82' lang='lat' dir='ltr'>igitur</span> <span class='ocrx_word' id='word_1_544' title='bbox 1044 1874 1147 1902; x_wconf 80' lang='lat' dir='ltr'>Festus</span> <span class='ocrx_word' id='word_1_545' title='bbox 1170 1873 1299 1910; x_wconf 76' lang='lat' dir='ltr'>litatum,</span> <span class='ocrx_word' id='word_1_546' title='bbox 1323 1873 1449 1903; x_wconf 78' lang='lat' dir='ltr'>solutum</span> <span class='ocrx_word' id='word_1_547' title='bbox 1472 1874 1527 1903; x_wconf 88' lang='lat' dir='ltr'>deo</span> <span class='ocrx_word' id='word_1_548' title='bbox 1552 1874 1684 1902; x_wconf 86' lang='lat' dir='ltr'>deditum</span> <span class='ocrx_word' id='word_1_549' title='bbox 1706 1874 1926 1912; x_wconf 83' lang='lat' dir='ltr'>interpretatur.</span> <span class='ocrx_word' id='word_1_550' title='bbox 1965 1872 2038 1900; x_wconf 82' lang='lat' dir='ltr'>Nam</span> <span class='ocrx_word' id='word_1_551' title='bbox 2061 1877 2090 1900; x_wconf 88' lang='lat' dir='ltr'>et</span> <span class='ocrx_word' id='word_1_552' title='bbox 2111 1871 2182 1901; x_wconf 85' lang='lat' dir='ltr'>inde</span> 
     </span>
     <span class='ocr_line' id='line_1_40' title="bbox 248 1913 2183 1956; baseline 0 -14"><span class='ocrx_word' id='word_1_553' title='bbox 248 1913 330 1944; x_wconf 74' lang='lat' dir='ltr'>litare</span> <span class='ocrx_word' id='word_1_554' title='bbox 351 1917 380 1944; x_wconf 87' lang='lat' dir='ltr'>in</span> <span class='ocrx_word' id='word_1_555' title='bbox 403 1916 555 1945; x_wconf 73' lang='lat' dir='ltr'>sacrificiis</span> <span class='ocrx_word' id='word_1_556' title='bbox 576 1920 744 1956; x_wconf 77' lang='grc' dir='ltr'><em>καλλιερεῖν.</em></span> <span class='ocrx_word' id='word_1_557' title='bbox 768 1917 821 1945; x_wconf 90' lang='lat' dir='ltr'>Da</span> <span class='ocrx_word' id='word_1_558' title='bbox 832 1928 856 1947; x_wconf 91' lang='lat' dir='ltr'>c.</span> <span class='ocrx_word' id='word_1_559' title='bbox 888 1915 1032 1946; x_wconf 75' lang='lat' dir='ltr'>Solutum.</span> <span class='ocrx_word' id='word_1_560' title='bbox 1063 1917 1197 1945; x_wconf 81' lang='lat' dir='ltr'>Solitum.</span> <span class='ocrx_word' id='word_1_561' title='bbox 1225 1916 1327 1946; x_wconf 77' lang='lat' dir='ltr'>Goth.</span> <span class='ocrx_word' id='word_1_562' title='bbox 1358 1917 1455 1945; x_wconf 84' lang='lat' dir='ltr'>Verba</span> <span class='ocrx_word' id='word_1_563' title='bbox 1479 1917 1558 1955; x_wconf 86' lang='lat' dir='ltr'>apud</span> <span class='ocrx_word' id='word_1_564' title='bbox 1581 1917 1722 1945; x_wconf 61' lang='lat' dir='ltr'>Nonium:</span> <span class='ocrx_word' id='word_1_565' title='bbox 1747 1915 1883 1955; x_wconf 81' lang='lat' dir='ltr'>quoniam</span> <span class='ocrx_word' id='word_1_566' title='bbox 1906 1921 1946 1943; x_wconf 77' lang='lat' dir='ltr'>est</span> <span class='ocrx_word' id='word_1_567' title='bbox 1969 1913 2045 1943; x_wconf 80' lang='lat' dir='ltr'>luere</span> <span class='ocrx_word' id='word_1_568' title='bbox 2065 1913 2183 1951; x_wconf 80' lang='lat' dir='ltr'>soluere,</span> 
     </span>
     <span class='ocr_line' id='line_1_41' title="bbox 250 1953 2182 1995; baseline 0.001 -12"><span class='ocrx_word' id='word_1_569' title='bbox 250 1966 308 1984; x_wconf 88' lang='lat' dir='ltr'>non</span> <span class='ocrx_word' id='word_1_570' title='bbox 329 1958 469 1986; x_wconf 72' lang='lat' dir='ltr'>Vaironis</span> <span class='ocrx_word' id='word_1_571' title='bbox 494 1970 554 1987; x_wconf 85' lang='lat' dir='ltr'>esse</span> <span class='ocrx_word' id='word_1_572' title='bbox 578 1960 715 1988; x_wconf 73' lang='lat' dir='ltr'>videntur</span> <span class='ocrx_word' id='word_1_573' title='bbox 738 1959 791 1987; x_wconf 84' lang='lat' dir='ltr'>sed</span> <span class='ocrx_word' id='word_1_574' title='bbox 814 1959 1014 1987; x_wconf 86' lang='lat' dir='ltr'>Grammatici.</span> <span class='ocrx_word' id='word_1_575' title='bbox 1059 1959 1147 1994; x_wconf 72' lang='lat' dir='ltr'>Lito,</span> <span class='ocrx_word' id='word_1_576' title='bbox 1185 1958 1270 1988; x_wconf 76' lang='lat' dir='ltr'>litare</span> <span class='ocrx_word' id='word_1_577' title='bbox 1290 1959 1369 1987; x_wconf 86' lang='lat' dir='ltr'>haud</span> <span class='ocrx_word' id='word_1_578' title='bbox 1395 1960 1482 1987; x_wconf 84' lang='lat' dir='ltr'>dubie</span> <span class='ocrx_word' id='word_1_579' title='bbox 1506 1959 1657 1988; x_wconf 68' lang='lat' dir='ltr'>descendit</span> <span class='ocrx_word' id='word_1_580' title='bbox 1679 1969 1695 1986; x_wconf 84' lang='lat' dir='ltr'>a</span> <span class='ocrx_word' id='word_1_581' title='bbox 1718 1956 1783 1994; x_wconf 83' lang='lat' dir='ltr'>luo,</span> <span class='ocrx_word' id='word_1_582' title='bbox 1817 1958 1919 1985; x_wconf 88' lang='lat' dir='ltr'>Graec.</span> <span class='ocrx_word' id='word_1_583' title='bbox 1941 1953 2016 1994; x_wconf 80' lang='grc' dir='ltr'><em>λύω,</em></span> <span class='ocrx_word' id='word_1_584' title='bbox 2045 1957 2077 1986; x_wconf 88' lang='lat' dir='ltr'>id</span> <span class='ocrx_word' id='word_1_585' title='bbox 2101 1956 2182 1995; x_wconf 83' lang='lat' dir='ltr'>quud</span> 
     </span>
     <span class='ocr_line' id='line_1_42' title="bbox 250 2000 2182 2040; baseline 0.002 -15"><span class='ocrx_word' id='word_1_586' title='bbox 250 2000 377 2027; x_wconf 84' lang='lat' dir='ltr'>ostendit</span> <span class='ocrx_word' id='word_1_587' title='bbox 399 2001 480 2028; x_wconf 87' lang='lat' dir='ltr'>locus</span> <span class='ocrx_word' id='word_1_588' title='bbox 503 2001 644 2030; x_wconf 78' lang='lat' dir='ltr'>Varronis</span> <span class='ocrx_word' id='word_1_589' title='bbox 668 2001 748 2040; x_wconf 88' lang='lat' dir='ltr'>apud</span> <span class='ocrx_word' id='word_1_590' title='bbox 771 2002 899 2030; x_wconf 85' lang='lat' dir='ltr'>Nouium</span> <span class='ocrx_word' id='word_1_591' title='bbox 921 2002 940 2029; x_wconf 93' lang='lat'>1.</span> <span class='ocrx_word' id='word_1_592' title='bbox 959 2012 983 2029; x_wconf 90' lang='lat' dir='ltr'>c.</span> <span class='ocrx_word' id='word_1_593' title='bbox 1008 2001 1058 2030; x_wconf 90' lang='lat' dir='ltr'>ubi</span> <span class='ocrx_word' id='word_1_594' title='bbox 1081 2000 1189 2036; x_wconf 68' lang='lat' dir='ltr'>lutari,</span> <span class='ocrx_word' id='word_1_595' title='bbox 1227 2006 1325 2040; x_wconf 84' lang='lat' dir='ltr'>aperte</span> <span class='ocrx_word' id='word_1_596' title='bbox 1354 2012 1407 2040; x_wconf 88' lang='lat' dir='ltr'>pro</span> <span class='ocrx_word' id='word_1_597' title='bbox 1431 2001 1516 2031; x_wconf 76' lang='lat' dir='ltr'>litavi</span> <span class='ocrx_word' id='word_1_598' title='bbox 1537 2001 1656 2031; x_wconf 76' lang='lat' dir='ltr'>dicitur.</span> <span class='ocrx_word' id='word_1_599' title='bbox 1702 2000 1826 2039; x_wconf 87' lang='lat' dir='ltr'>Propior</span> <span class='ocrx_word' id='word_1_600' title='bbox 1849 2004 1945 2028; x_wconf 81' lang='lat' dir='ltr'>tamen</span> <span class='ocrx_word' id='word_1_601' title='bbox 1969 2004 2012 2028; x_wconf 84' lang='lat' dir='ltr'>est</span> <span class='ocrx_word' id='word_1_602' title='bbox 2035 2001 2182 2028; x_wconf 86' lang='lat' dir='ltr'>Sanscrita</span> 
     </span>
     <span class='ocr_line' id='line_1_43' title="bbox 250 2039 2182 2083; baseline 0.002 -16"><span class='ocrx_word' id='word_1_603' title='bbox 250 2040 333 2068; x_wconf 77' lang='lat' dir='ltr'>radix</span> <span class='ocrx_word' id='word_1_604' title='bbox 356 2039 392 2076; x_wconf 81' lang='lat' dir='ltr'>li,</span> <span class='ocrx_word' id='word_1_605' title='bbox 415 2052 487 2078; x_wconf 85' lang='lat' dir='ltr'>quae</span> <span class='ocrx_word' id='word_1_606' title='bbox 511 2045 623 2073; x_wconf 80' lang='lat' dir='ltr'>solvere</span> <span class='ocrx_word' id='word_1_607' title='bbox 646 2044 800 2081; x_wconf 65' lang='lat' dir='ltr'>significat.</span> <span class='ocrx_word' id='word_1_608' title='bbox 841 2045 885 2072; x_wconf 82' lang='lat' dir='ltr'>Ex</span> <span class='ocrx_word' id='word_1_609' title='bbox 910 2054 966 2082; x_wconf 89' lang='lat' dir='ltr'>qua</span> <span class='ocrx_word' id='word_1_610' title='bbox 990 2049 1130 2083; x_wconf 80' lang='lat' dir='ltr'>apparet,</span> <span class='ocrx_word' id='word_1_611' title='bbox 1155 2055 1210 2082; x_wconf 90' lang='lat' dir='ltr'>qua</span> <span class='ocrx_word' id='word_1_612' title='bbox 1233 2045 1347 2072; x_wconf 87' lang='lat' dir='ltr'>ratione</span> <span class='ocrx_word' id='word_1_613' title='bbox 1370 2043 1454 2072; x_wconf 75' lang='lat' dir='ltr'>litare</span> <span class='ocrx_word' id='word_1_614' title='bbox 1476 2054 1530 2082; x_wconf 86' lang='lat' dir='ltr'>pro</span> <span class='ocrx_word' id='word_1_615' title='bbox 1553 2042 1648 2072; x_wconf 73' lang='lat' dir='ltr'>lutare</span> <span class='ocrx_word' id='word_1_616' title='bbox 1669 2043 1729 2071; x_wconf 73' lang='lat' dir='ltr'>«lici</span> <span class='ocrx_word' id='word_1_617' title='bbox 1751 2042 1891 2081; x_wconf 88' lang='lat' dir='ltr'>potuerit.</span> <span class='ocrx_word' id='word_1_618' title='bbox 1931 2042 2024 2079; x_wconf 85' lang='lat' dir='ltr'>Igitur</span> <span class='ocrx_word' id='word_1_619' title='bbox 2046 2042 2182 2071; x_wconf 84' lang='lat' dir='ltr'>Sanscri-</span> 
     </span>
     <span class='ocr_line' id='line_1_44' title="bbox 250 2080 2181 2128; baseline 0.003 -19"><span class='ocrx_word' id='word_1_620' title='bbox 250 2087 311 2110; x_wconf 89' lang='lat' dir='ltr'>tum</span> <span class='ocrx_word' id='word_1_621' title='bbox 334 2080 357 2109; x_wconf 79' lang='lat' dir='ltr'>li</span> <span class='ocrx_word' id='word_1_622' title='bbox 377 2081 430 2128; x_wconf 75' lang='lat'>¹¹.³⁵</span> <span class='ocrx_word' id='word_1_623' title='bbox 453 2084 559 2114; x_wconf 84' lang='lat' dir='ltr'>formas</span> <span class='ocrx_word' id='word_1_624' title='bbox 580 2087 737 2115; x_wconf 77' lang='lat' dir='ltr'>verborum</span> <span class='ocrx_word' id='word_1_625' title='bbox 762 2087 933 2125; x_wconf 83' lang='lat' dir='ltr'>progenuit:</span> <span class='ocrx_word' id='word_1_626' title='bbox 965 2086 1009 2115; x_wconf 76' lang='lat' dir='ltr'>leo</span> <span class='ocrx_word' id='word_1_627' title='bbox 1033 2087 1125 2121; x_wconf 88' lang='lat' dir='ltr'>(unde</span> <span class='ocrx_word' id='word_1_628' title='bbox 1149 2085 1241 2122; x_wconf 72' lang='lat' dir='ltr'>deleo)</span> <span class='ocrx_word' id='word_1_629' title='bbox 1265 2085 1331 2123; x_wconf 85' lang='lat' dir='ltr'>luo,</span> <span class='ocrx_word' id='word_1_630' title='bbox 1359 2086 1434 2123; x_wconf 81' lang='grc' dir='ltr'><em>λύω,</em></span> <span class='ocrx_word' id='word_1_631' title='bbox 1466 2083 1576 2122; x_wconf 53' lang='lat' dir='ltr'>«ittam,</span> <span class='ocrx_word' id='word_1_632' title='bbox 1606 2085 1704 2122; x_wconf 78' lang='lat' dir='ltr'>solvo,</span> <span class='ocrx_word' id='word_1_633' title='bbox 1728 2090 1754 2114; x_wconf 87' lang='lat' dir='ltr'>et</span> <span class='ocrx_word' id='word_1_634' title='bbox 1777 2085 1994 2123; x_wconf 81' lang='lat' dir='ltr'>frequentativa</span> <span class='ocrx_word' id='word_1_635' title='bbox 2016 2084 2096 2122; x_wconf 76' lang='lat' dir='ltr'>luto,</span> <span class='ocrx_word' id='word_1_636' title='bbox 2117 2083 2181 2120; x_wconf 73' lang='lat' dir='ltr'>lito,</span> 
     </span>
     <span class='ocr_line' id='line_1_45' title="bbox 251 2126 698 2162; baseline 0.011 -10"><span class='ocrx_word' id='word_1_637' title='bbox 251 2135 270 2152; x_wconf 84' lang='lat'>1.</span> <span class='ocrx_word' id='word_1_638' title='bbox 286 2134 309 2153; x_wconf 87' lang='lat' dir='ltr'>e.</span> <span class='ocrx_word' id='word_1_639' title='bbox 333 2133 436 2162; x_wconf 79' lang='lat' dir='ltr'>expio,</span> <span class='ocrx_word' id='word_1_640' title='bbox 467 2126 585 2155; x_wconf 83' lang='lat' dir='ltr'>crimine</span> <span class='ocrx_word' id='word_1_641' title='bbox 607 2130 698 2157; x_wconf 80' lang='lat' dir='ltr'>solvo.</span> 
     </span>
    </p>

    <p class='ocr_par' dir='ltr' id='par_1_12' title="bbox 252 2164 2180 2295">
     <span class='ocr_line' id='line_1_46' title="bbox 412 2164 2180 2212; baseline 0.001 -17"><span class='ocrx_word' id='word_1_642' title='bbox 412 2164 545 2212; x_wconf 63' lang='lat' dir='ltr'>Limne.</span> <span class='ocrx_word' id='word_1_643' title='bbox 588 2170 686 2199; x_wconf 78' lang='lat' dir='ltr'>Potius</span> <span class='ocrx_word' id='word_1_644' title='bbox 710 2182 722 2197; x_wconf 80' lang='lat' dir='ltr'>a</span> <span class='ocrx_word' id='word_1_645' title='bbox 747 2170 810 2207; x_wconf 68' lang='lat' dir='ltr'>lix,</span> <span class='ocrx_word' id='word_1_646' title='bbox 845 2182 937 2209; x_wconf 86' lang='lat' dir='ltr'>aqua,</span> <span class='ocrx_word' id='word_1_647' title='bbox 975 2172 1041 2209; x_wconf 85' lang='lat' dir='ltr'>quia</span> <span class='ocrx_word' id='word_1_648' title='bbox 1071 2181 1172 2200; x_wconf 89' lang='lat' dir='ltr'>eorum</span> <span class='ocrx_word' id='word_1_649' title='bbox 1205 2181 1312 2199; x_wconf 85' lang='lat' dir='ltr'>munus</span> <span class='ocrx_word' id='word_1_650' title='bbox 1337 2176 1404 2203; x_wconf 66' lang='lat' dir='ltr'>grat</span> <span class='ocrx_word' id='word_1_651' title='bbox 1434 2181 1538 2208; x_wconf 86' lang='lat' dir='ltr'>aquam</span> <span class='ocrx_word' id='word_1_652' title='bbox 1566 2171 1642 2199; x_wconf 87' lang='lat' dir='ltr'>serre</span> <span class='ocrx_word' id='word_1_653' title='bbox 1665 2170 1815 2199; x_wconf 85' lang='lat' dir='ltr'>militibus.</span> <span class='ocrx_word' id='word_1_654' title='bbox 1861 2169 1953 2198; x_wconf 88' lang='lat' dir='ltr'>Vela</span> <span class='ocrx_word' id='word_1_655' title='bbox 1976 2167 2105 2198; x_wconf 69' lang='lat' dir='ltr'>limando</span> <span class='ocrx_word' id='word_1_656' title='bbox 2128 2178 2180 2196; x_wconf 85' lang='lat' dir='ltr'>co-</span> 
     </span>
     <span class='ocr_line' id='line_1_47' title="bbox 252 2207 2178 2252; baseline 0.001 -16"><span class='ocrx_word' id='word_1_657' title='bbox 252 2207 386 2246; x_wconf 88' lang='lat' dir='ltr'>quendo,</span> <span class='ocrx_word' id='word_1_658' title='bbox 412 2217 479 2244; x_wconf 82' lang='lat' dir='ltr'>quia</span> <span class='ocrx_word' id='word_1_659' title='bbox 504 2210 583 2237; x_wconf 82' lang='lat' dir='ltr'>cibos</span> <span class='ocrx_word' id='word_1_660' title='bbox 607 2213 768 2248; x_wconf 67' lang='lat' dir='ltr'>coquebant</span> <span class='ocrx_word' id='word_1_661' title='bbox 794 2214 942 2243; x_wconf 64' lang='lat' dir='ltr'>militibus.</span> <span class='ocrx_word' id='word_1_662' title='bbox 966 2214 1050 2243; x_wconf 88' lang='lat' dir='ltr'>Dac.</span> <span class='ocrx_word' id='word_1_663' title='bbox 1082 2215 1104 2242; x_wconf 84' lang='grc' dir='ltr'><strong>Α</strong></span> <span class='ocrx_word' id='word_1_664' title='bbox 1128 2212 1194 2243; x_wconf 68' lang='lat' dir='ltr'>lixa</span> <span class='ocrx_word' id='word_1_665' title='bbox 1218 2215 1236 2242; x_wconf 92' lang='lat' dir='ltr'>i.</span> <span class='ocrx_word' id='word_1_666' title='bbox 1256 2224 1279 2242; x_wconf 91' lang='lat' dir='ltr'>e.</span> <span class='ocrx_word' id='word_1_667' title='bbox 1302 2223 1376 2251; x_wconf 82' lang='lat' dir='ltr'>aqua</span> <span class='ocrx_word' id='word_1_668' title='bbox 1394 2213 1505 2241; x_wconf 88' lang='lat' dir='ltr'>Nonius</span> <span class='ocrx_word' id='word_1_669' title='bbox 1530 2213 1610 2252; x_wconf 81' lang='lat' dir='ltr'>(pag.</span> <span class='ocrx_word' id='word_1_670' title='bbox 1625 2215 1674 2245; x_wconf 81' lang='lat'>62.</span> <span class='ocrx_word' id='word_1_671' title='bbox 1694 2213 1797 2250; x_wconf 86' lang='lat' dir='ltr'>Merc.)</span> <span class='ocrx_word' id='word_1_672' title='bbox 1820 2212 1941 2241; x_wconf 87' lang='lat' dir='ltr'>deducit</span> <span class='ocrx_word' id='word_1_673' title='bbox 1962 2212 2048 2241; x_wconf 83' lang='lat' dir='ltr'>lixas.</span> <span class='ocrx_word' id='word_1_674' title='bbox 2075 2208 2178 2240; x_wconf 72' lang='lat' dir='ltr'>Goth.</span> 
     </span>
     <span class='ocr_line' id='line_1_48' title="bbox 253 2248 2034 2295; baseline 0.003 -18"><span class='ocrx_word' id='word_1_675' title='bbox 253 2250 354 2279; x_wconf 77' lang='lat' dir='ltr'>Liaeae</span> <span class='ocrx_word' id='word_1_676' title='bbox 374 2248 454 2277; x_wconf 86' lang='lat' dir='ltr'>haud</span> <span class='ocrx_word' id='word_1_677' title='bbox 477 2250 565 2279; x_wconf 87' lang='lat' dir='ltr'>dubie</span> <span class='ocrx_word' id='word_1_678' title='bbox 589 2262 603 2278; x_wconf 89' lang='lat' dir='ltr'>a</span> <span class='ocrx_word' id='word_1_679' title='bbox 626 2252 725 2291; x_wconf 71' lang='lat' dir='ltr'>ligere,</span> <span class='ocrx_word' id='word_1_680' title='bbox 755 2257 873 2293; x_wconf 73' lang='lat' dir='ltr'>antique</span> <span class='ocrx_word' id='word_1_681' title='bbox 899 2267 952 2294; x_wconf 86' lang='lat' dir='ltr'>pro</span> <span class='ocrx_word' id='word_1_682' title='bbox 976 2255 1082 2295; x_wconf 80' lang='lat' dir='ltr'>ligare,</span> <span class='ocrx_word' id='word_1_683' title='bbox 1109 2257 1185 2284; x_wconf 85' lang='lat' dir='ltr'>unde</span> <span class='ocrx_word' id='word_1_684' title='bbox 1208 2254 1304 2285; x_wconf 73' lang='lat' dir='ltr'>lictor.</span> <span class='ocrx_word' id='word_1_685' title='bbox 1347 2256 1412 2284; x_wconf 82' lang='lat' dir='ltr'>Erit</span> <span class='ocrx_word' id='word_1_686' title='bbox 1433 2256 1521 2291; x_wconf 63' lang='lat' dir='ltr'>igitur</span> <span class='ocrx_word' id='word_1_687' title='bbox 1544 2255 1626 2291; x_wconf 68' lang='lat' dir='ltr'>lixa,</span> <span class='ocrx_word' id='word_1_688' title='bbox 1652 2256 1701 2293; x_wconf 91' lang='lat' dir='ltr'>qui</span> <span class='ocrx_word' id='word_1_689' title='bbox 1725 2255 1931 2294; x_wconf 82' lang='lat' dir='ltr'>impedimenta</span> <span class='ocrx_word' id='word_1_690' title='bbox 1954 2254 2034 2292; x_wconf 82' lang='lat' dir='ltr'>ligat.</span> 
     </span>
    </p>

    <p class='ocr_par' dir='ltr' id='par_1_13' title="bbox 252 2290 2179 2422">
     <span class='ocr_line' id='line_1_49' title="bbox 317 2290 2179 2340; baseline 0.001 -18"><span class='ocrx_word' id='word_1_691' title='bbox 317 2333 322 2340; x_wconf 45' lang='grc' dir='ltr'>Ι</span> <span class='ocrx_word' id='word_1_692' title='bbox 412 2290 593 2340; x_wconf 42' lang='grc' dir='ltr'>..Ῑκίηςιιῖιι</span> <span class='ocrx_word' id='word_1_693' title='bbox 639 2294 775 2323; x_wconf 70' lang='lat' dir='ltr'>Martialis</span> <span class='ocrx_word' id='word_1_694' title='bbox 799 2298 849 2328; x_wconf 78' lang='lat' dir='ltr'>lib,</span> <span class='ocrx_word' id='word_1_695' title='bbox 874 2299 926 2327; x_wconf 89' lang='lat' dir='ltr'>ult.</span> <span class='ocrx_word' id='word_1_696' title='bbox 951 2298 1047 2337; x_wconf 78' lang='lat' dir='ltr'>(xlv,</span> <span class='ocrx_word' id='word_1_697' title='bbox 1073 2297 1170 2337; x_wconf 78' lang='lat'>120.):</span> <span class='ocrx_word' id='word_1_698' title='bbox 1209 2297 1351 2335; x_wconf 78' lang='lat' dir='ltr'>Quamvis</span> <span class='ocrx_word' id='word_1_699' title='bbox 1372 2310 1418 2326; x_wconf 83' lang='lat' dir='ltr'>me</span> <span class='ocrx_word' id='word_1_700' title='bbox 1438 2297 1561 2337; x_wconf 77' lang='lat' dir='ltr'>ligulam</span> <span class='ocrx_word' id='word_1_701' title='bbox 1585 2296 1686 2327; x_wconf 74' lang='lat' dir='ltr'>dicant</span> <span class='ocrx_word' id='word_1_702' title='bbox 1709 2299 1871 2338; x_wconf 72' lang='lat' dir='ltr'>equitesque</span> <span class='ocrx_word' id='word_1_703' title='bbox 1890 2304 2057 2337; x_wconf 77' lang='lat' dir='ltr'>patresque,</span> <span class='ocrx_word' id='word_1_704' title='bbox 2087 2294 2179 2322; x_wconf 73' lang='lat' dir='ltr'>Dicor</span> 
     </span>
     <span class='ocr_line' id='line_1_50' title="bbox 253 2331 2179 2380; baseline 0.002 -19"><span class='ocrx_word' id='word_1_705' title='bbox 253 2332 290 2362; x_wconf 87' lang='lat' dir='ltr'>ab</span> <span class='ocrx_word' id='word_1_706' title='bbox 312 2331 438 2380; x_wconf 69' lang='lat' dir='ltr'>indoctis</span> <span class='ocrx_word' id='word_1_707' title='bbox 459 2333 557 2373; x_wconf 77' lang='lat' dir='ltr'>Lingu</span> <span class='ocrx_word' id='word_1_708' title='bbox 574 2345 591 2362; x_wconf 87' lang='lat' dir='ltr'>a</span> <span class='ocrx_word' id='word_1_709' title='bbox 613 2339 821 2373; x_wconf 76' lang='lat' dir='ltr'>grammaticis.</span> <span class='ocrx_word' id='word_1_710' title='bbox 844 2341 929 2368; x_wconf 73' lang='lat' dir='ltr'>Ant.</span> <span class='ocrx_word' id='word_1_711' title='bbox 952 2341 1048 2380; x_wconf 74' lang='lat' dir='ltr'>Aug.</span> <span class='ocrx_word' id='word_1_712' title='bbox 1089 2341 1192 2369; x_wconf 83' lang='lat' dir='ltr'>Graeci</span> <span class='ocrx_word' id='word_1_713' title='bbox 1216 2339 1364 2378; x_wconf 75' lang='lat' dir='ltr'>Lingula,</span> <span class='ocrx_word' id='word_1_714' title='bbox 1390 2343 1521 2378; x_wconf 78' lang='grc' dir='ltr'><strong><em>μῦστρος</em></strong></span> <span class='ocrx_word' id='word_1_715' title='bbox 1544 2340 1592 2370; x_wconf 82' lang='grc' dir='ltr'>καὶ</span> <span class='ocrx_word' id='word_1_716' title='bbox 1616 2341 1748 2380; x_wconf 77' lang='grc' dir='ltr'><em>γλωσσίς.</em></span> <span class='ocrx_word' id='word_1_717' title='bbox 1787 2340 1863 2368; x_wconf 83' lang='lat' dir='ltr'>Malo</span> <span class='ocrx_word' id='word_1_718' title='bbox 1886 2344 1983 2368; x_wconf 85' lang='lat' dir='ltr'>tamen</span> <span class='ocrx_word' id='word_1_719' title='bbox 2007 2337 2122 2375; x_wconf 82' lang='lat' dir='ltr'>Ligula,</span> <span class='ocrx_word' id='word_1_720' title='bbox 2146 2340 2179 2364; x_wconf 88' lang='lat' dir='ltr'>ut</span> 
     </span>
     <span class='ocr_line' id='line_1_51' title="bbox 252 2375 2095 2422; baseline 0.003 -19"><span class='ocrx_word' id='word_1_721' title='bbox 252 2375 409 2412; x_wconf 66' lang='lat' dir='ltr'>Martialis,</span> <span class='ocrx_word' id='word_1_722' title='bbox 432 2380 459 2404; x_wconf 88' lang='lat' dir='ltr'>et</span> <span class='ocrx_word' id='word_1_723' title='bbox 481 2377 553 2406; x_wconf 86' lang='lat' dir='ltr'>aliae</span> <span class='ocrx_word' id='word_1_724' title='bbox 577 2377 697 2405; x_wconf 64' lang='lat' dir='ltr'>Glesae</span> <span class='ocrx_word' id='word_1_725' title='bbox 723 2379 849 2417; x_wconf 76' lang='lat' dir='ltr'>Lingula</span> <span class='ocrx_word' id='word_1_726' title='bbox 871 2384 1024 2419; x_wconf 73' lang='grc' dir='ltr'>μυστρὶον.</span> <span class='ocrx_word' id='word_1_727' title='bbox 1047 2381 1149 2413; x_wconf 81' lang='lat' dir='ltr'>Scal.</span> <span class='ocrx_word' id='word_1_728' title='bbox 1194 2383 1335 2411; x_wconf 70' lang='lat' dir='ltr'>Martialis</span> <span class='ocrx_word' id='word_1_729' title='bbox 1358 2388 1455 2411; x_wconf 87' lang='lat' dir='ltr'>tamen</span> <span class='ocrx_word' id='word_1_730' title='bbox 1477 2382 1546 2411; x_wconf 93' lang='lat' dir='ltr'>alibi</span> <span class='ocrx_word' id='word_1_731' title='bbox 1569 2381 1712 2422; x_wconf 76' lang='lat' dir='ltr'>lingulam</span> <span class='ocrx_word' id='word_1_732' title='bbox 1736 2383 1856 2421; x_wconf 82' lang='lat' dir='ltr'>scripsit</span> <span class='ocrx_word' id='word_1_733' title='bbox 1878 2382 1928 2412; x_wconf 90' lang='lat' dir='ltr'>lib.</span> <span class='ocrx_word' id='word_1_734' title='bbox 1943 2385 1978 2417; x_wconf 78' lang='grc'>2,</span> <span class='ocrx_word' id='word_1_735' title='bbox 2000 2378 2095 2419; x_wconf 70' lang='grc'>(29.);</span> 
     </span>
    </p>

    <p class='ocr_par' dir='ltr' id='par_1_14' title="bbox 824 2421 1532 2464">
     <span class='ocr_line' id='line_1_52' title="bbox 824 2421 1532 2464; baseline 0.007 -15"><span class='ocrx_word' id='word_1_736' title='bbox 824 2421 889 2450; x_wconf 82' lang='lat' dir='ltr'>Non</span> <span class='ocrx_word' id='word_1_737' title='bbox 912 2423 1041 2452; x_wconf 76' lang='lat' dir='ltr'>hesterna</span> <span class='ocrx_word' id='word_1_738' title='bbox 1063 2424 1140 2452; x_wconf 76' lang='lat' dir='ltr'>sede!</span> <span class='ocrx_word' id='word_1_739' title='bbox 1161 2423 1262 2453; x_wconf 73' lang='lat' dir='ltr'>lunata</span> <span class='ocrx_word' id='word_1_740' title='bbox 1286 2423 1399 2464; x_wconf 72' lang='lat' dir='ltr'>lingula</span> <span class='ocrx_word' id='word_1_741' title='bbox 1418 2424 1532 2464; x_wconf 75' lang='lat' dir='ltr'>planta.</span> 
     </span>
    </p>
   </div>
  </div>
 </body>
</html>
