2263 2668
568 137 632 170 DE
660 135 1046 172 SIGNIFICATIONE
1073 136 1355 172 VERBORUM.
1414 140 1558 176 LIBER
1581 143 1622 175 X.
1991 148 2066 183 473

114 231 189 259 Sane
212 229 293 258 nullo
316 229 486 258 discrimine
507 234 666 268 utrumque
688 241 703 258 a
724 230 873 259 veteribus
896 228 1034 268 usurpari
1057 229 1142 258 facite
1166 231 1350 261 crediderim.
1389 234 1461 262 Nam
1481 245 1495 262 a
1512 232 1629 273 lingua,
1652 233 1784 274 lingula,
1808 247 1940 276 syncope
1963 238 2066 279 ligula,

114 273 216 311 Neque
240 273 314 300 enim
340 284 354 300 a
378 271 500 312 ligando
530 272 590 300 dici
618 273 710 311 possit
736 273 848 311 lingula
875 277 908 301 ut
930 271 1044 311 placuit
1068 271 1201 301 Charisio
1225 275 1301 313 (pag.
1316 278 1385 307 100.
1411 277 1508 313 Fabr.)
1534 281 1561 305 et
1584 277 1731 305 luvenalis
1755 278 1947 310 Scholiastae.
1992 285 2067 313 Sunt

116 320 213 344 autem
237 316 336 343 variae
359 314 447 343 huius
470 315 552 343 vocis
573 315 726 352 notiones,
759 327 824 344 nam
848 314 940 354 ligula
963 314 1024 343 sive
1048 313 1161 353 lingula
1185 317 1295 345 dicitur
1317 318 1346 346 in
1371 319 1477 347 calceis
1500 319 1618 357 linguae
1641 320 1734 348 instar
1757 321 1944 360 fastigiatum.
1990 325 2066 354 Mar-

114 358 193 386 tialis
217 368 314 396 supra.
354 358 424 386 Item
446 355 538 396 ligula
561 357 591 385 in
614 357 710 395 tibiis,
735 368 822 396 quam
847 357 960 397 pariter
981 358 1128 396 γλωσσίδα
1150 358 1254 387 Graeci
1278 365 1396 389 vocant.
1445 362 1583 390 Luciam:
1615 363 1670 398 Εἰς
1692 362 1746 402 τὴν
1768 366 1918 404 γλωσσίδα
1938 370 1993 397 τοῦ
2014 364 2065 399 αὖ-

116 403 171 430 λοῦ
193 397 300 431 λεπτόν
323 412 349 430 τι
372 400 500 438 ἐμπνεῖν.
536 400 638 437 Ligula
662 406 759 429 autem
783 401 1027 436 instrumentum,
1052 409 1112 437 quo
1135 403 1304 430 aromatarii
1329 409 1512 440 unguentum
1538 405 1672 433 educunt
1695 415 1710 432 e
1733 407 1824 443 vasis,
1850 408 1927 436 idem
1951 410 2066 447 gladio-

116 443 162 471 lus
186 445 215 471 in
238 443 366 481 speeiem
390 442 505 479 linguae
529 442 634 470 sactus.
673 443 744 471 Item
764 453 916 478 mensura,
941 447 1045 480 quarta
1070 452 1138 480 pars
1162 443 1270 482 cyathi.
1308 445 1342 472 ln
1365 447 1462 474 verbis
1485 447 1563 475 Festi
1587 457 1659 485 pro:
1690 447 1771 488 infra
1795 448 1891 478 [lentes
1913 454 2065 490 coercitae,

116 486 180 523 lege
205 496 270 513 cuni
297 485 414 513 vossio:
448 485 526 513 intra
550 483 646 513 denies
669 487 820 514 coercitae.
851 485 937 514 Dac.
982 485 1045 512 Duo
1070 485 1216 514 vocabula
1241 487 1400 524 diligenter
1422 494 1492 517 sunt
1515 489 1738 527 distinguenda,
1776 489 1869 530 ligula
1893 504 1907 521 a
1931 493 2064 533 ligando,

117 533 145 556 et
166 526 298 567 lingula,
323 526 538 556 deminutivum
561 538 576 554 a
599 525 710 566 lingua.
751 528 828 556 Illud
852 526 945 566 ligula
969 527 1112 562 ostendit,
1142 539 1249 557 nomen
1272 528 1334 569 liga
1355 530 1386 558 in
1410 541 1463 559 usu
1487 532 1591 568 fuisse,
1617 532 1695 570 quod
1721 534 1862 562 convenit
1884 545 1951 564 cum
1975 537 2065 567 Grae-

117 580 222 598 corum
245 568 349 609 laiyog,
387 570 464 598 unde
486 570 603 609 λυγίζω.
649 569 769 608 Lingua
800 574 912 606 autem,
953 569 1000 598 cui
1028 570 1191 608 respondet
1215 572 1399 600 Sanscritum
1426 572 1581 611 dsclzilzva,
1620 575 1774 603 descendit
1797 586 1811 604 a
1836 578 1986 607 Sanscrito
2011 578 2062 617 lib,

117 616 221 651 λείχω,
246 613 335 650 lingo.
380 613 471 649 {gitur
493 612 536 640 sic
559 613 676 640 variant
699 623 848 641 sermones
872 612 1107 650 lndogerinanici
1130 613 1161 640 in
1182 613 1241 642 hoc
1264 615 1422 643 vocabulo:
1447 618 1560 645 Sanscr.
1586 616 1741 654 dschilwa,
1766 618 1816 646 Gr.
1841 622 1956 657 γλῶσσα
1979 622 2063 659 (olim

117 657 227 695 γλῶχα,
252 656 330 683 unde
353 655 476 696 γλωχίν,
500 656 590 695 γλώξ)
614 655 675 684 Lat.
701 653 827 694 dingua,
849 653 968 694 lingua,
1000 655 1097 684 Germ.
1121 656 1237 695 Zunge,
1269 657 1332 686 But.
1360 658 1476 697 Tonge,
1507 659 1588 696 Angl.
1613 667 1731 698 tongue,
1764 660 1800 689 Fr
1833 659 1955 701 langue,
1978 663 2062 703 Hisp.

118 696 231 738 lengua.
277 698 372 726 Habes
394 699 485 735 igitur
508 697 726 725 demutationes
749 697 896 726 vocalium
921 698 1058 726 solennes
1081 698 1147 726 illas
1169 709 1202 733 a,
1226 710 1257 734 e,
1279 700 1304 735 i,
1328 710 1362 739 0,
1384 712 1425 735 w,
1449 712 1482 737 τις
1508 701 1544 729 de
1569 702 1677 740 quibus
1701 712 1787 741 saepe
1809 703 1866 731 iam
1891 705 2028 736 diximus.

282 738 448 768 Libello.
492 739 527 767 V.
547 740 565 767 l.
589 739 715 768 ludices.
740 741 769 767 C⁴
794 740 831 768 de
854 740 970 779 Episco.
993 740 1153 768 audientia.
1203 739 1308 770 Goth.
1536 738 1540 741 .

282 782 334 810 La
345 783 402 812 cii.
448 780 560 811 Lucere
583 783 612 811 in
625 780 770 823 fraudem
794 782 871 810 dixit
893 783 1008 811 Luci—et.
1031 783 1081 813 lib.
1096 783 1131 819 5,
1155 782 1224 822 (IV,
1251 783 1371 823 1200.):

634 824 717 863 Quae
738 823 833 853 lacere
854 825 884 853 in
898 824 1043 864 fraudem
1064 833 1179 865 possent
1202 826 1370 866 vinctosque
1392 833 1523 855 tenerent.

119 868 141 894 A
166 865 259 895 lacere
282 872 326 896 est
349 865 475 903 lactare,
499 871 532 894 ut
555 877 570 894 a
594 865 697 895 {lucere
719 865 846 897 ductare.
891 867 1019 897 Laetare
1042 873 1085 897 est
1108 868 1260 897 blanditiis
1282 868 1415 905 trahere,
1447 869 1525 897 unde
1549 867 1688 905 delectat,
1714 869 1842 909 illectat,
1868 870 1985 910 decrat,
2011 873 2064 902 ob-

118 908 215 937 lectat.
240 910 326 938 Dae.
358 909 432 938 Vide
455 919 546 947 supra
569 908 696 938 Adlicit.
728 909 805 937 Hinc
830 909 925 938 Gloss.
950 910 1083 939 Lacebra
1107 910 1252 939 seductio.
1300 910 1404 942 Goth.

282 951 431 983 Lituus,
476 952 558 980 Tuba
582 952 706 980 incurva
730 952 861 990 equitum
885 953 1025 991 propria,
1058 954 1097 981 ita
1123 953 1200 982 dicta
1224 964 1283 982 non
1307 965 1322 981 a
1346 953 1411 990 lite,
1438 959 1471 982 ut
1494 953 1559 981 vult
1582 954 1699 990 Festus,
1727 955 1775 982 sed
1801 966 1815 983 a
1840 956 1953 984 Graeco
1975 955 2063 993 λιτάς,

118 993 225 1029 tenuis,
256 1001 368 1024 acutus.
409 995 486 1022 Litui
516 994 592 1022 enim
623 999 728 1023 acutus
758 999 801 1023 est
828 1005 927 1026 sonus.
957 995 1047 1024 Dac.
1085 996 1212 1026 Liticen.
1238 996 1315 1025 Gell.
1331 997 1406 1033 XX,
1429 999 1459 1027 2.
1492 996 1579 1024 Ovid.
1604 996 1714 1027 Fastor.
1734 997 1781 1027 vl.
1820 997 1888 1026 Dixi
1911 999 1949 1028 ad
1972 999 2064 1038 legem

117 1036 185 1066 XII.
203 1036 394 1066 Tabularum.
430 1037 543 1065 Glossis
566 1037 677 1066 Liticen
701 1035 954 1077 ἷεροσαλπιγκτής.
983 1036 1087 1067 Goth.
1119 1037 1266 1079 Effundit.
1299 1039 1419 1068 Effudit.
1464 1037 1572 1067 Idem.

284 1078 388 1108 Litis
411 1078 604 1109 cecidisse.
648 1079 721 1109 Liti.
745 1079 811 1108 Liti
825 1090 880 1118 pro
896 1079 953 1109 lite.
978 1080 1040 1109 Lite
1064 1080 1169 1110 cadere
1190 1081 1303 1110 dictum
1325 1086 1358 1110 ut
1377 1091 1479 1110 caussa
1499 1081 1613 1110 cadere.
1637 1080 1724 1109 Dae.
1756 1080 1829 1110 Liti.
1855 1081 1936 1111 Litis.
1961 1081 2064 1113 Goth.

283 1120 555 1151 Liaeabundus.
601 1122 724 1150 Glossae
746 1123 871 1152 Isidori:
906 1121 1111 1152 Liaeabundus
1133 1122 1282 1161 ambulat,
1310 1125 1362 1165 qui
1383 1123 1542 1164 voluptatis
1564 1134 1668 1153 caussa
1690 1122 1831 1154 ambulat.
1856 1123 1958 1155 Scal.
2002 1125 2065 1155 Li-

118 1174 194 1192 :rare
216 1168 259 1192 est
282 1162 367 1192 lixae
387 1164 480 1193 instar
502 1165 726 1202 circumvagari.

282 1205 460 1235 Licitaii.
505 1207 678 1236 Licitatione
701 1207 920 1237 contendentes,
958 1207 1040 1237 Unde
1063 1206 1177 1237 licitari
1197 1219 1252 1248 pro
1275 1218 1427 1248 pugnare,
1454 1207 1605 1246 congredi.
1639 1208 1713 1236 Enn.
1737 1207 1827 1246 (apud
1850 1208 1925 1238 Non.
1949 1220 1978 1248 p.
1993 1210 2063 1242 134.

117 1248 236 1286 Merc.):

695 1289 769 1319 Pars
791 1289 904 1320 ludicre
925 1302 1004 1320 sama
1026 1293 1156 1330 iactant,
1182 1294 1256 1323 inter
1277 1305 1306 1323 se
1328 1292 1488 1323 licitantur.

118 1333 172 1362 Da
182 1344 205 1362 cv
244 1333 328 1361 Adde
352 1343 442 1372 supra
465 1331 659 1363 Inliciiatum.
698 1333 773 1361 Hinc
796 1334 927 1362 animose
948 1333 1048 1363 licitus
1068 1336 1098 1363 in
1121 1336 1202 1367 l.29.
1217 1336 1247 1366 ff.
1270 1336 1406 1365 familiae.
1444 1336 1488 1364 De
1509 1333 1649 1363 vestibulo
1672 1333 1771 1371 liceri,·
1795 1336 1823 1362 in
1847 1335 1930 1365 l.19.
1955 1336 1978 1372 §.
1994 1338 2021 1366 1.
2035 1336 2065 1367 ff.

121 1385 271 1405 commun.
296 1375 473 1405 dividundo.
510 1376 588 1404 Hinc
611 1374 738 1404 licitatio
761 1376 780 1404 l.
794 1378 823 1407 6.
847 1377 928 1408 l.22.
953 1378 976 1414 §.
992 1380 1017 1407 1.
1032 1377 1061 1406 ff.
1084 1378 1232 1417 familiae5
1256 1378 1419 1409 licitatione
1441 1379 1552 1407 vincere
1574 1378 1592 1406 l.
1607 1379 1634 1408 9.
1647 1377 1676 1406 ff.
1700 1378 1737 1406 de
1761 1376 1937 1406 Publicanis.
1975 1376 2065 1418 Supe-

119 1419 223 1447 riorem
251 1429 309 1446 esse
336 1418 366 1446 in
394 1417 557 1447 licitatione
580 1419 597 1447 1.
610 1420 637 1449 4.
661 1418 731 1447 Cod.
755 1418 792 1447 de
814 1419 983 1457 vectigalib.
1008 1425 1036 1448 et
1059 1421 1233 1452 commissis.
1280 1420 1370 1451 Calor
1399 1420 1542 1450 licitantis
1564 1420 1583 1449 l.
1596 1421 1625 1450 9.
1639 1420 1669 1450 ff.
1693 1420 1728 1448 de
1752 1420 1929 1448 Publicanis.
1963 1417 2066 1451 Goth.

121 1459 336 1490 contendentes.
375 1461 452 1489 Hinc
474 1461 583 1489 licitari
608 1461 703 1489 Nonio
727 1471 876 1500 pugnare⁷
900 1472 1011 1499 rogare.
1057 1463 1183 1492 Glossis:
1216 1463 1346 1494 Licitari
1366 1461 1619 1503 ὗπερθεματίσαι,
1643 1461 1786 1492 Licitaiio
1809 1460 2069 1502 ὖπερθεματισμὸς

119 1508 148 1532 et
171 1500 355 1542 διακήρυξις.
380 1502 488 1531 Idem.
535 1505 598 1532 Duo
621 1503 713 1531 verba
737 1503 786 1532 hic
808 1509 878 1531 sunt
902 1504 1125 1542 distinguenda,
1157 1505 1259 1543 licere,
1291 1507 1371 1535 unde
1393 1505 1476 1543 licet,
1502 1505 1615 1535 licitum
1639 1512 1695 1542 est,
1720 1509 1748 1533 et
1771 1503 1869 1542 liceri,
1894 1505 1973 1533 unde
1994 1503 2068 1534 lici-

119 1546 194 1583 iari,
218 1550 247 1574 et
267 1544 422 1584 polliceri,·
450 1550 613 1584 utrumque
636 1550 733 1574 tamen
759 1557 773 1573 a
797 1547 945 1573 communi
971 1547 1099 1584 quodam
1121 1548 1230 1586 stirpe,
1255 1559 1330 1587 quae
1353 1549 1464 1585 sinere,
1488 1549 1604 1577 mittere
1627 1547 1824 1585 significabat,
1847 1557 1923 1586 quae
1945 1547 2069 1577 fortasse

118 1588 268 1626 reperitur
290 1587 321 1615 in
346 1587 521 1616 Germanico
545 1586 656 1623 lamen,
680 1586 774 1622 laten,
799 1588 877 1616 unde
902 1588 1072 1617 Latinorum
1096 1588 1192 1618 lassus
1214 1590 1233 1619 i.
1256 1601 1280 1621 e.
1304 1591 1462 1627 remissus,
1487 1589 1594 1627 laxus,
1619 1589 1725 1627 luxus,
1749 1590 1768 1618 i.
1791 1600 1814 1618 e.
1839 1590 1963 1619 solutus.
2005 1590 2070 1619 Erit

118 1630 210 1667 igitur
233 1629 300 1658 licet
323 1628 436 1658 licitum
460 1637 516 1665 est,
547 1629 743 1668 permittitur,
774 1630 952 1668 permissum
977 1635 1034 1665 est;
1065 1630 1147 1660 liceri
1168 1637 1197 1660 et
1220 1631 1346 1668 laisari,
1373 1643 1404 1661 se
1427 1633 1558 1669 mittere,
1590 1643 1627 1661 ex
1650 1643 1712 1661 sese
1737 1633 1884 1669 emittere,
1910 1632 1989 1661 unde
2012 1631 2070 1661 bie-

121 1678 168 1700 1en
190 1673 208 1700 i.
228 1682 251 1700 e.
275 1682 379 1709 rogare
402 1672 547 1710 pretium,
571 1673 698 1710 pretium
722 1674 931 1711 pronunciare.
970 1673 1053 1701 Unde
1073 1672 1226 1712 polliceri,
1249 1675 1440 1713 promittere,
1463 1686 1508 1714 pr.
1532 1674 1593 1703 sich
1618 1675 1786 1711 darbieten3
1808 1674 1970 1714 pollucere,
1993 1675 2070 1703 unde

119 1712 301 1753 polluctum,
327 1714 446 1751 offerre3
468 1713 633 1753 polluctum
656 1714 746 1752 igitur
769 1720 811 1743 esi
834 1715 982 1751 oblatum3
1008 1726 1100 1754 quare
1124 1717 1217 1746 Plaut.
1239 1717 1331 1746 Stich.
1348 1718 1392 1755 11,
1418 1721 1453 1755 1,
1477 1720 1527 1749 80.
1566 1717 1616 1745 Uti
1638 1716 1789 1746 decumam
1809 1724 1923 1756 partem
1946 1715 2072 1747 Herculi

119 1754 287 1795 polluceam
310 1757 327 1784 i.
346 1767 370 1786 e.
394 1756 531 1793 offeram,
557 1767 734 1786 consecrem.

290 1799 484 1839 Liquitur.
531 1800 609 1837 Virg.
634 1801 719 1835 (Aen.
735 1800 794 1835 lX,
817 1802 915 1836 813.):
949 1800 1022 1828 Tum
1047 1812 1170 1840 cor-pora
1192 1799 1282 1830 surlor
1305 1799 1436 1841 liquitur.
1482 1801 1569 1831 Duc.

288 1840 455 1880 Lingula
466 1853 515 1871 ca¹
560 1842 651 1870 Piscis
674 1843 789 1880 linguae
813 1844 941 1881 speciem
965 1843 1113 1878 referens,
1139 1844 1260 1872 Graecis
1277 1843 1467 1883 βούγλωσσος
1484 1855 1497 1871 a
1516 1846 1574 1884 βου
1597 1843 1745 1882 particula
1770 1843 1905 1881 epitatica
1930 1846 1958 1870 et
1980 1844 2072 1881 γλῶσ-

124 1893 178 1917 σα,
210 1893 268 1911 non
292 1884 371 1921 quod
394 1884 479 1913 bovis
502 1885 629 1919 lineuam
653 1886 777 1920 referat,
810 1890 843 1913 ut
865 1886 942 1913 male
967 1886 1087 1923 quidam
1110 1886 1235 1924 putavit.
1279 1886 1391 1915 Latinis
1413 1885 1493 1915 solea
1518 1887 1638 1916 dicitur.
1683 1885 1756 1914 Inde
1779 1886 1872 1914 facete
1895 1884 2071 1922 lingulacam

123 1926 311 1954 locuteleiain
336 1927 486 1955 mulierem
511 1928 633 1956 Plautus
657 1928 775 1956 vocavit
798 1928 894 1958 casin.
911 1928 954 1961 11,
979 1930 1025 1958 2.;

585 1970 655 1999 Vin'
679 1969 870 2009 lingulacas?
903 1969 982 2008 Quicl
1006 1981 1078 2009 opus
1100 1977 1155 2006 est,
1184 1969 1304 2010 quando
1327 1981 1408 2000 uxor
1430 1969 1511 2000 ‘lomi
1533 1969 1599 2000 est?

583 2012 626 2041 Ea
649 2011 801 2051 lingulaca
823 2019 864 2041 est
887 2011 987 2047 nobis,
1023 2023 1090 2040 nam
1114 2023 1263 2053 nunquam
1287 2020 1373 2042 tacet.

124 2053 182 2081 Pro
205 2054 385 2091 auguratrix
407 2054 454 2082 vel
473 2053 664 2093 garrulam-im
686 2056 748 2092 lege
773 2065 839 2083 cum
864 2056 990 2083 Cantero
1019 2056 1200 2094 argutairioe.
1225 2055 1311 2084 Dac.
1355 2055 1449 2084 Varro
1474 2055 1510 2084 de
1533 2055 1634 2093 lingua
1657 2054 1731 2093 (Lat.
1746 2053 1786 2089 V,
1812 2055 1861 2084 12.
1884 2063 1913 2091 p.
1927 2055 1978 2085 82.
2003 2052 2074 2092 Sp.).

128 2093 234 2124 Goth.
262 2095 462 2133 Augur-atriae.
493 2096 551 2124 Alii
575 2097 774 2134 gai-iulatrix‚
798 2102 888 2126 recte.
918 2097 1095 2133 Lingulacae
1118 2098 1214 2125 Nonio
1238 2098 1319 2136 (pag.
1331 2100 1382 2130 26.
1403 2108 1468 2137 pag.
1480 2100 1531 2130 50.
1554 2097 1658 2135 Merc.)
1681 2095 1798 2125 verbosi
1821 2100 1848 2124 et
1873 2096 2071 2125 Locutuleiae.

127 2138 182 2166 Alii
206 2138 292 2165 etiarn
318 2137 364 2165 hic
387 2138 490 2176 legunt
513 2141 701 2178 argutam-ix,
733 2145 766 2168 ut
790 2140 954 2174 Canter.4‚
980 2150 1043 2178 cap.
1058 2142 1108 2171 28.
1154 2138 1264 2168 Idem.

290 2179 426 2210 Lance.
472 2181 581 2210 Notum
607 2193 642 2210 e).
666 2183 731 2211 ΧΗ.
750 2182 869 2210 'sabulis
893 2192 953 2210 esse
977 2182 1102 2220 ideoque
1130 2183 1323 2220 repetendum
1353 2192 1389 2211 ex
1418 2182 1524 2211 ultimo
1548 2181 1771 2210 Atheniensium
1801 2182 1876 2209 iure.
1921 2180 1993 2208 Nam
2023 2179 2073 2217 qui

126 2222 333 2261 concipiebant
356 2223 385 2250 in
409 2224 507 2262 aliqua
532 2224 620 2253 domo
644 2226 771 2261 furtum,
799 2224 869 2253 nudi
894 2224 1053 2252 cincticulo
1077 2225 1192 2261 amicti,
1223 2225 1303 2263 quod
1328 2230 1454 2254 vocatur
1477 2224 1524 2253 hic
1547 2223 1665 2261 licium,
1691 2223 1777 2253 aedes
1801 2227 1953 2263 suspectas
1976 2223 2073 2258 ingre-

126 2265 291 2293 diebantur.
338 2266 547 2305 Aristophanes
574 2267 721 2306 Νεφέλαις
746 2266 830 2305 (497.
859 2266 972 2305 l)ind⁴):

725 2326 766 2330 -—
809 2327 849 2331 —
899 2307 1042 2339 Κατάθου
1066 2306 1240 2347 θοιμάτιον·
1267 2307 1397 2348 ἠδίκηκά
1413 2321 1456 2346 τις

731 2349 809 2388 Οὔκ,
837 2347 908 2381 ἀλλὰ
933 2350 1064 2391 γυμνούς
1088 2351 1207 2387 εἰςιέναι
1230 2353 1387 2391 νομίζεται.

725 2391 800 2424 Ἀλλ’
824 2392 884 2433 οὐχὶ
909 2392 1061 2434 φωράσων
1085 2391 1173 2434 ἔγωγ’
1198 2394 1377 2434 εἰςέρχομαι,·

174 2446 340 2473 Grumum·-
362 2456 429 2473 intr.
453 2446 485 2474 Il.
1568 2444 1599 2478 O
1615 2455 1634 2476 ο
1650 2455 1670 2475 0
