2263 2668
507 168 572 202 DE
598 166 988 202 SIGNIFICATIONE
1016 167 1302 203 VERBORUM.
1364 170 1510 205 LIBER
1534 173 1627 209 XIV.
1968 172 2046 209 587

86 270 160 296 erat.
204 264 281 295 Vide
305 263 446 292 Varronis
468 261 578 298 verba,
608 272 683 300 quae
706 271 798 300 supra
820 261 851 290 iu
873 260 1023 290 Porricere
1045 261 1236 292 adduximus.
1262 261 1287 291 S
1294 261 1363 292 cal.
1408 264 1534 304 Peregre
1554 263 1722 305 profecturi
1744 263 1869 294 Herculi
1891 266 2045 296 sacrifica-

85 309 159 338 bant
180 308 211 338 in
233 308 349 342 culina,
375 315 450 343 quae
474 306 536 333 eius
560 304 624 332 aedi
650 305 751 332 iuncta
774 309 844 333 erat.
889 303 978 332 Cuius
1003 304 1111 332 mentio
1134 305 1165 332 in
1188 303 1243 332 hac
1266 304 1475 343 inscriptione:

337 346 538 377 HERCULI
560 345 706 375 SANCO
729 344 919 376 SACRUM
939 344 1030 376 SER.
1049 345 1283 376 SULPITIUS
1306 347 1563 379 TROPHINUS
1584 349 1758 387 AEDEM,
1781 349 2044 389 ZOTHECAM,

175 390 387 422 CULINAM
414 388 609 419 PECUNIA
639 388 729 418 SUA
757 388 792 417 A
821 386 937 417 SOLO
967 387 1222 425 RESTITUIT‚
1259 388 1466 429 IDEMQUE
1492 392 1744 422 DEDICAVIT
1766 392 1806 422 K.
1828 392 1980 423 DECEM
2005 393 2044 423 L.

175 432 389 464 TURPJLIO
418 431 619 469 DEXTRO,
655 429 831 461 MAECIO
859 429 981 460 RUFO
1013 429 1125 462 COSS.
1154 430 1412 463 EUTUGHIUS
1440 434 1531 466 SER.
1561 434 1937 466 PEREGRINANTJB.
1968 434 2045 466 GU-

87 520 122 550 In
144 530 180 550 eo
202 519 347 548 sacrificio
370 517 393 547 si
415 516 487 555 quid
509 526 546 545 ex
569 516 702 556 pollucta
723 516 800 554 dape
821 515 969 553 reliquum
991 519 1069 553 erat,
1104 515 1136 544 id
1159 527 1244 546 omne
1265 517 1325 555 igni
1348 518 1575 557 absumebatur,
1610 520 1689 549 unde
1711 521 1797 550 iocus
1820 522 1940 550 Catonis
1962 521 2045 561 apud

88 562 222 593 Macrob.
266 562 314 590 Sic
343 560 423 600 apud
446 560 582 588 Plautum
608 559 726 595 Rud.1,
749 562 786 596 2,
809 557 884 598 (62.)
908 558 1070 597 Sceparnio
1094 563 1127 587 ut
1150 559 1266 598 aliquos
1290 561 1474 600 naufragium
1497 563 1628 592 omnium
1651 564 1798 593 bonorum
1820 564 1928 593 fecisse
1950 564 2044 603 signi-

88 606 172 643 ficet,
199 604 240 633 ait
262 614 312 633 eos
333 608 460 644 propter
481 603 560 631 viam
584 603 621 630 ad
643 601 800 642 prandium
823 605 962 629 vocatos:

715 662 753 666 -—
798 659 840 665 —
882 660 924 665 —
967 650 998 672 ut
1021 653 1085 672 mea
1107 650 1148 672 esi
1171 645 1270 683 opinio

625 686 746 726 Propter
767 687 845 715 viam
868 684 916 715 illi
937 693 1003 715 sunt
1024 686 1123 714 vocari
1145 685 1186 714 ad
1205 686 1375 726 prandium.

89 733 216 771 Propter
238 731 317 759 viam
340 729 510 759 sacrificare
535 730 657 758 Graecis
680 726 809 768 ἐξιτήρια
831 726 929 759 θύειν.
966 728 1039 757 Inde
1061 733 1159 757 autem
1182 730 1360 759 sacrificium
1383 730 1457 759 illud
1481 735 1579 760 ortum
1603 733 1718 761 notavit
1739 732 1941 762 nobilissimus
1962 731 2045 762 Hue-

89 777 150 805 tius
172 775 205 803 in
228 774 481 803 demonstratione
499 773 691 811 Evangelica,
712 781 817 810 nempe
840 781 855 799 e
877 771 1023 799 sacrificio
1048 771 1174 800 Paschae
1197 772 1276 800 sacto
1301 784 1316 801 a
1340 773 1456 802 Iudaeis
1480 784 1517 802 ex
1541 775 1676 813 Aegypto
1701 776 1897 813 profecturis,
1920 780 2044 815 propter

89 819 168 847 viam
190 817 348 852 nimirum,
371 826 459 855 quam
481 816 512 844 in
537 815 675 844 Chanaan
698 814 899 854 capessebant.
924 814 1013 843 Duc.
1051 812 1179 842 Herculi
1200 823 1250 843 aut
1275 814 1384 845 Sanco.
1423 816 1565 845 Hercules
1585 818 1662 846 idem
1685 819 1799 847 Sancus
1822 829 1837 847 a
1861 818 1976 847 Sabinis
2000 818 2044 846 di-

90 866 167 891 ctus.
212 860 309 888 Varro
332 859 446 889 hb.1V.
473 861 550 897 (pag.
567 861 618 890 72.
642 859 722 897 Sp.):
757 855 865 886 Aelius
892 855 997 886 Gallus
1020 855 1192 896 diusfidius,
1224 857 1339 887 Diiovis
1352 857 1457 897 filius,
1487 866 1517 886 ut
1543 857 1649 889 Graeci
1670 860 1860 900 Διόσκουρον
1886 859 2044 898 Castorem,

91 911 117 932 et
137 901 283 942 putabant
305 900 383 931 hunc
405 913 464 930 esse
487 900 616 930 Sancum
639 911 658 928 a
682 899 795 929 Sabina
819 898 921 938 lingua
943 906 969 927 et
991 897 1149 928 Herculem
1173 899 1210 928 ab
1237 898 1360 929 Graeca.
1404 901 1476 930 Inde
1501 902 1668 931 Lactantius
1692 904 1778 932 hb.1.
1803 915 1868 943 cap.
1885 905 1950 936 15.:
1982 902 2044 932 Sa-

91 944 154 974 bini
177 944 324 981 Sancum,
347 943 480 974 Romani
505 942 659 982 Quirinum
684 947 740 972 etc.
774 942 919 970 Hercules
943 940 1075 977 Sancus,
1100 940 1218 979 Fidius,
1243 948 1271 970 et
1294 942 1380 973 Semo
1405 944 1515 974 dictus.
1548 944 1636 973 Ovid.
1659 946 1709 974 lib.
1724 946 1757 976 V.
1781 946 1860 975 Fast.
1882 946 2001 985 (213.):

630 984 811 1024 Quaerebam
834 995 927 1013 nonas
950 983 1048 1013 Sanco
1071 982 1193 1013 Fidione
1215 983 1350 1025 referrem

669 1026 722 1057 An
745 1026 815 1064 tibi,
839 1025 925 1055 Semo
945 1025 1056 1066 pater?
1078 1037 1142 1055 cum
1165 1027 1238 1055 mihi
1259 1026 1374 1057 Sancus
1396 1027 1463 1059 ait?

629 1068 797 1110 Cuicumque
819 1080 860 1098 ex
881 1069 945 1098 istis
968 1067 1094 1105 dederis,
1119 1080 1171 1108 ego
1195 1081 1298 1098 nomen
1319 1070 1431 1100 habebo

671 1111 802 1141 Nomina
826 1119 907 1140 terna
921 1110 1012 1154 fero,
1040 1112 1084 1140 sic
1105 1110 1219 1140 voluere
1242 1110 1336 1141 Cures.

91 1157 194 1186 Livius
219 1155 370 1186 Semonem
395 1155 525 1185 Sancum
549 1159 637 1184 vocat
659 1155 746 1183 lib.1.
770 1159 841 1183 sect.
853 1157 904 1186 20.
946 1154 1028 1183 Bona
1050 1154 1168 1183 Semoni
1190 1156 1286 1183 Sanco
1310 1161 1488 1186 censuerunt
1512 1156 1723 1186 consecranda.
1761 1156 1840 1186 Idem
1864 1161 1894 1186 et
1917 1155 2046 1187 Sanctus

91 1200 189 1230 dictus
211 1199 348 1239 Propert.
371 1199 421 1227 lib.
433 1198 481 1229 IV.
505 1198 585 1236 Eleg.
604 1200 651 1229 10.
679 1194 745 1237 (lv,
769 1198 804 1233 9,
829 1198 880 1228 71.
895 1194 984 1237 seq.):

510 1268 519 1273 χ
627 1239 737 1268 Sancte
754 1246 839 1278 pater
861 1237 955 1275 salve,
988 1240 1036 1269 cui
1057 1240 1117 1268 iam
1130 1238 1219 1281 favet
1241 1251 1344 1279 aspera
1369 1239 1453 1278 Ῑιινιο,

673 1281 782 1311 Sancte
802 1280 873 1310 velis
895 1280 971 1310 libro
994 1281 1099 1311 dea-ter
1120 1281 1220 1311 adesse
1241 1293 1312 1311 meo.

91 1325 201 1356 Idem.
231 1325 318 1355 Adde
340 1324 468 1353 Nonium
491 1323 569 1363 (pag.
585 1324 635 1355 53.
660 1323 761 1363 Mei-c.)
785 1324 816 1352 in
837 1321 985 1354 Bidentes.
1013 1323 1116 1354 Goth.
1152 1324 1242 1354 Filia.
1269 1325 1371 1353 Filius.
1396 1323 1505 1354 Idem.
1538 1324 1646 1355 Sanco.
1672 1326 1777 1364 Sango.
1808 1324 1883 1354 Vide
1907 1323 2045 1364 Sangue-

91 1368 130 1399 lis
148 1376 245 1409 porta.
268 1366 376 1396 Idem.
415 1366 590 1407 Profecturi.
632 1365 748 1402 Sanco,
772 1366 872 1403 sanie,
896 1366 944 1394 alii
968 1365 1087 1403 Fauno,
1113 1368 1162 1395 alii
1186 1366 1302 1406 Sango,
1328 1367 1375 1396 alii
1399 1367 1520 1398 Sancto.
1567 1367 1675 1398 Idem.

257 1409 451 1450 Prodigia.
480 1409 541 1448 (Ad
566 1419 594 1447 p.
607 1408 695 1446 202.)
724 1409 844 1438 Minime
870 1409 1047 1438 crediderim
1071 1409 1096 1437 C
1114 1410 1258 1449 appellari
1283 1410 1320 1439 ab
1344 1411 1489 1448 antiquis,
1519 1421 1594 1449 quae
1617 1416 1716 1449 postea
1739 1408 1766 1439 G
1784 1410 1864 1439 dicta
1887 1414 1948 1447 est,
1974 1410 2046 1439 licet

90 1454 219 1483 maxima
242 1453 333 1481 suerit
354 1453 510 1492 utriusque
532 1451 634 1480 literae
657 1451 802 1489 affinitas,
826 1451 870 1480 uti
894 1451 974 1490 apud
990 1452 1120 1481 Graecos
1143 1453 1239 1481 media
1262 1463 1325 1481 esse
1348 1453 1461 1481 dicitur
1481 1465 1496 1482 r
1519 1455 1597 1482 inter
1618 1454 1640 1482 k
1662 1458 1690 1482 et
1712 1463 1743 1482 x.
1777 1453 1834 1482 Sed
1857 1453 1982 1481 fortasse
1993 1452 2048 1481 Fe-

90 1502 153 1526 stus
178 1496 338 1534 significat,
375 1505 450 1534 quae
479 1505 560 1523 nunc
585 1496 610 1522 G
631 1494 715 1523 litera
739 1494 875 1533 prodigia
899 1494 1057 1531 dicuntur,
1094 1496 1130 1523 ab
1154 1496 1283 1534 antiquis
1309 1496 1329 1523 C
1353 1496 1437 1524 litera
1462 1496 1539 1525 dicta
1565 1506 1625 1525 esse
1650 1496 1795 1535 prodicia.
1839 1495 1896 1523 Sed
1918 1495 1942 1523 si
1965 1495 2045 1524 dicta

91 1544 188 1569 sunta
203 1539 359 1578 praedico,
384 1548 444 1566 non
460 1548 518 1566 una
537 1537 640 1573 litera,
664 1537 716 1565 sed
730 1538 833 1575 plures
850 1541 1012 1566 mutantur.
1044 1538 1144 1573 Quare
1167 1543 1240 1576 puto
1264 1548 1327 1566 esse
1350 1538 1428 1566 dicta
1452 1550 1467 1567 a
1490 1539 1617 1578 predico
1644 1544 1673 1568 et
1695 1539 1772 1568 sorte
1793 1539 1833 1567 ita
1856 1537 2047 1567 scribendum

91 1587 169 1612 esset
191 1581 272 1620 apud
296 1581 423 1610 Festum.
447 1580 506 1609 An
516 1587 536 1608 1.
559 1579 653 1618 Aug.
698 1580 773 1615 Lege
796 1578 872 1607 infra
895 1589 933 1608 ex
956 1579 1079 1608 Vossio:
1110 1580 1189 1608 Nam
1213 1591 1288 1619 quae
1310 1591 1387 1609 nunc
1407 1592 1428 1619 g
1450 1580 1631 1621 appellatur,
1661 1581 1699 1610 ab
1724 1581 1853 1621 antiquis
1875 1591 1892 1609 c
1913 1579 2048 1610 υοσαόα-

90 1633 145 1654 tur.
191 1624 240 1653 Ait
266 1621 434 1662 prodigium
464 1632 528 1650 esse
559 1622 641 1659 quasi
667 1620 851 1660 prodicium,
887 1631 902 1649 a
926 1622 1144 1660 praedicendo,
1180 1623 1249 1660 quia
1273 1633 1349 1661 quae
1372 1634 1451 1651 nunc
1470 1635 1492 1662 g
1514 1625 1644 1662 antiquis
1667 1629 1728 1653 erat
1752 1635 1776 1653 c.
1819 1623 1857 1651 Et
1877 1622 1949 1651 huic
1971 1621 2047 1651 Festi

91 1672 192 1706 etymo
222 1666 351 1695 adsentit
379 1665 466 1693 etiam
488 1664 615 1693 Tullius.
656 1663 731 1692 Vide
754 1674 844 1703 supra
866 1663 897 1692 in
920 1663 1101 1693 Illonsfrum.
1145 1665 1202 1693 Sed
1233 1665 1368 1693 dissentit
1390 1666 1504 1694 Nonius
1527 1667 1607 1705 (pag.
1621 1669 1693 1698 430.
1718 1666 1838 1703 Merc.):
1874 1663 2046 1704 Prodigium

90 1717 203 1745 autem,
225 1709 337 1746 inquit,
359 1718 469 1747 semper
487 1707 643 1746 pessimum
667 1714 726 1743 est,
750 1705 860 1735 dicium
884 1707 970 1746 quasi
989 1718 1079 1746 porro
1102 1705 1289 1746 adigendum.
1322 1708 1400 1745 Ergo
1421 1707 1590 1748 prodigium
1616 1710 1694 1747 quod
1720 1719 1811 1748 porro
1834 1712 1940 1745 agatur
1963 1707 2047 1745 quasi

89 1750 276 1791 prodagium.
320 1750 413 1778 Favet
436 1749 518 1788 quod
541 1748 673 1777 secunda
695 1749 726 1777 in
746 1747 915 1788 prodigium
940 1749 1119 1788 corripitur,
1154 1760 1229 1788 quae
1251 1750 1482 1788 produceretur,
1517 1752 1541 1779 si
1565 1762 1580 1779 a
1600 1750 1809 1791 praedicendo.
1852 1750 1910 1780 Sed
1932 1750 2048 1779 fallitur

91 1794 206 1823 Nonius
228 1803 296 1821 cum
320 1792 362 1821 ait
381 1790 550 1832 prodigium
575 1802 692 1830 semper
715 1802 778 1820 esse
800 1793 970 1830 pessimum.
1015 1792 1088 1820 Nam
1111 1802 1172 1820 esse
1196 1792 1233 1821 de
1256 1793 1334 1821 bono
1360 1793 1460 1831 Virgil.
1477 1793 1512 1822 V.
1536 1794 1608 1823 Aen.
1632 1793 1746 1833 (639.):

795 1850 838 1856 —
879 1851 921 1855 —
964 1833 1053 1864 Nunc
1074 1842 1186 1872 tempus
1208 1835 1258 1874 agi
1281 1847 1333 1872 res,

756 1875 820 1905 Nec
841 1877 932 1905 tantis
953 1887 1037 1905 mora
1056 1876 1211 1917 prodigiis.

91 1920 148 1950 Ubi
171 1919 309 1948 Servius:
333 1917 423 1954 Ecce,
447 1917 562 1956 inquit,
583 1916 753 1957 prodi3ium
777 1917 812 1947 de
835 1918 927 1948 bonis.
951 1918 1042 1948 Dae.
1081 1919 1164 1948 Adde
1186 1920 1249 1951 1.3.
1274 1919 1347 1948 Cod.
1371 1919 1409 1948 de
1433 1919 1482 1948 lib.
1507 1924 1536 1948 et
1557 1919 1659 1958 postli.
1691 1919 1768 1948 Hinc
1791 1919 1992 1958 prodigiosum
2014 1919 2045 1947 in

91 1964 112 1992 1.
127 1963 177 1995 14.
191 1962 220 1991 ff.
244 1961 281 1990 de
304 1966 370 1990 stat.
394 1960 474 1991 1.38.
489 1960 518 1989 ff.
544 1961 581 1989 de
604 1961 687 1989 verb.
712 1961 808 1998 signis.
855 1959 960 1990 Goth..

257 2002 428 2033 Produit.
452 2003 510 2039 (Ad
526 2013 554 2041 p.
567 2005 652 2040 202.)
675 2003 755 2032 Haec
777 2004 867 2032 verba
892 2004 1033 2032 mendosa
1057 2003 1209 2032 videntur:
1233 2003 1370 2039 Habeto,
1391 2003 1526 2042 prodire,
1549 2002 1627 2033 alias
1647 2002 1820 2043 prodiderit.
1853 2003 1990 2033 Fortasse
2007 2004 2046 2033 si-

92 2047 225 2087 gnificat,
248 2044 553 2083 Produitsignificare
569 2051 618 2074 aut
637 2056 726 2084 porro
742 2046 874 2082 dederit,
898 2051 948 2074 aut
971 2045 1148 2085 prodiderit.
1179 2046 1292 2075 Prioris
1315 2047 1536 2083 significationis
1559 2046 1728 2085 exemplum
1751 2057 1815 2075 esse
1837 2046 1868 2074 in
1891 2047 1954 2084 lege
1970 2047 2046 2075 Cen—

91 2091 186 2120 soria:
211 2089 260 2118 ubi
275 2087 395 2127 prodito
412 2087 556 2124 significat
568 2099 658 2127 porro
675 2087 755 2117 dato.
769 2089 857 2117 Ans.
874 2089 969 2126 Aug.
999 2089 1093 2117 Verba
1118 2089 1191 2126 legis
1207 2089 1363 2117 Censoriae
1379 2090 1418 2118 ita
1435 2089 1578 2118 sententia
1595 2089 1764 2128 postulante
1781 2089 1917 2126 legerim:
1940 2088 2045 2119 POR-

94 2131 247 2163 TICUM.
270 2129 474 2160 SARTAM.
501 2129 782 2169 TECTAMQUE.
805 2129 1011 2161 PRODUIT.
1037 2129 1135 2160 Scal.
1168 2131 1240 2160 Mihi
1264 2132 1362 2160 omnia
1385 2132 1458 2169 legis
1483 2132 1588 2168 verba,
1613 2141 1689 2170 quae
1706 2132 1810 2160 Festus
1833 2132 1950 2170 prodit,
1974 2142 2043 2161 sana

90 2176 250 2211 videntur,
274 2172 325 2201 sed
347 2173 410 2201 eius
434 2177 546 2201 tantum
571 2172 734 2201 membrum
757 2174 867 2203 deesse.
912 2174 1060 2212 Suppleo:
1084 2173 1234 2203 Particum
1255 2182 1366 2203 sariam
1390 2182 1552 2214 tectamque
1573 2173 1677 2203 habero
1698 2172 1818 2213 prodito
1838 2186 1891 2203 neu
1912 2173 2040 2214 produit.

91 2218 178 2247 lubet
200 2217 249 2245 lex
272 2214 486 2244 conductorem
516 2216 664 2253 porticum
694 2221 803 2244 sartam
832 2220 1000 2254 tectamque
1023 2227 1037 2244 a
1063 2216 1240 2246 Censoribus
1267 2217 1401 2255 accipere
1425 2222 1454 2246 et
1476 2217 1611 2245 absoluto
1634 2217 1794 2245 locutionis
1815 2222 1952 2255 tempore
1974 2225 2043 2244 ean-

92 2261 159 2290 dem
180 2264 288 2288 sartam
312 2258 585 2297 tectaruprodere,
610 2259 639 2285 ni
661 2256 797 2296 produit,
826 2258 856 2286 id
881 2263 922 2286 est
946 2258 1131 2296 prodiderit,
1156 2260 1252 2287 multa
1275 2260 1300 2288 ei
1324 2260 1451 2290 dicatur.
1496 2260 1548 2288 Vel
1572 2259 1643 2298 quid
1667 2260 1771 2290 simile.
1813 2259 1932 2288 Poterat
1953 2258 2041 2286 etiam

92 2308 122 2333 et
143 2303 288 2341 scriptum
312 2301 403 2329 suis-se
426 2312 490 2329 cum
512 2299 648 2339 produit,
685 2300 714 2328 id
737 2306 781 2329 est
804 2310 871 2328 cum
895 2300 1074 2339 prodiderit,
1114 2306 1147 2330 ut
1175 2311 1314 2330 censores
1344 2307 1540 2341 cognoscant,
1576 2302 1727 2339 iudicent,
1764 2302 1899 2341 probent.
1942 2301 1978 2330 Et
1999 2299 2040 2327 ita

91 2346 170 2375 hanc
197 2345 290 2382 legem
321 2343 499 2378 censoriam,
538 2353 612 2381 quae
642 2342 678 2370 ad
699 2343 756 2372 hoc
779 2343 862 2372 viros
884 2344 989 2372 doctos
1013 2344 1115 2379 torsit,
1153 2349 1262 2374 sartam
1291 2349 1459 2383 tectamque
1482 2356 1498 2373 a
1521 2345 1606 2373 nobis
1628 2345 1797 2385 proditam,
1835 2342 1930 2372 doctis
1952 2351 2039 2380 spero

91 2393 207 2427 gratum
230 2388 302 2416 sure.
330 2385 416 2415 Duc.
461 2384 584 2414 Prodito
609 2385 768 2424 produito,
805 2386 860 2414 nisi
883 2386 950 2414 loco
970 2385 1092 2426 produit
1117 2387 1182 2424 quis
1208 2388 1286 2425 legat
1305 2386 1425 2426 prodit,
1462 2388 1534 2416 alias
1557 2387 1606 2416 hic
1628 2393 1680 2418 aut
1701 2388 1763 2418 illic
1785 2385 1892 2415 mutari
1915 2384 2039 2413 verbum

92 2440 211 2460 necesse
234 2434 286 2458 cst.
313 2427 419 2458 Goth.
463 2427 501 2456 Ul
523 2428 552 2455 in
576 2426 637 2467 Iege
659 2429 798 2459 censoria.
833 2428 905 2457 Vide
929 2429 1034 2460 1-203.
1048 2429 1077 2458 ss'.
1100 2429 1137 2458 de
1159 2430 1242 2459 verb.
1265 2429 1387 2468 signific.
1431 2428 1541 2462 Idem.

1456 2482 1630 2516 Eece*
