2263 2668
546 169 611 205 DE
636 169 1023 205 SIGNIFICATIONE
1049 167 1335 204 VERBORUM.
1388 168 1532 204 LIBER
1557 171 1616 205 XI.
1977 171 2052 205 493

102 273 132 298 et
154 268 195 296 ita
215 267 312 296 Varro
328 264 391 295 VII.
416 263 452 293 de
476 264 506 295 L.
526 264 557 295 L,
580 262 624 304 (p.
639 261 723 303 100.)
747 274 762 291 a
785 262 947 302 municipio
972 261 1153 291 manumissi.
1182 259 1287 292 Goth.
1320 261 1461 290 Niebuhr.
1486 263 1595 292 Histor.
1619 263 1702 293 Rom.
1719 263 1762 300 11,
1784 273 1815 302 p.
1828 264 1880 295 66.
1903 268 1964 294 not.
1983 267 2050 295 112.

99 310 133 339 In
157 310 269 339 diesem
291 307 412 337 Servius
435 307 474 335 ist
495 306 577 335 wohl
606 307 659 335 der
687 305 956 335 vielverheissende
979 304 1060 334 Sohn
1084 304 1134 333 des
1154 314 1274 342 grossen
1298 304 1359 333 und
1382 305 1524 335 beredten
1546 305 1807 345 Rechtsgelehrten
1829 316 1868 334 zu
1891 306 2050 343 erkellnen,

99 353 207 382 dessen
229 353 290 380 sein
315 348 497 379 v‘aterliclier
519 349 637 378 Freund
662 348 820 378 mehrmals
849 348 990 386 gedenkt,
1028 347 1086 375 wie
1109 347 1184 386 Epp.
1208 347 1246 375 ad
1270 346 1330 377 div.
1349 347 1406 384 IV,
1429 350 1461 379 3.
1507 349 1575 377 Was
1599 348 1664 377 hier
1685 349 1832 387 gemeldet
1853 348 1949 385 wird‚
1988 359 2051 377 war

98 394 271 425 mundliche
295 392 389 422 Lehre
412 392 548 430 (aiebat);
583 391 634 420 hat
663 401 695 420 er
719 390 869 420 vielleicht
892 390 1060 429 uberhaupt
1082 390 1151 418 kein
1174 389 1256 418 Buch
1279 389 1492 428 hinterlassen,
1533 402 1565 420 so
1589 391 1699 420 konnte
1722 402 1754 421 er
1776 392 1816 420 im
1840 392 1975 429 Auszuge
1999 391 2049 419 des

98 438 220 467 Paullus
243 447 292 466 um
317 447 350 464 so
374 434 443 463 eher
466 435 651 472 siberg-'angen
674 434 805 463 werden.

262 478 446 508 Mamurii
471 476 634 506 Veturii.
681 476 743 505 Viri
767 486 873 504 nomen
897 474 1052 514 proprium
1076 474 1162 502 multi
1185 474 1298 502 faciunt
1321 484 1396 512 quos
1419 476 1553 514 sequitur
1575 476 1687 505 Festus.
1724 476 1852 511 Quidam
1870 476 2050 505 Mamurium

96 522 254 551 Veturium
279 522 360 550 aiunt
384 530 445 548 esse
467 524 595 548 veterem
618 520 799 548 memoriam.
844 518 928 547 Varr.
951 517 1001 548 lib.
1018 517 1051 546 V.
1076 516 1154 556 (pag.
1170 517 1220 548 53.
1246 517 1292 547 ed.
1316 516 1389 556 St.):
1425 516 1528 558 Itaque
1550 517 1629 547 Salii
1652 518 1704 558 qui
1725 526 1845 547 cantant
1868 518 2048 547 Mamurium

100 564 253 593 Veturium
284 563 453 603 signficant
481 569 598 590 veterem
629 562 809 590 memoriam.
853 561 909 589 Sed
932 559 1019 589 Festo
1050 559 1152 598 potius
1182 560 1334 590 assentiar.
1378 560 1574 589 Nominabant
1604 566 1701 589 autem
1726 561 1848 589 Romani
1871 560 2049 589 Mamurium

98 606 254 636 Veturium
277 606 307 634 in
331 605 458 633 carmine
481 604 584 632 Saliari
609 604 678 632 boni
703 605 810 633 ominis
834 613 920 632 causa
945 607 977 631 ut
999 607 1028 631 et
1051 603 1171 630 Luciam
1195 602 1392 630 Volumniam.
1438 604 1548 632 Ancilis
1577 602 1731 632 historiam
1762 603 1896 642 plerique
1920 604 2047 642 scripto-

96 659 144 678 res
167 649 301 678 tradunt.
339 647 428 683 Quod
452 647 487 675 de
510 647 571 675 eius
595 651 693 685 etymo
718 647 802 675 addit
824 647 935 675 Festus.
974 645 1077 674 Ancile
1101 644 1214 674 dictum
1238 645 1306 682 quia
1331 655 1367 673 ex
1389 649 1516 684 utroque
1540 647 1630 674 latere
1653 650 1716 674 erat
1738 646 1881 682 recisum,
1910 651 1944 674 ut
1966 656 2048 675 sum-

96 701 177 720 mum
203 691 396 728 infimumque
426 690 488 718 eius
516 689 594 717 latus
624 689 720 718 medio
749 694 879 728 pateret3
917 687 947 717 id
972 688 1116 726 probatur
1138 698 1174 716 ex
1198 687 1358 716 Plutarcho
1382 688 1433 725 qui
1457 689 1559 717 scribit
1581 689 1610 717 in
1634 689 1726 717 Numa
1750 688 1789 728 (e.
1804 687 1880 726 13.):
1914 685 2048 727 Ἀγκύλια

95 736 223 765 καλοῦσι
248 732 296 764 dani
319 731 353 763 τὸ
374 729 630 772 notium-mim&
653 731 710 771 yolo
735 729 790 762 οὐκ
813 732 906 766 ἔστιν,
933 728 1006 761 οὔδε
1029 728 1235 765 ἀποδίδωσιν,
1261 726 1302 765 ὥς
1323 730 1430 768 πέλτη,
1454 730 1507 768 τὴν
1529 732 1735 769 περιφερείαν,
1759 726 1822 760 ἄλλ’
1847 729 1971 769 ἐκτομὴν
1993 731 2049 769 ἔχει

94 779 235 817 γραμμῆς
261 776 460 812 ἑλικοειδοῦς,
495 773 533 812 ἧς
555 775 588 804 αἱ
609 778 726 813 κεραῖαι
750 773 872 813 καμπὰς
895 774 1015 813 ἔχουσαι
1038 772 1088 804 καὶ
1112 772 1404 812 συνεπιστρέφουσαι
1426 775 1463 813 τῇ
1485 772 1647 812 πυκνότητι
1670 771 1747 813 πρὸς
1769 769 1895 811 ἀλλήλας
1918 770 2048 813 ἅγκυλον

1290 818 1322 831 Α

93 866 126 899 τὸ
150 869 246 908 σχῆμα
267 869 418 898 ποιοῦσιν.
465 864 554 902 Quod
577 869 612 894 ut
634 865 750 894 facilius
771 864 969 904 intelligatur,
1001 874 1036 894 en
1059 863 1112 893 tibi
1137 862 1248 892 Ancilis
1269 835 1340 927 ἓοζ
1361 864 1499 902 sormam,
1535 864 1649 903 qualem
1673 865 1764 893 fuisse
1788 864 1927 894 coniicio.
1958 864 2011 893 Da
2022 876 2045 895 c.

1287 933 1320 946 Nol

96 951 247 986 Cantibus.
278 953 474 983 Carminibus.
504 952 620 982 Latius.
648 953 748 981 Latus.
795 950 900 982 Goth.

257 1004 428 1034 Illamers.
472 1003 541 1033 Sive
564 1004 712 1033 Oscorum
739 1003 919 1032 vocabulum
941 1002 979 1032 sit
1002 1002 1143 1040 Mamers,
1179 1002 1242 1031 sive
1265 1001 1439 1031 Sabinorum
1465 1007 1497 1031 ut
1519 1002 1585 1031 vult
1608 1002 1716 1039 Varro,
1753 1007 1865 1031 certum
1890 1008 1934 1032 est
1956 1013 2006 1032 eos
2029 1015 2044 1032 a

93 1046 217 1076 Graecis
240 1048 402 1086 sumpsisse
427 1046 535 1085 quibus
561 1046 709 1086 μαμερτὸς
732 1046 858 1082 dicitur,
884 1045 1072 1085 Lycophron.
1111 1046 1166 1074 Pro
1189 1045 1320 1074 Mamers
1343 1045 1444 1073 dixere
1466 1045 1583 1074 IlIavers
1606 1045 1684 1073 unde
1708 1045 1840 1082 Mavors,
1870 1045 2043 1076 Mavortius.

91 1088 179 1120 Duc.
217 1089 389 1119 IlIamertini
411 1090 551 1128 appellati
575 1094 645 1118 sunt
668 1089 859 1118 Messinenses
881 1088 938 1117 hae
960 1089 997 1117 de
1020 1099 1133 1118 caussa.
1173 1087 1239 1117 Vid.
1262 1087 1368 1116 Strabo
1392 1087 1441 1117 lib.
1457 1088 1512 1124 Vt,
1536 1089 1614 1127 (pag.
1631 1088 1728 1125 268.).
1778 1086 1880 1117 Goth.

256 1139 467 1170 IlIartialis.
513 1140 555 1169 Ad
578 1141 703 1170 verbum
728 1139 854 1169 Ovidius
877 1140 908 1168 in
932 1140 1025 1168 Fastis
1040 1140 1095 1177 ΙΙΙ,
1119 1139 1233 1179 (519.):

667 1190 776 1221 Altera
797 1191 949 1230 gramineo
972 1190 1116 1231 spectabis
1141 1190 1265 1231 Equiria
1289 1200 1404 1229 campo,

712 1232 802 1271 Quem
828 1232 942 1262 Tiberis
965 1234 1061 1263 curvis
1083 1235 1114 1262 in
1137 1232 1215 1263 latus
1238 1239 1320 1272 urget
1342 1233 1435 1272 aquis.

672 1273 732 1314 Qui
754 1283 848 1304 tumen
870 1276 960 1304 eiecta
982 1277 1008 1304 si
1018 1275 1106 1316 forte
1128 1275 1269 1305 tenebitur
1290 1273 1388 1304 unda:

712 1315 829 1347 Caelius
851 1318 978 1358 accipiet
995 1317 1215 1358 pulverulentus
1237 1328 1334 1359 equos.

89 1365 190 1398 Scal.
227 1365 382 1397 lifartz'alis
403 1377 540 1408 camptu,-
568 1367 637 1396 vide
661 1365 794 1408 Equiria.
838 1368 925 1398 Dac.

250 1417 521 1450 Mamiliorum.
568 1419 608 1448 De
632 1419 748 1448 Octavo
772 1419 902 1449 Mamilio
926 1420 1095 1450 Tusculano
1119 1419 1248 1460 Superbi
1276 1430 1402 1458 genero,
1441 1419 1492 1457 qui
1515 1418 1610 1447 Latini
1636 1417 1764 1447 nominis
1790 1417 1943 1457 princeps,
1976 1422 2005 1445 et
2027 1428 2044 1446 a

86 1460 232 1499 Telegone
253 1461 384 1500 Ulyssis,
420 1466 449 1490 et
472 1461 572 1490 Circes
595 1461 655 1490 filio
678 1472 771 1500 genus
795 1462 903 1492 ducere
926 1463 1100 1502 dicebatur,
1139 1464 1240 1492 Livius
1263 1463 1350 1492 lib.1.
1375 1462 1442 1500 (ΙΙΙ,
1469 1464 1530 1498 29.)
1556 1461 1677 1500 Dionys.
1700 1461 1750 1489 lib.
1765 1461 1811 1489 [V.
1832 1460 1946 1499 primus
1970 1459 2043 1488 civis

85 1503 235 1532 Romanus
258 1514 297 1533 ex
320 1503 376 1533 hac
399 1504 508 1532 familia
533 1505 563 1533 L.
584 1504 745 1541 Mamilius,
769 1505 801 1533 C.
820 1505 944 1542 Nautio,
970 1506 1000 1535 L.
1016 1506 1145 1535 Minutio
1171 1516 1231 1535 cos.
1254 1505 1317 1534 Liv.
1341 1505 1390 1534 lib.
1403 1504 1452 1533 ΠΙ.
1485 1504 1558 1533 Vide
1580 1502 1705 1533 October
1727 1515 1824 1544 equus.
1848 1502 1933 1532 Ant.
1947 1501 2042 1541 Aug.

86 1544 289 1575 Mamiliorum
317 1545 452 1586 familia.
497 1547 626 1576 Mamilia
657 1556 728 1585 gens
750 1547 868 1576 Plebeia
897 1548 952 1576 fuit
975 1553 1003 1577 et
1026 1560 1042 1577 a
1064 1549 1195 1577 Mamilia
1217 1547 1356 1585 Telegoni
1382 1547 1441 1576 filia
1465 1557 1571 1576 nomen
1595 1552 1624 1575 et
1647 1547 1789 1585 originem
1813 1545 1939 1574 traxisse
1962 1544 2043 1572 scri—

84 1593 184 1626 ptores
206 1589 268 1618 fere
291 1599 392 1617 omnes
415 1590 612 1619 consentiunt.
638 1590 805 1627 Telegonus
828 1594 925 1619 autem
951 1590 1063 1629 Ulyssis
1086 1596 1114 1620 et
1138 1591 1238 1620 Circes
1260 1590 1339 1619 filius
1358 1590 1520 1619 Tusculum
1543 1589 1574 1618 in
1585 1590 1669 1619 Latio
1693 1588 1844 1626 condidit,
1869 1587 1949 1626 quod
1971 1587 2039 1616 ideo

86 1630 243 1661 circaeam
266 1632 388 1660 vocavit
410 1631 514 1662 Horat.
540 1631 699 1671 (Epod.1‚
722 1631 805 1669 30.):

727 1681 791 1711 Nec
813 1689 844 1711 ut
865 1683 982 1722 superni
1001 1681 1075 1713 villa
1097 1681 1227 1713 candens
1250 1681 1372 1713 Tusculi

788 1723 910 1754 Circaea
933 1733 1035 1765 tangat
1058 1727 1181 1755 moenia.

85 1773 174 1804 Dac.
214 1773 335 1803 Manilio
358 1773 497 1812 Telegoni
519 1773 589 1802 filio.
624 1774 668 1803 Ita
691 1774 856 1813 legendum.
882 1774 988 1808 Gotlz.
1031 1776 1225 1807 Condidisset.
1255 1776 1307 1806 Est
1330 1776 1488 1815 appellata.
1534 1774 1641 1804 Idem.

248 1823 434 1854 Mamilia.
480 1825 509 1853 L.
529 1836 566 1854 m.
591 1823 724 1854 Suburae
751 1825 839 1856 habet
868 1838 924 1865 pro
948 1827 1090 1858 Suburae.
1129 1828 1210 1857 Haeo
1232 1828 1316 1857 Pauli
1341 1833 1419 1857 sunt.
1445 1825 1546 1857 Fulv.
1574 1826 1650 1856 Urs.
1695 1823 1836 1854 Mamilia
1857 1823 1945 1853 turris
1967 1822 2037 1852 vide

87 1865 213 1896 October
234 1878 331 1907 equus.
354 1867 442 1898 Dae.
483 1866 626 1897 Suburae.
663 1869 806 1898 Suburae.
853 1868 959 1899 Goth.

247 1918 449 1958 Illamphur.
494 1919 585 1955 Quod
614 1923 658 1948 est
681 1920 785 1949 sucula
809 1921 840 1949 in
862 1920 999 1949 machina
1023 1922 1180 1958 tractoria,
1213 1921 1244 1949 id
1267 1920 1422 1960 mamphur·
1444 1921 1472 1949 in
1496 1926 1593 1951 torno.
1640 1920 1787 1949 Graecum
1811 1921 1855 1946 est
1876 1913 2034 1955 μαννοφό-

82 1971 154 1998 ρον,
192 1960 263 1999 quia
293 1961 545 1991 circumvolutum
575 1961 682 1991 habeat
709 1963 824 2000 lorum,
861 1969 893 1992 ut
923 1964 1032 1992 callum
1056 1965 1183 2001 monile,
1219 1963 1300 2002 quod
1323 1962 1439 2002 μάννον
1463 1968 1492 1993 et
1514 1960 1630 1994 νάννον
1654 1966 1760 1991 vocant
1785 1959 1899 1989 Graeci.
1929 1956 2034 1989 Scal-

81 2001 181 2031 Schol.
203 2002 352 2034 Theocrit.
377 2004 517 2043 1dyl.11.:
550 2002 681 2036 Μάννον
703 2003 736 2036 τὸ
757 2005 988 2047 περιτραχήλιον
1011 2004 1142 2046 κόςμον,
1175 2005 1208 2037 τὸ
1229 2003 1391 2047 λεγόμενον
1413 2004 1588 2046 μαννᾶκιον.
1612 2005 1666 2034 Da
1676 2016 1701 2035 c.
1741 2000 1908 2042 Mamplzur.
1946 2000 2033 2029 Mim-

102 2044 169 2074 hur.
217 2044 323 2074 Goth.

82 2056 100 2084 P
244 2088 488 2118 Mansuetum.
534 2089 656 2128 Proprie
680 2089 717 2118 de
741 2089 810 2119 feris
833 2091 943 2120 dicitur
966 2101 1041 2130 quae
1064 2101 1183 2121 manum
1206 2091 1365 2130 patiuntur
1388 2091 1473 2131 quasi
1496 2100 1600 2128 manu,
1629 2090 1648 2119 i.
1672 2087 1773 2119 manui
1793 2092 1912 2116 auctum·
1942 2084 2031 2115 Dac-

81 2129 148 2160 vid.
170 2130 299 2159 Nonium
323 2131 351 2160 in
375 2131 547 2161 Mansuetus
570 2132 647 2171 (pag.
660 2134 712 2165 59.
737 2133 852 2173 Meroe).
901 2132 1006 2164 Goth.

244 2180 429 2212 Mantare.
474 2182 570 2212 Verba
594 2183 713 2213 Caecilii
735 2184 774 2213 ita
797 2183 936 2222 legenda:

633 2251 675 2256 —
719 2254 758 2259 —
803 2234 866 2264 Iam
890 2234 943 2264 ohe
964 2233 1060 2275 ude05
1084 2243 1187 2265 manta
1209 2235 1288 2273 iam‚·
1309 2233 1364 2266 Ῐιοσ
1386 2233 1453 2265 vide

639 2277 677 2306 Ut
701 2289 804 2308 caecus
825 2279 954 2307 animum
977 2276 1118 2308 adventus
1140 2279 1233 2319 angit.

79 2323 182 2355 scal.
226 2326 321 2356 Plaut.
345 2327 514 2365 Poenul.1,
537 2331 572 2365 2,
596 2327 688 2368 (52.):

636 2378 714 2418 Quia
736 2377 821 2409 herus
842 2391 896 2410 nos
917 2379 998 2421 apud
1018 2378 1116 2410 aedem
1143 2379 1176 2409 V
1173 2381 1264 2410 erueris
1285 2387 1408 2418 mantnt,

79 2430 108 2455 et
128 2426 199 2456 alibi
221 2438 321 2468 saepe.
359 2428 505 2459 Schedae:
530 2427 596 2459 Iam
619 2441 654 2459 ne
673 2429 766 2469 acle0‚·
787 2439 890 2461 manta
913 2437 969 2462 etc.
991 2431 1079 2462 Dae.
1123 2431 1189 2462 vid.
1213 2432 1342 2462 Nonium
1364 2433 1395 2460 in
1418 2429 1535 2461 Maniai
1558 2428 1637 2470 (pag.
1650 2428 1723 2462 506.
1747 2424 1859 2464 Mem).
1898 2420 2000 2452 Goth.
