2263 2668
233 170 307 205 743
661 162 1004 197 COMMENTARH
1030 165 1076 197 IN
1103 163 1247 197 PAULI
1272 162 1468 197 macoa'l
1494 163 1750 200 EXCERPTA

231 275 266 292 ne
288 274 332 292 me
354 263 473 291 nescias.
516 256 575 286 Sed
597 253 721 294 vapula,
755 255 832 294 peri,
867 253 949 293 dole,
979 255 1082 295 plora,
1113 257 1199 285 miser
1219 257 1274 293 sis,
1307 266 1397 285 unum
1422 261 1449 285 et
1470 256 1559 286 idem.
1590 257 1680 288 Dae.
1726 258 1832 287 Plauto
1856 259 1885 286 in
1908 258 2028 286 Curcul.
2052 259 2112 288 Act.
2128 259 2176 291 lv.

232 315 270 336 sc.
292 307 343 342 (4,
368 306 446 339 12.):

722 356 760 360 ——
806 356 848 361 —
891 338 1020 369 Reddo?
1043 352 1082 369 an
1103 352 1160 369 non
1184 341 1321 380 virginem

718 380 894 422 Priusquam
917 390 944 411 te
965 382 1033 412 huic
1056 394 1132 412 meae
1157 383 1329 412 machaerae
1352 383 1475 420 obiicio,
1501 382 1666 424 mastigia?

729 424 869 463 Vapulare
891 436 941 464 ego
965 433 991 454 te
1013 424 1187 454 vehementer
1208 425 1306 462 iubeo,
1338 437 1372 454 ne
1393 437 1438 454 me
1459 427 1577 455 territes.

231 472 337 501 Idem.

399 511 568 539 Vacerra.
613 508 638 537 A
661 507 838 537 distortione
861 519 948 548 saepe
970 515 1117 538 vocantur
1139 510 1230 548 ligna:
1270 511 1408 546 Vacerra,
1447 510 1545 539 Varus.
1590 510 1663 538 Nam
1687 515 1846 548 utrumque
1870 521 1885 539 a
1907 510 2083 539 distortione
2105 521 2176 540 cru·

228 565 292 585 rum
316 553 454 583 hominis.
484 552 609 587 Notum,
634 552 707 588 quid
730 552 790 579 sint
811 553 926 588 vaciae,
951 557 1056 580 notum
1079 553 1159 588 item,
1183 553 1254 591 quid
1276 553 1347 581 vari.
1377 552 1455 580 Livii
1477 553 1565 580 verba
1590 557 1675 590 egent
1697 553 1903 590 castigatione:
1931 553 2034 582 Vecors
2056 560 2082 582 et
2103 564 2176 582 ma·-

227 597 311 637 Zefica
332 605 462 625 vacerra.
503 595 552 623 Est
575 604 612 622 ex
636 593 768 631 Odyssea
790 594 900 630 veteri,
930 604 966 622 ex
990 595 1041 623 illo
1068 595 1205 632 Μέντορ,
1236 593 1395 632 ἀταρτηρέ,
1423 594 1536 633 φρένας
1556 592 1623 634 ἠλεέ
1645 595 1767 635 (Odyss.
1783 595 1825 631 11,
1849 594 1943 635 243).
1981 596 2055 624 Nam
2076 606 2176 626 vecors

227 641 341 679 φρένας
362 635 444 677 ἠλεέ,
476 635 607 675 malefice
629 634 782 675 ἀταρτηρέ.
816 635 915 667 Scal.
970 638 1057 666 l'arus
1079 638 1200 676 proprie
1224 639 1334 667 dicitur
1359 637 1481 666 baculus
1506 637 1649 666 distortus
1672 644 1700 667 et
1723 638 1873 674 informis,
1910 643 1939 667 et
1960 638 2030 667 inde
2051 643 2175 678 propter

228 682 433 711 distortionem
464 689 600 714 vacerra,
639 679 739 717 stipes.
783 679 840 707 Sed
869 689 924 717 per
953 679 1157 718 metaphoram
1181 691 1300 709 vacerra
1321 679 1411 708 homo
1435 680 1574 719 stupidus
1598 686 1626 709 et
1648 681 1769 709 insanus
1793 681 1903 709 dicitur
1927 680 2027 709 eadem
2049 681 2174 717 ratione,

227 734 284 763 qua
309 729 337 753 et
360 724 436 751 idem
458 723 545 761 stipes
566 725 699 751 vocatur.
732 720 803 749 Inde
819 722 967 759 Augustus
990 733 1044 760 pro
1068 723 1156 751 cer-ito
1179 733 1361 751 vacerrosum
1385 722 1500 751 assidue
1524 723 1632 761 posuit.
1656 724 1776 752 Sueton.
1796 733 1860 762 cap.
1874 726 1924 754 87.
1957 723 1992 752 Et
2012 723 2044 752 in
2064 724 2175 753 Gloss:

234 768 353 796 Vacerra
376 761 541 803 παράπληξ.
574 763 646 791 Nam
670 762 830 802 παράπληξ
854 764 975 802 proprie
998 775 1119 801 vecors,
1143 775 1283 801 vesanus,
1308 770 1405 793 mente
1428 770 1552 804 captus,
1576 766 1729 795 attonitus.
1752 765 1841 795 Dac.
1877 764 1975 794 Livio.
2007 765 2092 794 Livio
2115 767 2175 794 An-

227 809 357 838 dronico.
388 807 483 836 Huius
506 806 595 835 verba
619 806 729 844 optime
752 807 880 835 correxit
903 807 1042 844 Scaliger.
1065 806 1173 836 Idem.
1210 808 1254 836 Cf.
1271 807 1429 836 Hermann.
1452 808 1482 836 in
1503 808 1593 836 Elem.
1617 809 1711 838 doctr.
1734 813 1819 837 metr.
1842 817 1907 846 pag.
1922 810 1994 840 626.
2016 809 2067 847 qui
2088 813 2175 848 putat

226 852 300 879 Livii
325 860 441 879 versum
466 859 637 887 expressum
663 859 724 877 esse
748 859 784 878 ex
809 850 917 887 Odyss.
933 850 1030 886 XVII,
1055 851 1142 882 248.:
1168 846 1206 880 Ὦ,
1227 848 1336 886 πόποι,
1362 848 1428 880 οἷον
1453 851 1528 881 ἔειπε
1549 848 1647 887 κύων,
1672 848 1809 888 ὀλοφώϊα
1831 847 1925 885 εἰδώς-

396 893 580 931 Vagorem.
625 892 738 920 Nonius
761 890 927 932 (pag.184.
953 891 1074 933 Merc.):
1113 893 1206 932 Vagor
1227 891 1337 921 dictum
1358 904 1412 932 pro
1435 894 1559 932 vagitus.
1604 894 1757 923 Lucretius
1777 893 1828 922 lib.
1842 893 1886 929 II,
1910 893 2019 930 (576.):

798 933 835 962 Ει
857 941 1028 974 superamur
1049 936 1136 966 item:
1166 936 1302 964 miscetur
1315 934 1427 977 funere
1446 946 1545 975 vagor.

225 979 318 1006 Locus
343 976 431 1005 Ennii
454 976 504 1005 lib.
518 976 596 1006 XVI.
621 976 740 1006 Aunal.:

800 1017 858 1057 Qui
881 1017 993 1048 clamos
1016 1021 1212 1059 oppugnantis
1234 1031 1340 1060 vagore
1362 1018 1485 1049 volanti.

225 1063 277 1090 Ubi
303 1062 440 1100 Ligurum
463 1072 555 1100 vagor
578 1062 774 1098 describitur,
812 1060 863 1099 qui
887 1062 1043 1090 Aemilium
1065 1067 1270 1102 oppugnantes
1293 1067 1322 1091 et
1344 1062 1380 1090 ab
1404 1073 1437 1091 eo
1460 1072 1515 1091 nec
1538 1063 1692 1102 opinantes
1716 1062 1868 1101 impediti,
1903 1062 2021 1091 sublato
2045 1062 2173 1091 clamore

223 1106 253 1133 in
277 1110 371 1133 castra
395 1105 541 1143 compulsi
564 1110 639 1133 sunt.
685 1104 771 1133 Dac.

394 1145 551 1176 l'aluoli.
596 1148 684 1184 Lege:
720 1145 877 1186 Appellati
901 1154 967 1176 sunt
989 1147 1075 1187 quasi
1096 1146 1246 1182 vallivoli,
1281 1147 1350 1187 quia
1373 1145 1453 1176 vallo
1466 1146 1571 1189 fracti
1593 1147 1792 1178 excutiahiur.
1828 1147 2002 1185 (Consentit
2025 1156 2093 1175 cum
2116 1146 2174 1175 hac

223 1189 426 1218 emendatione
449 1188 583 1218 Rhodius
607 1189 643 1217 ad
667 1189 800 1219 Scribon.
823 1189 908 1227 Larg.
932 1199 997 1229 pag.
1011 1190 1095 1226 232.)
1136 1189 1251 1218 valvoli
1278 1190 1476 1227 leguminum,
1514 1189 1673 1228 praecipue
1703 1189 1838 1218 fabarum
1868 1189 1996 1218 folliculi
2024 1189 2068 1217 sic
2091 1188 2173 1226 dicti,

222 1232 304 1271 quod
334 1232 429 1268 vallo,
467 1231 498 1260 id
528 1237 571 1260 est
600 1232 678 1260 fuste
708 1232 794 1260 fracti
825 1232 959 1260 volitent.
1005 1231 1129 1269 Margini
1159 1232 1343 1271 adscriptum
1367 1232 1424 1261 fuit
1436 1231 1575 1273 fustibus
1595 1232 1631 1260 ad
1655 1232 1931 1271 interpretationem
1955 1231 2068 1260 scilicet
2090 1231 2173 1260 vocis

221 1273 319 1311 vallo,
352 1285 427 1312 quae
449 1275 557 1303 fustem
580 1279 664 1303 notat
687 1284 702 1302 a
725 1285 797 1303 varo
821 1275 946 1304 detorta.
991 1274 1048 1303 Sed
1072 1274 1182 1313 optime
1205 1275 1343 1305 Salmas.:
1383 1274 1461 1313 Quia
1480 1273 1560 1304 valle
1570 1273 1657 1316 facti
1678 1275 1884 1312 eaecutiantur,
1919 1274 1948 1303 id
1972 1279 2015 1303 est
2037 1274 2174 1303 evannati

221 1315 268 1345 vel
288 1315 409 1345 mallan·
433 1321 486 1346 etc.
532 1316 619 1346 Duc.

393 1357 538 1398 Valgos.
583 1360 677 1388 Plaut.
700 1359 729 1387 in
753 1359 815 1389 Mil.
839 1364 997 1397 utrumque
1019 1358 1127 1387 horum
1149 1359 1316 1397 exemplum
1340 1358 1434 1397 ponit.
1478 1358 1597 1387 Initium
1619 1358 1743 1387 secundi
1765 1364 1826 1388 est:
1850 1358 1895 1388 Ea
1918 1358 1990 1388 mihi
2011 1365 2067 1388 etc.
2101 1359 2172 1388 Ideo

222 1401 325 1430 titulus
354 1401 403 1430 ille
433 1402 463 1430 in
487 1400 650 1441 Sitelz'tergo
680 1402 769 1430 salsus
793 1407 844 1430 est.
873 1401 961 1430 Ant.
984 1401 1078 1441 Aug.
1126 1398 1327 1439 Μνημονικὸν
1355 1398 1512 1439 ἁμάρτημα
1534 1401 1630 1437 Festi,
1668 1402 1719 1439 qui
1751 1401 1823 1430 citat
1851 1412 1888 1430 ex
1911 1401 2021 1440 Scythe
2051 1401 2172 1440 liturgo,

221 1444 302 1482 quod
334 1443 460 1472 debebat
490 1454 526 1472 ex
550 1444 651 1473 Milite.
698 1443 805 1484 Scyahe
835 1443 943 1483 litargo
972 1444 1128 1481 legendum
1157 1453 1216 1471 esse
1239 1444 1269 1472 in
1293 1443 1499 1472 Coniectaneis
1523 1443 1592 1471 olim
1615 1442 1780 1471 docuimus.
1813 1442 1911 1473 Scal.
1957 1444 2041 1479 Quae
2062 1443 2114 1472 hic
2136 1443 2173 1472 de

221 1497 273 1515 sno
297 1487 364 1515 loco
387 1486 528 1523 traiecta,
566 1487 609 1515 sic
636 1497 671 1515 ex
695 1486 827 1515 virorum
851 1486 1008 1515 doctorum
1033 1486 1235 1514 emendatione
1259 1486 1479 1521 coniungenda:
1523 1484 1627 1525 Valgos
1653 1484 1770 1524 Opilius
1790 1484 1932 1515 Aurelius
1953 1485 2063 1526 aliique
2085 1496 2172 1516 com-

218 1527 315 1568 plures
337 1531 419 1558 aiunt
443 1528 519 1565 dici,
544 1530 595 1570 qui
618 1527 746 1558 diversas
768 1540 852 1558 suras
874 1528 999 1557 habeant
1021 1539 1058 1558 ac
1081 1527 1159 1557 talos
1181 1529 1309 1558 vitiosos.
1342 1527 1442 1557 Plani.
1457 1529 1489 1557 in
1511 1526 1603 1556 milite
1623 1526 1698 1566 glor.
1715 1533 1771 1556 etc.
1808 1527 1931 1568 Vulgus,
1955 1529 2068 1557 Graece
2084 1531 2171 1559 Βλαι-

221 1569 289 1608 σός,
313 1572 360 1600 cui
384 1581 471 1600 crura
494 1572 535 1600 ita
559 1577 724 1600 extrorsum
749 1571 961 1607 incurvantur,
987 1575 1018 1599 ut
1034 1572 1133 1599 Lunae
1156 1581 1269 1599 cornua
1292 1570 1436 1607 reserant,
1461 1581 1518 1608 quo
1537 1569 1587 1605 fit,
1611 1574 1645 1598 ut
1664 1579 1759 1607 genua
1781 1570 1851 1609 plus
1870 1570 1947 1599 iusto
1967 1571 2172 1600 coniunctiora

220 1613 362 1651 habeant,
400 1614 480 1642 unde
503 1619 531 1642 et
552 1614 655 1642 iisdem
680 1624 845 1653 compernes
867 1614 1018 1644 dicuntur.
1064 1613 1238 1652 Opponitur
1265 1623 1367 1650 varus,
1404 1610 1528 1652 ῥαιβός,
1565 1612 1615 1641 cui
1638 1621 1726 1641 crura
1747 1613 1910 1642 introrsum
1930 1613 2017 1642 flexa.
2061 1614 2103 1643 De
2124 1613 2171 1642 his

220 1657 343 1685 Pollux:
368 1655 509 1695 ραιβοὺς,
535 1654 580 1692 οἷς
602 1653 743 1695 καμπύλα
767 1657 807 1691 εἰς
829 1654 861 1686 τὸ
885 1656 972 1686 ἔνδον
993 1654 1028 1686 τοὶ
1053 1658 1146 1695 σκέλη.
1184 1653 1347 1691 Βλαισούς,
1371 1652 1417 1691 οἷς
1438 1654 1497 1687 ἀπὸ
1520 1657 1579 1686 τῶν
1602 1652 1739 1695 γονάτων
1762 1656 1804 1691 εἰς
1825 1653 1858 1686 τὸ
1881 1656 1938 1686 ἔσω
1961 1652 2170 1694 ἀπέστραπται.

221 1697 307 1728 Dac.
339 1699 489 1729 IHaiorem
510 1706 634 1738 partem.
668 1698 724 1727 Hic
746 1699 830 1727 locus
856 1709 893 1727 ex
916 1699 976 1727 Mil.
1001 1699 1082 1727 Glor.
1108 1700 1170 1727 Act.
1187 1699 1224 1727 ΙΙ.
1249 1709 1288 1727 sc.
1306 1703 1340 1734 1,
1364 1699 1453 1735 (16.):

797 1740 902 1781 Itaque
923 1740 971 1770 hic
993 1742 1154 1770 meretrices
1176 1740 1265 1770 labiis
1288 1739 1357 1769 dum
1379 1739 1502 1770 ductant
1524 1750 1588 1769 eum

796 1783 944 1813 Maiorem
966 1791 1079 1822 partem
1101 1782 1202 1812 videas
1223 1782 1319 1823 valgis
1339 1784 1438 1812 saviis.

231 1823 324 1862 Valgis
353 1826 458 1862 saviis,
497 1826 529 1854 id
559 1831 601 1855 est
629 1825 720 1854 labris
750 1830 922 1854 extrorsum
951 1826 1083 1862 inflexis,
1121 1831 1155 1855 ut
1182 1826 1214 1854 fit
1243 1836 1308 1854 cum
1332 1825 1460 1863 aliquem
1483 1824 1660 1854 deridemus.
1705 1824 1778 1853 Nam
1800 1825 1884 1853 savia
1906 1834 1962 1863 pro
1983 1823 2074 1854 labris
2096 1824 2172 1854 dixit

225 1865 358 1903 Plautus,
383 1868 535 1905 quomodo
559 1873 588 1897 et
611 1869 713 1906 Virgil.
737 1866 838 1897 oscula
862 1869 928 1905 (Ge.
946 1869 987 1905 ll,
1010 1870 1114 1905 523.):
1138 1867 1238 1897 dulces
1261 1869 1371 1897 circum
1394 1866 1496 1897 oscula
1518 1868 1588 1896 nati.
1614 1865 1726 1897 Idem.
1765 1865 1801 1896 In
1825 1865 1888 1895 Sile
1910 1865 2022 1906 litergo.
2060 1867 2171 1905 Legen-

225 1907 295 1935 duni
317 1909 346 1937 in
371 1909 475 1949 Scyihe
497 1910 631 1951 Litargo.
678 1909 789 1950 Scytha
812 1909 954 1950 Liturgus
975 1912 1072 1940 Plauti
1097 1910 1271 1939 comoediae
1294 1921 1401 1939 nomen
1425 1915 1485 1946 est,
1512 1909 1542 1937 id
1565 1914 1609 1938 est
1632 1908 1741 1950 Scytha
1763 1910 1896 1949 stipator.
1940 1908 2069 1948 Scythae
2092 1909 2170 1938 enim

224 1949 305 1987 apud
323 1952 451 1980 Graecos
475 1954 599 1981 eundem
625 1953 760 1982 ordinem
784 1957 921 1990 tenuere,
945 1963 1031 1992 quem
1055 1954 1135 1992 apud
1158 1963 1212 1982 nos
1230 1953 1372 1982 Germani
1394 1953 1425 1980 in
1449 1951 1591 1991 stipandis
1613 1962 1716 1990 regum
1739 1957 1768 1982 et
1790 1951 1961 1991 principum
1983 1951 2170 1991 corporibus.

224 1991 355 2029 Ideoque
377 1997 552 2035 Λειτουργοὶ
574 1996 654 2025 dicti.
687 1995 795 2024 Versus
821 1996 914 2024 Plauti
936 2012 972 2018 —
992 1997 1039 2025 sin
1060 2007 1094 2025 ea
1115 1995 1188 2025 mihi
1211 2000 1266 2024 etc.
1287 1996 1396 2024 mirum
1418 2005 1478 2024 non
1501 1993 1649 2024 monuisse
1673 1995 1852 2034 interpretes
1875 1994 1994 2023 eosdem
2017 2004 2096 2031 esse,
2118 1994 2170 2033 qui

224 2033 362 2071 leguntur
384 2035 414 2062 in
437 2036 496 2066 Mil.
520 2038 567 2067 Gl.
590 2039 654 2067 Act.
669 2038 719 2067 111.
743 2048 782 2066 sc·
799 2041 829 2074 1,
855 2039 974 2075 (127.):

742 2080 813 2108 Tum
837 2092 870 2108 ne
893 2091 973 2109 uxor
993 2080 1066 2109 mihi
1087 2080 1241 2119 insignitos
1263 2091 1369 2120 pueros
1389 2080 1489 2120 pariat
1508 2087 1621 2119 postea,

732 2122 797 2151 Aut
819 2133 935 2159 varum,
963 2130 1014 2151 aut
1034 2121 1170 2162 valgum,
1195 2131 1247 2151 aut
1270 2133 1460 2162 compernem,

732 2164 797 2192 Aut
817 2172 933 2203 paetum
956 2172 1006 2193 aut
1031 2164 1170 2194 broncum
1185 2164 1294 2204 filium.

225 2200 313 2229 Dae.
358 2198 477 2240 Volgum
499 2200 593 2229 Nonio
616 2201 692 2240 (pag.
705 2206 755 2237 25.
780 2206 882 2246 Mero.)
904 2207 1059 2237 intortum.
1102 2207 1229 2236 Glossis:
1265 2205 1415 2246 Valgium,
1446 2205 1597 2246 στρέβλον.
1630 2204 1734 2235 Goth.
1779 2204 1864 2233 Prior
1893 2205 1988 2233 Plauti
2010 2205 2095 2233 locus
2116 2203 2169 2244 (11,

229 2246 262 2277 1,
288 2240 350 2282 16.)
373 2243 479 2271 vitiose
502 2243 612 2272 citatur
635 2254 651 2272 a
674 2246 768 2275 Festo.
811 2249 856 2277 Ex
880 2250 1022 2288 Scaligeri
1043 2249 1162 2288 quidem
1186 2250 1331 2286 lectione,
1365 2260 1451 2288 quem
1474 2254 1595 2278 secutus
1617 2252 1661 2277 est
1684 2247 1841 2276 Dacerius:
1871 2245 1994 2276 Plautus
2015 2247 2047 2275 in
2070 2245 2172 2276 Milite

223 2283 369 2324 glorioso,
392 2285 443 2324 qui
464 2283 542 2314 talos
564 2284 690 2315 diversos
711 2288 831 2318 haheat:
855 2291 1004 2321 Maiorem
1024 2300 1137 2331 partem
1160 2291 1259 2321 videas
1280 2290 1377 2331 valgis
1399 2291 1490 2330 ialis‚·
1511 2297 1546 2320 ut
1568 2291 1673 2319 Festus
1694 2290 1776 2329 apud
1798 2290 1935 2318 Plautum
1957 2289 2077 2327 legerit:
2097 2287 2169 2322 val-

224 2327 272 2366 gis
293 2325 372 2355 talis.
407 2326 464 2355 Sed
489 2326 670 2365 Augustinus
693 2334 722 2357 et
744 2331 773 2358 F.
792 2332 912 2362 Ursinus
933 2335 1104 2363 ediderunt:
1128 2335 1250 2363 Plautus
1273 2335 1302 2363 in
1325 2335 1418 2363 Milite
1440 2334 1586 2371 glorioso:
1615 2332 1673 2371 Qui
1693 2331 1772 2362 talos
1791 2333 1913 2361 vitiosos
1933 2332 2070 2361 maiorem
2089 2340 2168 2369 par·—

227 2375 283 2397 1em
303 2367 403 2397 videas
422 2367 502 2409 vulgi
523 2368 603 2398 salis.
643 2370 783 2407 Equidem
807 2379 879 2410 puto
902 2386 952 2405 vv.
977 2378 1028 2416 qui
1049 2375 1125 2405 talos
1145 2378 1265 2406 vitiosos
1287 2377 1582 2415 interpretamentum
1604 2375 1702 2404 libarii
1727 2385 1804 2412 esse,
1831 2374 1913 2413 quod
1935 2373 2110 2413 pertinuerit
2129 2372 2167 2400 ad

227 2411 328 2439 locum
352 2411 448 2440 Plauti
470 2412 681 2450 posteriorem,
709 2413 885 2453 Festumque
908 2423 988 2446 recte
1009 2419 1113 2456 legisse
1134 2418 1230 2457 valgis
1250 2420 1340 2448 saviis
1362 2419 1453 2458 idque
1475 2419 1606 2448 scribere
1627 2418 1764 2447 voluisse.
1811 2417 1851 2446 De
1872 2415 1968 2455 valgis
1989 2415 2077 2445 saviis
2097 2413 2167 2443 vide

229 2461 304 2492 quae
325 2453 426 2484 notavi
448 2454 485 2483 ad
506 2454 592 2484 illum
613 2454 714 2484 Militis
735 2455 844 2487 locum.
887 2458 1037 2488 Posterior
1064 2464 1163 2489 autem
1185 2461 1282 2490 Plauti
1310 2462 1396 2490 locus
1416 2472 1454 2491 ex
1474 2461 1639 2499 Sitelitergo
1661 2460 1724 2489 sive
1745 2459 1855 2497 Scytha
1876 2459 1985 2496 liturgo
2008 2457 2163 2493 excitatus,
