2263 2668
243 172 317 207 464
666 162 1009 198 COMMENTARII
1034 162 1082 195 IN
1107 161 1249 196 PAULI
1275 164 1469 198 DlAcoxl
1496 163 1751 198 EXGERPTA

244 267 338 302 lebat,
362 262 532 301 quicunque
555 258 609 285 ista
633 256 766 294 scripsit:
797 253 879 284 Mihi
902 265 958 282 non
980 253 1053 282 satis
1071 254 1243 293 persuadet,
1267 260 1301 284 ut
1323 256 1448 284 diceret:
1473 266 1538 285 voc.
1560 256 1686 295 Impetus
1708 256 1872 295 negativam
1895 268 1953 286 non
1975 260 2082 291 habere
2105 262 2175 298 vim,

246 319 333 349 quam
355 305 459 335 habeat
482 300 634 335 immunis,
663 297 799 337 impunis.
844 296 900 325 Sed
924 296 1086 334 composita
1109 307 1170 326 esse
1191 299 1245 326 ista
1266 299 1339 327 satis
1363 299 1449 327 etiam
1474 299 1617 327 barbarus
1639 298 1696 326 sibi
1717 309 1890 337 persuasum
1912 299 2046 332 habebat.

405 341 610 374 Immolare.
655 340 732 369 Mola
764 344 807 367 est
837 339 881 367 sar
910 343 1021 367 tostum
1049 340 1109 368 sale
1133 350 1286 379 sparsum,
1322 341 1403 379 quod
1426 340 1591 370 hostiarum
1614 341 1706 369 fronti
1729 341 1806 370 inter
1828 352 1939 371 cornua
1962 345 2167 383 imponebatur

247 392 327 433 quod
349 386 468 429 proprie
491 382 651 412 immolare.
696 382 770 410 Vide
792 380 881 411 mola.
924 380 1014 409 Dac.
2168 371 2176 382 ³

406 427 569 457 Initium.
613 425 690 453 Inire
713 428 757 453 est
780 424 938 459 inchoare,
966 423 1045 451 unde
1067 423 1181 453 initium
1203 425 1340 464 proprie,
1369 435 1430 463 quo
1454 425 1527 463 quid
1550 425 1672 464 incipit,
1703 429 1735 454 ut
1756 426 1820 454 viae
1841 426 1973 463 initium,
2004 433 2036 457 ut
2058 429 2178 460 Graeci„

246 473 329 515 ‹iwi-
358 471 415 500 Sed
432 479 488 508 pro
507 468 639 506 quolibet
657 468 742 496 etiam
758 466 906 506 principio
923 466 1067 502 sumitur,
1092 471 1124 494 ut
1141 478 1196 506 pro
1213 468 1381 504 elementis,
1404 468 1484 506 quod
1501 478 1534 496 ea
1552 468 1610 496 sint
1626 468 1756 496 omnium
1774 478 1873 496 rerum
1890 470 2061 507 primordia.
2091 472 2177 502 Dac.

406 511 446 541 In
458 518 569 541 creta.
615 510 664 538 Sic
687 519 774 549 supra
801 507 882 538 Crevi
903 508 934 536 id
958 513 1003 536 est
1025 506 1120 540 divisi.
1154 509 1317 547 Incretum‚
1340 509 1369 538 id
1394 515 1437 539 est
1459 520 1519 538 non
1544 515 1666 540 cretum.
1701 510 1795 539 Cerno
1818 521 1834 538 a
1856 513 1965 548 κρίνω,
1988 523 2113 553 separo,
2135 515 2179 544 di-

245 559 324 588 vido.
368 555 454 584 Dac-

407 596 518 625 Iners.
563 595 684 625 Lucillz
722 593 759 622 Ut
779 591 943 633 perhibetur
964 592 1055 628 iners,
1085 604 1134 622 ars
1155 594 1185 622 in
1208 605 1265 634 quo
1286 605 1344 623 non
1367 595 1419 623 erit
1442 593 1513 624 ulla.
1554 594 1668 624 citatur
1689 594 1720 622 in
1742 595 1914 632 fragmentis
1936 597 2031 626 Servii
2054 596 2104 636 (ad
2125 598 2177 628 IV.

245 644 317 672 Aen.
340 639 473 678 v.158.).
519 637 561 666 Ab
592 647 625 665 eo
653 635 809 666 inei-titudo
838 636 1003 664 formarunt
1031 640 1161 672 veteres,
1199 647 1285 675 quam
1313 633 1461 676 ἆδρανίαυ
1489 642 1612 666 vertunt
1635 637 1757 674 Graeci,
1795 636 1854 665 1100
1879 643 1923 667 est
1944 639 2111 677 ignaviam,
2146 646 2179 670 ut

245 688 367 715 inertem
392 679 515 719 ἀδρανῆ.
540 679 638 708 Scal.
682 679 762 707 Iners
785 678 836 716 qui
860 677 956 706 nullas
979 682 1055 706 artes
1076 683 1190 707 tractat.
1233 679 1322 708 Dac-

408 724 564 761 Inigere.
609 723 703 751 Varro
727 721 762 749 de
785 731 817 750 re
839 725 912 749 rust.
929 719 955 755 I,
979 722 1024 750 2.:
1061 719 1096 749 In
1117 721 1263 750 nutricatu
1286 732 1350 750 cum
1372 732 1474 760 parere
1496 728 1661 760 coeperunt,
1699 722 1813 761 inigunt
1834 722 1864 750 in
1887 721 2005 752 stabula
2026 734 2079 762 ea,
2105 735 2179 764 quoe

245 769 350 799 liabent
378 765 418 794 ad
440 776 501 794 eam
526 776 583 792 rem
606 763 728 794 seclusa.
766 764 823 792 Pro
846 763 952 801 inigere
974 767 1088 792 veteres
1111 763 1279 792 scribebant
1301 764 1414 793 inicere.
1457 764 1539 792 Varr.
1565 764 1628 799 (De.
1647 764 1678 792 L.
1695 764 1726 792 L.
1752 764 1790 799 V,
1813 774 1876 802 pag.
1894 767 1962 796 159.
1987 766 2068 805 Sp.):
2101 765 2179 796 Car-

243 819 358 852 pentum
381 809 505 837 iniceret.
529 806 618 836 Dac.
655 806 781 845 Iungere.
819 805 937 844 Inigere.
965 802 1069 834 Goth.
1108 805 1236 835 Minore.
1275 805 1348 834 Vide
1371 816 1461 845 supra
1484 805 1582 845 Agere
1604 810 1631 834 et
1654 805 1818 845 Agasones.
1862 805 1975 836 Idem.

407 850 494 878 Init.
538 849 616 878 Inire
641 849 790 877 interdum
819 848 979 876 obscenum
1001 848 1125 876 verbum
1149 853 1208 884 cst,
1243 848 1321 877 unde
1344 848 1436 877 Inuus
1459 854 1487 877 et
1511 849 1611 876 lnivus
1635 849 1694 877 Pan
1719 849 1830 885 dictus,
1867 850 1917 887 qui
1942 851 2053 879 Graece
2076 846 2179 887 ἕφιᾶλ-

244 908 304 935 της.
335 895 412 923 [nire
435 893 594 928 rationem,
619 891 774 920 consilium
797 895 839 919 est
863 889 1039 927 deliberare,
1063 892 1255 927 constituere,
1280 901 1338 929 qua
1359 891 1474 920 ratione
1496 890 1554 919 hoc
1578 891 1625 920 vel
1646 891 1724 919 illud
1746 891 1810 919 fieri
1832 892 1934 930 possit.
1959 892 2047 921 Dac.
2084 893 2179 921 Locus

245 938 341 967 Plauti
364 938 393 964 in
415 935 522 963 nostris
546 934 760 973 exemplaribus
782 944 839 961 non
862 933 1018 971 reperitur.

405 977 579 1005 lnermat.
625 977 697 1005 lnde
725 976 841 1004 inermis
863 980 891 1003 et
913 975 1051 1011 inermus,
1088 975 1139 1013 qui
1166 974 1228 1003 sine
1257 975 1354 1004 armis.
1386 974 1476 1005 Dac.
1522 975 1595 1005 Vide
1618 975 1693 1004 Non.
1718 976 1804 1014 (pag.
1815 977 1886 1007 492.
1910 976 2020 1014 Mero.)
2043 987 2072 1007 v.
2093 976 2179 1005 Iner-

243 1035 314 1052 mus.
362 1019 466 1050 Goth.

410 1062 449 1091 In
472 1059 611 1091 insula.
655 1060 823 1089 Tiberinani
846 1059 974 1088 insulam
996 1059 1142 1097 intellige,
1166 1070 1253 1098 quam
1273 1060 1389 1089 Tiberis
1411 1059 1522 1088 fluvius
1545 1059 1654 1096 ambit,
1676 1071 1744 1089 nam
1768 1065 1796 1088 et
1819 1070 1880 1088 eam
1904 1059 2079 1100 Aesculapii
2100 1061 2179 1090 insu-

243 1107 303 1137 lam
327 1110 414 1134 vocat
434 1106 555 1133 sueton.
577 1104 608 1132 in
632 1103 734 1131 Claud.
756 1113 819 1142 cap.
832 1104 883 1134 25.
915 1102 989 1131 Vide
1013 1101 1159 1131 Plutarch.
1183 1103 1213 1130 in
1238 1102 1358 1138 Quaest.
1377 1103 1460 1132 Rom.
1485 1107 1597 1141 quaest.
1617 1103 1668 1134 94.
1691 1102 1747 1131 Da
1759 1114 1782 1132 c.
1815 1102 1903 1141 Quod
1925 1104 1951 1131 is
1973 1102 2106 1132 uberibus
2129 1114 2180 1132 ca-

244 1151 297 1180 nis.
331 1149 462 1177 Lactant.
485 1147 536 1176 lib.
562 1146 597 1175 de
621 1146 695 1174 salsa
717 1146 800 1183 relig.
824 1146 899 1183 (cap.
914 1147 973 1181 10.)
996 1145 1103 1179 tradit,
1126 1145 1332 1183 Aesculapium
1354 1146 1430 1174 lacte
1454 1145 1559 1173 canino
1582 1146 1727 1173 nutritum
1749 1144 1870 1173 chironi
1893 1145 2034 1174 traditum
2058 1145 2093 1173 ab
2115 1145 2181 1184 ipso

244 1192 370 1221 Chirone
394 1195 485 1219 artem
508 1189 643 1217 medendi
666 1188 754 1216 fuisse
778 1189 926 1217 edoctum.
949 1184 1058 1216 Idem.
1092 1185 1175 1216 Huic
1195 1187 1327 1227 gallinae
1348 1186 1586 1216 immolabantur.
1620 1188 1668 1216 Sic
1691 1189 1825 1216 Socrates
1847 1188 1878 1216 in
1901 1188 2057 1217 Phaedone
2079 1188 2181 1217 Plato-

244 1235 288 1263 nis
311 1244 341 1262 se
364 1233 471 1271 galluni
494 1232 601 1260 debere
625 1231 800 1270 Aesculapio
823 1229 935 1258 medico
960 1229 1048 1266 dicit,
1082 1229 1163 1267 quod
1185 1231 1278 1268 gallus
1300 1230 1345 1258 illi
1368 1231 1492 1259 mactari
1517 1230 1716 1260 consueverit.
1762 1228 1869 1260 Idem.

408 1276 673 1313 Intempestam
697 1281 849 1303 noctem.
893 1271 987 1300 Varro
1011 1272 1062 1300 lib.
1076 1272 1122 1302 VI.
1143 1272 1179 1302 de
1198 1274 1229 1301 L.
1246 1273 1294 1303 L.:
1318 1273 1492 1312 Intempesta
1515 1283 1580 1301 nox
1602 1271 1684 1302 dicta
1706 1271 1744 1300 ab
1766 1279 1948 1311 tempestate,
1970 1280 2122 1311 tempestas
2143 1271 2181 1301 ab

244 1326 378 1358 tempore.
423 1317 597 1356 Intempesta
620 1327 701 1353 nox,
725 1326 781 1356 quo
804 1323 929 1353 tempore
951 1313 995 1343 nil
1016 1315 1122 1354 agitur.
1155 1314 1259 1344 Attius
1280 1315 1310 1343 in
1333 1313 1445 1344 Bruto:

835 1356 929 1386 Nocte
950 1358 1117 1396 intempesta
1140 1365 1269 1386 nostram
1292 1355 1402 1385 devenit
1425 1354 1552 1385 clomum.

245 1404 365 1433 Servius
385 1403 434 1433 Ill.
459 1401 593 1430 Aeneid.:
632 1400 807 1439 Intempesta
831 1398 912 1428 dicta
933 1406 972 1427 est
995 1410 1058 1428 nox
1081 1397 1191 1435 media,
1222 1399 1421 1438 intempestiva
1442 1399 1615 1434 inactuosa,
1646 1409 1747 1427 carens
1769 1397 1899 1435 actibus,
1929 1410 1981 1438 per
2002 1397 2082 1439 quod
2104 1406 2181 1427 tem—

242 1458 317 1486 pora
340 1445 545 1485 dignoscimus.
589 1442 646 1472 Ait
668 1443 742 1471 enim
766 1442 935 1477 Lucretius,
969 1439 1049 1481 quod
1068 1453 1120 1480 per
1141 1453 1170 1470 se
1192 1449 1301 1480 tempus
1324 1452 1381 1470 non
1402 1439 1575 1479 intelligitur
1597 1441 1653 1469 nisi
1672 1452 1724 1480 per·
1746 1448 1829 1470 actus
1851 1440 2001 1470 humanos.
2045 1439 2180 1469 Medium

245 1496 338 1517 autem
362 1488 456 1516 noctis
478 1494 587 1525 tempus
609 1492 677 1514 actu
700 1492 786 1515 caret.
832 1484 937 1512 Graeci
964 1489 1064 1512 tamen
1092 1488 1209 1512 noctem
1239 1484 1443 1522 intempestam
1467 1483 1610 1511 dixerunt
1632 1479 1761 1523 ἇμολγὸν
1785 1481 1895 1520 νυκτᾶ,
1932 1483 1963 1514 ἒν
1987 1480 2109 1523 οἷμολγῷ
2129 1485 2183 1518 τῆς

244 1529 367 1566 νυκτός,
390 1530 459 1568 quia
481 1533 553 1557 tunc
576 1528 714 1565 mulgent.
738 1527 826 1556 Dae.
860 1526 985 1554 Glossis:
1009 1525 1183 1565 Intempesta
1205 1523 1319 1564 ἄωρος,
1344 1524 1484 1564 ἄκαιρος,
1507 1528 1621 1556 θαθεῖα
1645 1526 1694 1564 (an
1716 1523 1824 1557 θάλεια
1845 1525 1874 1554 h.
1895 1535 1918 1555 e.
1941 1525 2006 1561 δαὶς
2026 1523 2133 1556 &olisia
2143 1524 2182 1563 ?)‚

245 1573 382 1613 ἄκρατος.
408 1570 509 1600 Goth.
552 1570 766 1608 Tempestatem.
804 1569 877 1597 Vide
899 1569 978 1596 infra
1004 1568 1222 1606 Tempestaaeem.
1267 1566 1376 1596 Idem.

406 1613 652 1652 Inter-gerici.
697 1611 877 1650 Intergerius.
916 1611 1062 1639 Glossam
1092 1609 1272 1648 Intergerios.
1297 1608 1400 1638 Fulv.
1428 1608 1505 1638 Urs.
1542 1609 1719 1648 Intergerivi.
1759 1609 1819 1646 Ego
1842 1609 1958 1637 mallem
1980 1609 2109 1639 scribere
2129 1620 2183 1648 per

245 1658 305 1686 duo
329 1669 365 1686 rr.
395 1657 445 1684 Est
467 1655 542 1683 enim
566 1665 580 1681 a
601 1654 707 1693 gerris,
731 1652 789 1682 hoc
813 1658 857 1681 est
880 1652 1019 1680 cratibus.
1051 1652 1134 1680 Unde
1158 1657 1186 1680 et
1209 1652 1376 1689 congratitii
1399 1651 1525 1690 parietes
1548 1650 1707 1689 aliquando
1730 1651 1879 1682 dicuntur,
1910 1651 2108 1680 Glossarium:
2134 1652 2183 1680 In-

247 1700 376 1739 tergeries
390 1698 501 1738 paries,
524 1700 622 1735 τοῖχος
640 1693 654 1725 6
671 1694 727 1726 δύο
751 1693 867 1733 κτήσεις
890 1696 1036 1734 διορίζων.
1061 1692 1158 1724 Scal.
1191 1694 1248 1730 Qui
1271 1694 1347 1723 iuter
1370 1695 1442 1722 duas
1465 1693 1662 1722 habitationes
1684 1693 1921 1731 {mei-geruntur,
1944 1694 2184 1733 interponuntur,

248 1747 278 1770 ut
300 1753 347 1771 eas
370 1744 523 1779 separent,
552 1740 587 1767 ab
611 1738 821 1775 intergerendo
845 1738 935 1774 dicti,
961 1748 1021 1765 non
1042 1742 1139 1765 autem
1164 1748 1179 1764 a
1203 1738 1311 1774 gerris,
1334 1737 1365 1765 id
1389 1742 1431 1764 est
1454 1736 1601 1772 cratibus,
1625 1741 1658 1764 ut
1681 1736 1800 1774 putavit
1817 1737 1964 1773 Scaliger,
1987 1737 2039 1775 qui
2063 1741 2092 1765 et
2115 1737 2184 1765 ideo

250 1785 359 1821 legebat
373 1783 562 1821 intergerrini.
592 1781 784 1820 Intergcrivus
796 1781 894 1820 paries
917 1789 974 1808 una
997 1789 1071 1808 voce
1095 1779 1249 1808 dicebatur
1271 1780 1453 1818 intergerium
1477 1784 1506 1807 et
1527 1779 1698 1818 intergeries.
1717 1778 1807 1808 Dae.
1839 1779 1923 1807 Unde
1939 1779 2052 1807 craticii
2070 1783 2100 1807 et
2115 1788 2186 1807 con-

249 1827 359 1861 graticii
383 1826 524 1854 dicuutur
545 1825 574 1852 in
597 1824 661 1852 iure
684 1823 702 1851 l.
727 1833 793 1851 cum
817 1823 934 1851 duobus
958 1823 1007 1854 51.
1026 1823 1049 1859 §.
1085 1822 1157 1850 Item
1182 1822 1255 1850 Mela
1283 1822 1330 1853 15.
1343 1821 1373 1849 ff.
1398 1832 1452 1859 pro
1476 1822 1565 1850 socio.
1604 1821 1670 1849 uixi
1693 1821 1768 1849 infra
1791 1821 1820 1849 in
1843 1820 1941 1850 Solea.
1988 1819 2092 1850 Goth.

410 1867 637 1895 Internecio.
682 1865 865 1895 Internectio.
900 1865 1030 1894 Verbum
1052 1862 1215 1904 interfectio
1238 1864 1359 1893 videtur
1382 1864 1536 1892 adiectum.
1568 1862 1670 1892 Fulv.
1700 1863 1775 1892 Urs.
1819 1863 1897 1892 Eliso
1921 1870 1932 1891 t
1954 1863 2126 1900 internecio,
2156 1868 2185 1892 et

253 1909 316 1945 plus
337 1915 419 1937 sonat
442 1919 529 1947 quam
552 1909 633 1938 necio
656 1908 716 1936 sive
738 1919 807 1937 nex.
843 1908 922 1937 Inter
944 1908 1020 1936 enim
1042 1906 1194 1935 interdum
1217 1912 1322 1945 auget,
1349 1906 1392 1934 sic
1414 1906 1529 1935 interire
1550 1906 1618 1944 plus
1641 1910 1683 1933 cst
1706 1915 1793 1944 quam
1813 1906 1915 1945 perire.
1940 1905 2019 1934 Dae.
2059 1906 2185 1935 Glossis:

256 1949 408 1979 Internecio
429 1948 587 1990 ἀναίρεσις.
635 1948 738 1979 Goth.

416 1993 515 2021 Inter
543 2000 660 2023 cutem
678 1991 910 2033 flagitatas.
954 1991 1016 2020 Hos
1040 1991 1111 2019 Cato
1140 1990 1217 2019 dixit
1239 1990 1434 2019 intercutibus
1458 1990 1568 2029 stupris
1592 1990 1771 2026 obstinatos,
1805 1989 1969 2028 insignibus
1991 1990 2109 2029 probris
2130 1991 2185 2019 ssa-

256 2032 370 2070 gitatos.
412 2033 557 2072 Flagitare
579 2035 702 2063 verbum
726 2035 886 2064 obscenum
910 2039 964 2064 est.
1007 2033 1147 2071 Apuleius
1172 2033 1254 2071 (Met.
1272 2033 1351 2071 10.):
1386 2031 1538 2061 Nudatum
1566 2034 1789 2073 supinatumque
1812 2033 1842 2061 in
1864 2040 1987 2061 ventrem
2010 2032 2185 2062 execrandis

256 2073 624 2113 uredinihusflagitabant‚
670 2077 760 2106 Unico
783 2078 876 2106 verbo
898 2077 1059 2106 intercutiti
1081 2076 1275 2113 dicebantur,
1298 2081 1332 2104 ut
1353 2075 1447 2111 infra,
1471 2076 1540 2104 item
1564 2079 1592 2103 et
1613 2073 1795 2104 internuculi.
1841 2076 1934 2103 Omne
1958 2075 2032 2103 enim
2054 2075 2185 2104 medium

258 2114 386 2145 nucleum
410 2118 553 2146 vocabant
574 2124 704 2157 veteres,
736 2125 769 2148 ut
792 2125 836 2148 est
857 2119 936 2157 apud
960 2119 1138 2148 Vitruvium.
1172 2116 1314 2158 (Saepe.).
1357 2117 1447 2147 Duc.

421 2157 674 2191 Interduatim.
719 2162 762 2190 Ab
792 2160 979 2191 intercluatim
1010 2166 1038 2189 et
1066 2161 1211 2190 interatim
1242 2158 1385 2189 interdum
1416 2164 1444 2188 et
1472 2160 1586 2188 interim
1615 2158 1673 2188 dici
1701 2159 1814 2187 iudicat
1834 2158 1950 2187 Festus.
1992 2158 2184 2188 Interduatim

260 2200 336 2238 apud
361 2199 494 2227 Plautum
520 2202 646 2230 restituit
665 2204 820 2243 Scioppius
839 2204 960 2233 Trucul.
977 2203 1031 2239 lv,
1054 2203 1083 2233 4.
1107 2204 1198 2240 (29.):

803 2246 840 2275 Id
862 2258 974 2286 quoque
995 2244 1182 2274 interduatim
1206 2255 1307 2274 nomen
1329 2242 1611 2273 commemorabitur.

263 2284 339 2312 Libri
361 2282 512 2321 impressi:
536 2281 651 2311 Interim
664 2284 799 2325 futatim.
833 2289 890 2317 Sed
911 2290 946 2316 de
970 2287 1026 2316 hoc
1049 2288 1128 2317 alibi.
1152 2287 1242 2316 Dac.
1281 2285 1473 2315 Interduatim
1495 2285 1571 2314 nihil
1593 2294 1654 2314 esse
1676 2289 1774 2323 potest
1795 2285 1851 2313 nisi
1873 2283 2089 2320 inter-datatim,
2111 2283 2139 2311 h.
2157 2292 2181 2311 e.

260 2324 402 2354 interdum
430 2323 536 2354 dando-
582 2326 688 2354 Contra
719 2337 771 2364 pro
800 2331 944 2359 interatim
974 2331 1068 2368 legam
1096 2331 1231 2359 iteratim.
1276 2330 1309 2357 In
1337 2329 1402 2357 loco
1433 2328 1570 2357 Plautino
1599 2327 1731 2366 Scioppii
1759 2333 1957 2357 commentum
1987 2327 2057 2356 ferri
2082 2325 2183 2363 nequit

263 2373 385 2407 propter
409 2373 540 2398 metrum.
565 2367 642 2396 MSS.
664 2368 775 2396 interim
787 2370 923 2409 futatim.
969 2373 1121 2401 Goellerus
1144 2382 1238 2410 nuper
1260 2371 1353 2400 edidit
1375 2371 1487 2399 interim
1499 2369 1642 2411 furatim.

426 2409 627 2438 Intraliere.
672 2409 704 2437 In
726 2413 930 2440 contumeliam
952 2414 1014 2442 sive
1037 2414 1122 2442 etiam
1145 2415 1174 2442 in
1197 2415 1321 2452 laquea,
1346 2413 1375 2441 in
1399 2413 1518 2442 insidias
1540 2411 1665 2441 trahere.
1708 2411 1796 2441 Dac.
