2263 2668
754 127 984 163 EXEMPLA
1015 125 1386 164 ELOCUTIONUM.

1967 134 2042 169 239

192 221 261 256 hoe
289 220 411 254 facere.
445 219 541 254 Idem
567 219 650 254 Aen.
673 219 781 256 V111.:
816 222 930 256 Pater
953 221 1167 267 omnipotens
1192 223 1346 268 aliquem
1374 223 1583 270 indignatus
1612 224 1659 260 ab
1690 224 1823 260 umbris
1848 224 2042 261 BIortalem

193 272 339 319 infernis
360 272 411 306 ad
434 272 567 306 lumina
589 282 742 318 surgere
762 274 865 308 vitae.

89 342 260 389 Ingressus
284 342 369 374 loca.
392 340 461 375 Cic.
483 341 516 373 in
540 337 743 375 Pisone1n²⁴2
769 342 922 375 Romam
945 351 1028 375 vero
1052 342 1185 386 ipsam,
1210 353 1229 374 o
1243 340 1416 387 fimtiliae
1434 354 1502 376 non
1528 344 1647 378 (licam
1679 345 1897 389 Calpurniae
1920 349 1952 377 et
1977 345 2042 377 hn-

195 393 249 427 ius
271 391 385 433 urbis,
424 392 489 426 sed
514 391 716 425 Placentini
741 394 919 439 municipii
943 397 976 426 et
1008 391 1182 426 bracatae
1211 394 1431 438 cognationis
1460 395 1630 438 dedecus,
1667 396 1963 442 quemadmodum
1987 397 2041 430 in-

192 455 339 490 gressus
364 447 422 477 est.
474 443 645 488 Ingressus
664 444 756 477 locis.
784 446 878 490 Virg.
896 445 979 478 Aen.
1000 441 1077 480 X.25

1086 456 1095 478 ε
1126 444 1261 479 Castris
1287 445 1469 490 ingressus
1498 446 1668 481 Etruscis.

89 512 254 559 Imposuit
272 512 320 545 illi
343 512 399 545 rei.
422 511 516 556 Virg.
547 511 677 557 Georg.
703 509 813 548 111.²⁰:
835 513 994 558 Impositi
1015 512 1121 546 dorso
1143 517 1249 558 atque
1271 513 1419 557 equitem
1440 514 1598 549 docuere.
1625 516 1722 548 Idem
1743 516 1826 549 Aen.
1848 515 1891 551 II.
1900 511 1941 548 ²⁷:
1967 515 2041 548 Er-

191 574 243 609 go
261 573 350 608 age,
379 573 464 596 care
479 567 606 608 pater,
634 565 761 598 cervici
783 565 961 610 imponere
981 568 1131 598 nostrae.

195 614 326 648 Omnia
347 618 496 647 sacrata
518 626 669 660 corpora
693 616 728 649 in
750 620 846 650 rates
868 616 1079 662 imposuisse.
1106 615 1243 651 Terent.
1267 616 1373 649 Andr.
1384 613 1424 649 ²⁹:
1452 616 1496 650 In
1526 619 1645 663 ignem
1671 618 1834 663 imposita
1858 622 1917 651 est.

1184 565 1346 609 Imposuit
1370 565 1402 598 in
1428 565 1519 599 illam
1544 578 1623 600 rem.
1651 567 1770 600 Salust.
1800 566 1924 601 Histor.
1945 564 2040 600 11.²⁸:

1969 618 2040 650 Im-

193 665 306 710 posuit
333 665 366 698 in
393 666 452 698 illa
473 678 509 699 re
522 663 556 699 ³⁰.
584 666 654 701 Cic.
683 667 727 700 de
757 668 869 701 Domo
893 680 966 702 sua:
999 666 1080 700 Non
1104 667 1156 701 ita
1179 668 1358 702 crudelem
1371 667 1507 714 fuisse,
1538 674 1574 703 ut
1596 671 1740 704 viventis
1761 669 1866 703 etiam
1898 672 1931 702 et
1965 670 2039 714 spi-

188 717 302 750 rantis
324 717 499 762 capitibus
522 729 600 750 eum
624 719 696 752 suis
721 719 868 753 navibus
891 720 1092 764 imponeret.

87 767 264 813 Immigrat
284 767 318 801 in
341 768 490 802 domum.
517 768 586 803 Cic.
604 769 648 803 de
666 770 779 803 Domo
801 767 903 804 suam:
929 771 1026 804 Deos
1039 769 1256 804 immortales
1282 770 1507 812 existimatis,
1533 772 1631 806 cuius
1657 771 1780 806 labore
1805 774 1838 805 et
1864 781 1942 804 eum
1972 770 2038 803 do-

190 831 286 853 mum
314 819 491 866 afflictam
519 824 552 856 et
580 832 744 855 aversam
769 823 979 868 immigrare
999 822 1156 855 voluisse.

87 869 257 904 Inhorruit
274 870 338 906 his.
366 871 461 917 Virg.
481 870 565 905 Aen.
589 872 630 906 V.
639 869 682 906 ³²:
723 873 905 908 Inhorruit
931 874 1030 908 unda
1051 873 1212 909 tenebris.

190 919 289 957 X.³³:
315 922 365 956 Et
391 923 563 957 inhorruit
584 934 711 959 armos

87 973 128 1007 Iu
159 973 248 1007 haec
276 979 380 1016 errat,
415 974 451 1008 id
478 980 542 1016 est,
575 975 681 1008 fertur
712 975 863 1009 errando.

1264 872 1436 906 Inhorruit
1460 873 1518 907 illa
1552 873 1646 907 illam
1670 885 1750 908 rem.
1783 872 1880 906 Idem
1916 869 2036 918 [528]

916 975 1011 1021 Virg.
1040 975 1167 1021 Georg.
1191 971 1265 1010 1.³⁴:
1298 974 1395 1022 Quos
1420 975 1516 1021 ignis
1548 975 1635 1009 coeli
1671 974 1845 1019 Cyllenius
1876 977 1974 1007 errat
2002 973 2039 1006 in

191 1024 302 1058 orbes.
328 1025 425 1059 Idem
447 1026 607 1060 Aeneid.:
640 1026 753 1060 Lenes
775 1028 941 1072 equitavit
964 1028 999 1060 in
1025 1027 1135 1061 orbes.

88 1075 232 1122 Invigilo
256 1075 322 1110 hac
343 1089 380 1110 re
406 1089 469 1122 pro
491 1078 630 1122 invigilo
656 1077 737 1113 huic
757 1075 846 1113 rei35.
882 1079 977 1124 Virg.
1006 1079 1136 1124 Georg.
1159 1077 1254 1111 1111.:
1288 1076 1487 1123 Invigilcmt
1513 1077 1617 1111 victu.
1651 1077 1747 1110 Idem
1769 1077 1852 1111 Aen.
1876 1071 2037 1110 Vllll.³⁵:

196 1127 231 1161 V
226 1131 332 1161 enata
355 1129 543 1175 invigilant
557 1129 674 1174 pueri.

88 1179 128 1213 In
151 1184 285 1213 noctem
305 1179 425 1213 siletur.
454 1181 547 1225 Virg.
574 1180 702 1226 Georg.
723 1178 851 1215 1111.³⁷:
879 1181 1011 1216 Siletnr
1033 1181 1067 1214 in
1087 1183 1232 1215 noctem.
1261 1179 1380 1212 Salust.
1397 1179 1522 1212 Histor.
1549 1175 1624 1214 1³⁸:
1656 1179 1702 1212 Ut
1725 1179 1754 1213 si
1775 1180 1873 1213 illam
1902 1176 2036 1222 fugam

189 1231 403 1265 innocentem
422 1232 458 1265 in
475 1236 610 1266 noctem
633 1237 886 1279 componerent.
914 1233 984 1267 Cic.
1011 1232 1054 1266 de
1075 1233 1163 1276 Rep.
1185 1227 1295 1264 111.³⁹:
1323 1230 1527 1265 Sermonem
1553 1232 1589 1265 in
1615 1232 1763 1265 multam
1790 1233 1924 1264 noctem
1944 1239 2034 1274 pro—

190 1282 364 1315 duximus.

87 1332 209 1367 Infelix
228 1333 285 1366 illa
305 1332 404 1367 huius
428 1331 516 1368 rei⁴⁰.
544 1334 639 1381 virg.
661 1335 745 1369 Aen.
766 1335 860 1369 1111.:
892 1334 1027 1382 Infelix
1054 1334 1162 1369 animi
1185 1333 1390 1368 Phoenissa.
1430 1333 1487 1369 Sic
1511 1334 1630 1369 Salust.
1655 1333 1801 1368 Hist.1.:
1827 1330 1947 1366 Animi
1970 1329 2037 1363 im-

188 1384 346 1419 modicus
353 1381 388 1418 ⁴¹.

87 1505 185 1532 instat
207 1502 289 1543 apud
312 1502 391 1541 Virg.
416 1502 528 1532 editur:
563 1509 659 1543 urget.
691 1520 735 1526 ——
768 1502 814 1543 ΞΒ)
839 1502 922 1533 Idem
947 1502 1042 1535 VIII.

87 1548 160 1578 728.
184 1546 218 1574 A.
232 1546 271 1576 M.
298 1546 423 1574 Arastes
447 1547 519 1576 cod.
542 1546 598 1576 Gu.
616 1547 699 1582 Quae
718 1551 788 1585 post
809 1557 838 1577 v.
857 1547 978 1576 Araxes
998 1557 1041 1575 se-

88 1593 223 1626 quuntur
244 1598 337 1627 usque
364 1589 402 1617 ad
427 1588 515 1618 finem
543 1589 678 1625 articuli,
709 1590 817 1618 desunt
840 1591 939 1618 omnia
963 1589 1043 1628 apud

87 1630 123 1659 A.
148 1630 186 1659 M.
215 1646 257 1653 —
284 1633 329 1664 24)
352 1631 464 1660 Locum
496 1642 556 1660 non
586 1632 733 1661 indicavit
767 1633 800 1660 A.
824 1632 862 1663 M.
891 1634 938 1661 Ex
961 1633 1042 1661 omni

87 1677 186 1701 aulem
209 1674 345 1711 exemplo
372 1674 449 1702 nihil
473 1674 582 1712 legitur
602 1675 634 1702 in
657 1675 728 1703 Cod.
751 1675 784 1703 A.
807 1675 844 1705 M.
877 1676 936 1704 nisi
967 1675 1041 1704 haec

86 1725 197 1755 pauca:
235 1715 373 1744 Dedecus
406 1716 659 1755 quemadmodum
690 1719 862 1756 ingressus,
899 1728 974 1757 quae
1002 1728 1040 1746 ne

86 1758 309 1787 accommodata
332 1759 451 1797 quidem
474 1764 543 1788 sunt
567 1759 604 1788 ad
623 1760 855 1798 eloquutionem.
880 1761 975 1788 Locus
995 1765 1040 1788 est

86 1800 118 1828 in
134 1800 231 1829 Pison.
247 1811 273 1831 c.
287 1803 336 1833 23.
353 1802 402 1830 ubi
418 1802 520 1841 paullo
542 1803 627 1841 plura
642 1803 790 1840 leguntur.
813 1819 856 1825 —
878 1802 923 1842 25)
951 1803 1036 1839 Vlrg.

86 1842 162 1873 Aen.
187 1844 229 1872 Χ.
246 1845 317 1876 148.
332 1844 364 1873 A.
379 1844 418 1874 M.
437 1860 480 1866 —
507 1848 552 1879 26)
575 1846 634 1873 Rei·
655 1845 756 1873 addidi
776 1856 791 1874 e
809 1846 879 1874 cod.
903 1846 958 1874 Gu.
986 1844 1037 1873 ubi

86 1883 245 1922 Imposzcc'.
268 1885 349 1914 Idem
368 1887 475 1925 Georg.
501 1889 562 1916 III.
588 1890 656 1919 116.
684 1887 714 1918 A.
734 1887 772 1916 M.
789 1889 893 1926 Atque
915 1887 1038 1915 accessit

86 1936 103 1956 e
128 1927 201 1957 Cod.
223 1927 278 1956 Gu.
298 1944 341 1949 —
361 1932 406 1964 27)
430 1928 513 1958 Idem
534 1930 611 1960 Aen.
632 1932 674 1959 IL
701 1932 772 1961 707.
805 1932 839 1959 A.
860 1930 898 1959 M.
929 1930 1037 1957 estare

81 1975 172 2008 paler
188 1968 260 1998 Cod.
280 1969 337 1998 Gu.
361 1987 402 1993 —-
423 1971 470 2009 28)
494 1973 559 2002 Sal.
579 1973 665 2001 fflst.
680 1974 721 2002 ΙΙ.
740 1975 768 2004 9.
784 1973 819 2001 A.
835 1973 873 2001 M.
893 1973 1037 2008 Fragmm.

86 2012 123 2049 Π,
145 2013 195 2044 48.
213 2011 293 2042 Gerl.
315 2013 411 2040 Rates
434 2014 501 2042 dedi
523 2024 538 2042 e
563 2015 634 2043 Cod.
659 2015 715 2044 Gn.
735 2020 831 2042 ratem
848 2015 919 2042 cod.
942 2014 976 2041 A.
999 2013 1037 2042 M.

87 2070 128 2076 -·
150 2052 198 2092 29)
225 2053 292 2082 TW·
316 2054 399 2085 A'ld-
418 2059 444 2087 1.
467 2059 493 2088 1·
515 2059 583 2088 102.
601 2057 680 2086 A.M.
701 2058 789 2085 Recte
803 2056 937 2084 meliores
958 2055 1037 2092 apul

86 2097 153 2127 Ter.
169 2096 235 2125 libri
255 2097 400 2134 imposita
417 2104 475 2134 est,
499 2104 532 2127 ut
547 2098 578 2127 11.
594 2099 614 2127 l.
633 2099 703 2128 Cod.
723 2104 853 2136 uterque.
870 2099 978 2125 Pus-ila
996 2102 1037 2123 cst

85 2139 118 2168 in
142 2138 207 2167 aliis
227 2138 321 2168 libris.
351 2155 393 2161 —
426 2140 471 2180 30)
496 2141 575 2169 Haec
598 2142 709 2170 locutio
735 2151 802 2169 culn
826 2140 962 2178 exemplo
983 2150 1036 2167 suo

86 2181 118 2210 in
135 2181 207 2210 Cod.
228 2181 260 2210 A.
285 2181 322 2209 M.
339 2180 533 2212 desideratur.
558 2183 617 2212 Cic.
642 2194 698 2221 pro
720 2183 813 2210 Domo
836 2193 860 2210 c.
886 2184 941 2217 52,
968 2183 1036 2212 134.

87 2240 127 2246 -
158 2222 204 2262 31)
222 2223 319 2251 Etiam
342 2222 390 2251 hic
413 2225 555 2253 articulus
577 2226 673 2253 omnis
697 2225 777 2262 apud
799 2225 829 2252 A.
855 2224 895 2253 M.
918 2223 1036 2251 deside-

85 2270 179 2296 ratur.
204 2265 263 2294 Cic.
281 2275 339 2304 pro
360 2266 452 2294 Domo
470 2277 495 2295 c.
512 2269 562 2303 41,
584 2271 652 2300 107.
671 2267 720 2294 ubi
736 2271 795 2294 est:
817 2268 899 2294 Deos
916 2267 1037 2294 immor-

86 2309 164 2337 tales
182 2309 363 2336 esis-tiamm-
383 2325 417 2330 —
447 2310 479 2336 in.
504 2310 568 2336 eius
590 2309 714 2337 domum.
736 2310 889 2346 afflictam
909 2314 934 2336 et
960 2319 1037 2336 crer-

85 2362 154 2380 8am
168 2361 224 2390 per
245 2352 339 2379 unius
360 2350 494 2380 hominis
519 2352 742 2380 sceleratissimi
765 2352 917 2388 nefarium
940 2351 1037 2379 latro-

86 2396 204 2424 ciuium
227 2395 402 2433 immigrare
427 2395 564 2422 uoluisse.
590 2411 625 2415 —
657 2396 703 2428 32)
727 2393 886 2422 halma-mit
901 2394 974 2422 illas
990 2405 1038 2422 res

1086 1503 1143 1531 illa
1168 1515 1199 1532 re
1221 1503 1296 1533 Cod.
1319 1503 1376 1532 Gu.
1402 1503 1490 1542 Virg.
1511 1503 1590 1533 Am.
1624 1504 1660 1533 V.
1689 1506 1736 1535 11.
1766 1502 1799 1531 A.
1825 1501 1863 1530 M.
1894 1500 1963 1529 Post
1984 1508 2036 1527 vv.

1086 1545 1173 1574 unda
1192 1547 1318 1575 tenebris
1338 1546 1472 1584 sequitur
1495 1556 1589 1574 novus
1608 1546 1752 1574 articulus
1770 1545 1848 1583 apud
1868 1543 1903 1572 A.
1919 1543 1958 1571 M.
1980 1540 2036 1570 In.-

1085 1590 1181 1627 vigilo
1197 1589 1256 1617 Ιιαε
1275 1600 1306 1617 νε
1331 1588 1444 1616 omissis
1467 1588 1526 1615 illis
1552 1588 1686 1616 omnibus
1714 1597 1788 1626 quae
1812 1586 1891 1626 apud
1912 1595 1966 1613 nos
1991 1584 2037 1611 in-

1085 1632 1226 1670 terposila
1254 1636 1340 1665 sunt,
1369 1640 1442 1668 quae
1465 1629 1565 1657 addidi
1594 1640 1609 1658 e
1635 1630 1707 1659 Cod.
1732 1631 1786 1659 Gu.
1812 1645 1853 1651 —
1884 1626 1931 1666 33)
1954 1626 2035 1664 Virg.

1085 1675 1158 1703 Aen.
1174 1675 1218 1709 X,
1242 1676 1312 1705 711.
1336 1674 1445 1700 Recens
1467 1672 1588 1700 accessit
1607 1672 1656 1701 hie
1673 1672 1818 1700 articulus
1837 1681 1851 1699 e
1874 1671 1946 1697 Cod.
1973 1669 2031 1697 Gu.

1083 1721 1117 1744 ut
1140 1716 1212 1744 dixi.
1235 1732 1275 1737 --
1298 1718 1342 1748 34)
1371 1714 1451 1751 Virg.
1473 1714 1625 1750 Georgd,
1644 1717 1716 1746 337.
1739 1714 1790 1741 ubi
1810 1712 1918 1750 legitur
1935 1715 2034 1738 erret.

1082 1759 1165 1787 Alter
1186 1759 1270 1786 locus
1293 1761 1335 1784 est
1360 1756 1434 1784 Aen·
1459 1756 1496 1792 X,
1523 1758 1595 1788 885.
1622 1756 1725 1785 Omnis
1744 1755 1794 1783 hic
1816 1754 1961 1783 articulus
1985 1762 2035 1780 re-

1081 1811 1150 1828 cens
1180 1799 1303 1827 accessit
1334 1808 1370 1826 ex
1397 1798 1467 1826 cod.
1495 1798 1553 1828 Gu.
1576 1803 1611 1827 ut
1631 1808 1721 1837 supra
1743 1797 1816 1826 dixi.
1843 1813 1885 1818 —-
1906 1794 1953 1835 35)
1978 1792 2044 1823 Iti--

1083 1843 1174 1881 vigilo
1196 1841 1254 1869 stac
1277 1852 1307 1868 re
1327 1851 1384 1879 pro
1405 1840 1479 1868 huic
1497 1840 1531 1870 A.
1557 1840 1597 1870 M.
1621 1841 1704 1869 Idem
1729 1841 1839 1879 Georg.
1862 1840 1941 1868 IIII.
1964 1839 2033 1869 158·

1081 1885 1115 1913 A.
1141 1884 1178 1912 M.
1209 1899 1251 1904 --
1279 1881 1326 1924 36)
1350 1882 1431 1912 Idem
1451 1883 1527 1911 Aen.
1556 1882 1666 1912 VIIII.
1696 1884 1767 1915 605.
1791 1883 1824 1911 A.
1845 1881 1884 1910 M.
1917 1896 1958 1902 —
1987 1882 2032 1913 37)

1081 1926 1163 1955 Idem.
1179 1926 1286 1964 Georg.
1311 1928 1387 1955 IIII.
1406 1927 1475 1958 189.
1493 1926 1526 1953 A.
1544 1925 1582 1954 M.
1601 1941 1642 1946 ·—
1664 1926 1712 1964 38)
1740 1924 1917 1963 Exemplum
1939 1932 1954 1951 e
1974 1923 2030 1950 Sa-

1080 1969 1148 1998 lust.
1166 1967 1290 2006 petitum
1313 1968 1393 1997 deest
1415 1967 1495 2006 apud
1518 1967 1551 1997 A.
1572 1968 1610 1999 M.
1634 1968 1715 1996 Idem
1740 1969 1824 1996 locus
1852 1976 1955 1995 recens
1981 1975 2032 1992 ae-

1082 2010 1161 2038 cedit
1185 2010 1304 2038 Salustii
1332 2010 1511 2048 fragmentis.
1535 2026 1577 2032 —
1599 2008 1646 2051 39)
1670 2011 1829 2039 Numerum
1846 2008 1915 2037 libii
1938 2007 2032 2036 adieci

1082 2063 1096 2080 e
1115 2052 1186 2080 Cod.
1212 2053 1268 2083 Gu.
1293 2070 1328 2074 -
1359 2052 1405 2092 40)
1430 2053 1541 2090 Infelix
1559 2053 1654 2081 liuius
1675 2055 1719 2082 rei
1748 2055 1780 2081 A.
1805 2053 1842 2080 M.
1871 2056 1977 2079 notans
2000 2049 2031 2077 iu

1083 2096 1153 2125 cod.
1175 2105 1235 2124 esse
1254 2096 1312 2123 hac
1333 2106 1374 2124 re.
1397 2095 1430 2123 In
1453 2095 1524 2126 Cod.
1548 2096 1606 2126 Gu.
1629 2101 1684 2124 est:
1723 2096 1834 2133 Infelix
1856 2095 1931 2127 illa,
1957 2091 2033 2121 nihil

1080 2138 1216 2176 amplius.
1239 2138 1327 2166 Recte
1354 2138 1474 2176 scripsit
1494 2138 1530 2168 A.
1552 2138 1590 2167 M.
1613 2138 1707 2167 huius
1732 2140 1789 2175 rei,
1822 2137 1899 2176 quod
1925 2145 2031 2164 exem-

1079 2180 1161 2219 plum
1180 2180 1282 2213 docet;
1306 2180 1356 2209 sed
1378 2181 1596 2217 nominativus,
1620 2191 1707 2220 quem
1728 2184 1858 2220 praestat
1883 2178 1954 2207 Cod.
1974 2178 2030 2205 Gu.

1079 2223 1260 2251 adficiendus
1277 2223 1443 2254 videbatur.
1470 2223 1646 2261 Vit‘g.Am.
1671 2226 1748 2253 IIII.
1771 2224 1842 2255 529.
1872 2221 1906 2251 A.
1928 2221 1966 2249 M.
1990 2235 2028 2240 ·--

1079 2266 1123 2300 41)
1147 2265 1223 2293 Haec
1242 2266 1321 2304 apud
1341 2266 1376 2294 A.
1397 2266 1434 2294 Μ.
1449 2266 1533 2304 quasi
1549 2276 1644 2295 novus
1666 2266 1812 2294 articulus
1834 2273 1948 2293 novum
1963 2271 2029 2290 ver-

1079 2318 1141 2336 sum
1162 2307 1330 2346 incipiunt,
1354 2308 1397 2336 sie
1421 2313 1607 2347 comparata:
1630 2308 1815 2337 Immodicas
1839 2306 1942 2335 animi.
1965 2303 2027 2331 Sal.

1079 2351 1162 2380 Ilist.
1188 2349 1272 2389 (Lib.
1287 2350 1406 2391 incer-t.)
1430 2354 1458 2382 7.
1483 2352 1540 2380 Sed
1557 2356 1636 2380 recle
1659 2351 1730 2381 Cod.
1751 2353 1806 2379 Gu.
1822 2350 1858 2377 ad
1874 2346 2025 2385 superiora

1079 2393 1228 2432 adiungit,
1259 2403 1273 2423 e
1295 2394 1371 2423 libro
1392 2393 1491 2433 primo
1517 2394 1674 2433 desumpta
1697 2403 1758 2422 esse
1782 2391 1925 2420 indicans.
1947 2387 2025 2415 Nus-
