2263 2668
230 150 280 184 2⁰
650 150 794 184 PAULI
821 149 944 184 DIAC.
971 149 1228 184 EXGERPTA
1255 151 1318 185 EX
1344 150 1432 184 LIB.
1460 151 1605 187 POMP.
1633 153 1773 187 FESTI

232 244 457 291 Abgregare
484 248 533 276 est
558 254 578 275 a
604 254 713 289 grege
740 243 881 278 ducere:
918 244 1136 290 adgregare
1152 241 1163 262 ¹
1190 245 1234 278 ad
1262 256 1406 290 gregem
1435 246 1576 280 ducere:
1603 258 1808 293 segregare
1835 259 1875 281 ex
1891 245 1904 267 ²
1929 250 2082 294 pluribus
2105 263 2187 297 gre-

334 297 433 342 gibus
459 298 570 338 partes
597 295 776 337 seducere,
810 296 899 329 unde
933 302 965 329 et
1001 297 1173 342 egregius
1207 297 1327 330 dicitur
1353 309 1371 330 e
1399 309 1506 343 grege
1533 299 1637 332 lectus
1655 296 1676 332 ³.
1730 299 1884 341 Quorum
1911 303 2089 337 verborum
2117 304 2188 338 fre-

333 358 437 391 quens
463 357 539 379 usus
565 357 632 379 non
659 348 778 381 mirum
807 349 832 381 si
859 359 898 381 ex
924 349 1103 393 pecoribus
1130 348 1272 393 pendet,
1307 360 1411 392 quum
1444 350 1535 394 apud
1571 351 1723 395 antiquos
1750 362 1833 396 opes
1861 357 1894 385 et
1918 355 2119 397 patrimonia
2146 367 2188 389 ex

332 399 384 431 his
411 398 595 442 praecipue
623 400 843 442 constiterint,
880 405 916 432 ut
943 400 1056 434 adhuc
1083 398 1208 433 etiarn4
1232 400 1405 445 pecunias
1431 407 1465 434 et
1487 403 1632 447 peculia
1660 403 1812 438 dicimus.

235 452 391 485 Acctare
418 449 596 491 dicebant,
624 451 718 495 quod
745 463 831 486 nunc
859 452 999 486 dicimus
1027 452 1181 497 agitare.

234 502 449 536 Autumnum
482 502 618 545 quidam
656 500 808 538 dictum5
835 504 1035 546 existimant,
1084 504 1176 548 quod
1210 508 1288 537 tunc
1322 504 1465 537 maxime
1500 510 1686 550 augeantur
1712 505 1887 539 hominum
1915 517 2015 552 opeS,
2060 509 2187 542 coactis

333 564 492 598 agrorum
519 554 691 588 fructibus.

232 604 405 650 Agedum
431 605 596 651 significat
624 618 698 652 age
724 606 836 640 modo.
891 608 952 641 Est
980 608 1065 640 enim
1093 607 1302 640 adhortantis
1329 618 1449 640 sermo.

235 657 352 690 Aulas
379 657 503 701 antiqui
531 657 703 700 dicebant,
743 670 823 702 quas
850 670 909 692 nos
937 659 1077 693 dicimus
1102 659 1210 701 ollas,
1244 659 1322 701 quia
1347 659 1475 692 nullam
1501 659 1646 692 litteram
1672 661 1895 706 geminabant.
1947 661 2066 705 ltaque
2093 662 2186 696 auli-

335 709 433 741 cocia
451 706 463 725 ⁸
490 713 590 752 exta,
626 722 712 754 quae
739 710 772 743 in
800 710 873 745 ollis
892 708 904 728 ⁷
932 712 1178 755 coquebantur,
1206 710 1379 752 dicebant,
1407 710 1442 743 id
1470 716 1517 744 est
1544 711 1648 744 elixa.

232 769 371 803 Avidus
397 781 417 801 a
443 781 510 802 non
536 771 688 805 videndo
713 776 856 816 propter
881 768 1038 805 nimiamE
1066 771 1284 816 cupiditatem
1311 771 1521 816 appellatum
1557 771 1640 806 sicut
1667 782 1807 814 amens,
1834 772 1893 816 qui
1919 776 2066 807 mentem
2092 785 2186 807 suam

330 831 398 853 non
420 820 534 854 habet.

232 881 420 914 Aureliam
446 881 609 915 familiam
636 893 675 915 ex
698 882 827 915 Sabinis
856 883 1030 916 oriundam
1059 895 1078 916 a
1104 884 1174 916 sole
1201 883 1325 917 dictam
1352 888 1488 928 putant,
1516 883 1609 928 quod
1638 884 1668 916 ei
1694 884 1834 927 publice
1861 895 1880 916 a
1906 885 2037 929 populo
2055 885 2186 918 Roma-

332 944 375 966 no
404 932 501 966 datus
528 934 568 967 sit
593 935 704 977 locus,
731 934 764 966 in
792 946 859 978 quo
887 947 980 969 sacra
1007 936 1131 969 faceret
1150 931 1162 951 ⁹
1189 935 1270 976 soli,
1297 935 1354 979 qui
1382 947 1422 969 ex
1449 935 1519 970 hoc
1545 935 1682 968 Auselii
1698 931 1722 952 ¹⁰
1749 935 1964 979 dicebantur,
1995 941 2031 970 ut
2056 935 2187 970 Valesii

332 985 472 1029 Papisii
496 997 560 1030 pro
586 997 646 1027 eo,
676 985 769 1029 quod
796 992 843 1019 est
879 987 1029 1028 falerii,
1057 987 1199 1032 Papirii
1221 983 1254 1021 ¹¹.

229 1044 421 1078 Aemiliam
435 1041 460 1062 ¹²
487 1050 623 1090 gentem
650 1046 858 1090 appellatam
885 1047 1000 1080 dicunt
1019 1043 1043 1064 ¹³
1069 1059 1088 1079 a
1123 1046 1320 1088 Mamerco,
1352 1046 1571 1092 Pythagorae
1604 1045 1806 1090 philosophi
1840 1047 1928 1089 filio,
1966 1048 2020 1082 cui
2045 1052 2187 1093 propter

333 1097 465 1130 unicam
487 1097 727 1130 humanitatem
746 1094 769 1114 ¹⁴
796 1109 988 1143 cognomen
1014 1099 1114 1131 fuerit
1142 1099 1311 1143 Aemylos
1327 1092 1360 1131 ¹⁵.
1415 1099 1492 1141 Alii,
1520 1098 1612 1142 quod
1641 1099 1683 1131 ab
1703 1099 1849 1133 Ascanio
1872 1099 2056 1134 descendat
2067 1096 2102 1142 ¹⁶,
2130 1100 2186 1144 qui

334 1148 419 1181 duos
446 1148 602 1182 habuerit
618 1145 642 1165 ¹⁷
668 1149 775 1190 filios,
810 1149 940 1183 Iulium
968 1155 1000 1182 et
1029 1151 1203 1194 Aemgslon
1220 1147 1253 1184 ¹⁸.

231 1208 472 1242 Aerumnulas
489 1205 512 1224 ¹⁹
546 1210 680 1241 Plautus
714 1209 816 1242 refert
847 1210 996 1243 furcillas
1012 1205 1054 1250 ²⁰,
1101 1210 1219 1253 quibus
1253 1210 1411 1255 religatas
1444 1209 1587 1243 sarcinas
1623 1209 1765 1243 viatores
1799 1211 1973 1255 gerebant.

329 1272 425 1293 usum
453 1259 532 1304 quia
559 1260 664 1293 Gaius
683 1256 707 1277 ²¹
734 1261 861 1294 Marius
887 1262 1017 1303 retulit,
1044 1261 1132 1294 Muli
1160 1262 1302 1294 Mariani
1330 1266 1447 1306 postea
1471 1258 1496 1278 ²²
1533 1261 1802 1305 appellabantur.

330 1312 461 1344 labores
490 1323 647 1345 onerosos
673 1313 861 1357 significant
875 1309 916 1353 ²³3
941 1314 1009 1347 sive
1036 1325 1055 1346 a
1083 1313 1218 1347 Graeco
1246 1325 1398 1348 sermone
1433 1312 1654 1347 deducuntur.

328 1362 447 1396 Latine
474 1364 597 1396 tollere
623 1364 751 1397 dicitur.

230 1413 422 1447 Aemidum
447 1415 612 1448 tumidum
628 1412 664 1451 ²⁵.

227 1466 446 1511 Aequidiale
471 1467 564 1511 apud
592 1467 742 1510 antiquos
769 1467 896 1501 dictum
924 1464 1022 1512 est²⁶,
1057 1468 1150 1512 quod
1178 1479 1264 1501 nunc
1292 1467 1432 1502 dicimus
1461 1466 1736 1511 aequinoctiale,
1771 1467 1850 1510 quia
1876 1479 1942 1500 nox
1969 1467 2036 1501 diei
2063 1467 2185 1511 potius,

329 1530 431 1562 quam
458 1518 528 1551 dies
555 1519 645 1553 nocti
671 1520 878 1552 annumerari
905 1519 1016 1554 debet.
1070 1520 1194 1554 Graeci
1220 1531 1356 1564 quoque
1383 1520 1416 1552 in
1442 1518 1511 1554 hoc
1538 1518 1765 1561 consentiunt,
1793 1518 1984 1567 ἰσημερίαν
2002 1515 2046 1561 ²⁷,
2073 1518 2110 1551 id
2138 1523 2187 1551 est

328 1570 534 1615 aequidiale
559 1570 716 1605 dicentes.

2034 1212 2186 1254 Quarum

1862 1263 1981 1307 Itaque
2009 1275 2186 1296 aerumnae

1718 1314 1805 1346 Nam
1840 1315 1958 1362 αἴρειν
1994 1315 2128 1349 Graece
2149 1311 2184 1355 ²⁴,

314 1707 343 1741 1)
367 1717 492 1745 agrege
514 1705 631 1746 ducere]
654 1707 703 1736 Sic
727 1706 758 1735 L.
784 1706 840 1734 Gu.
858 1708 886 1737 2.
933 1705 1017 1743 Vulg.
1041 1706 1078 1734 ab
1094 1717 1185 1746 grege

233 1747 336 1776 omisso
352 1749 443 1778 verbo
460 1748 575 1778 ducere.
620 1750 658 1778 ab
679 1760 771 1789 grege
793 1748 898 1777 ducere
922 1748 960 1777 M.
983 1749 1011 1777 S.
1056 1760 1076 1776 a
1094 1760 1186 1788 grege

233 1788 338 1818 ducere
363 1791 407 1820 ad
433 1803 554 1831 gregem
580 1792 635 1820 Gu.
661 1796 687 1823 1.
713 1792 819 1820 omissa
842 1801 917 1820 voce
944 1801 1120 1830 aggregare.
1166 1804 1185 1819 a

230 1841 319 1869 grege
332 1832 474 1863 deducere
496 1834 540 1862 ad
554 1846 676 1873 gregem
693 1835 800 1863 ducere
822 1845 866 1873 pr.
911 1845 930 1861 α
944 1845 1035 1873 grege
1056 1833 1099 1862 ad
1117 1845 1187 1873 gre-

231 1883 298 1910 gem
321 1875 351 1903 B.
381 1893 421 1898 —
454 1879 483 1913 2)
507 1889 539 1905 ex
551 1878 650 1916 plara]
675 1884 716 1905 est
734 1889 753 1905 a
768 1878 856 1916 plur.
882 1877 913 1906 Β.
946 1893 988 1898 ——-
1023 1876 1052 1916 3)
1077 1876 1185 1917 lectus]

234 1925 290 1943 om.
314 1916 369 1944 Gu.
387 1921 411 1948 1.
448 1936 489 1942 --
526 1922 557 1957 4)
587 1920 694 1960 etiam]
718 1926 744 1948 et
768 1920 824 1949 Gu.
850 1922 878 1952 1,
921 1935 958 1941 —
1000 1918 1028 1958 5)
1053 1919 1182 1959 diclum]

235 1967 293 1986 orn.
317 1958 348 1985 Β.
372 1974 408 1980 —
439 1963 465 1994 6)
489 1963 654 2002 aaliz-ocia]
680 1964 852 2002 auliquona
876 1973 921 2001 pr.
968 1963 1135 2001 aalicoqurz
1157 1964 1185 1991 S.

237 2015 273 2022 -
298 2002 325 2038 7)
341 2000 421 2039 ollis]
440 2003 487 2030 sie
504 2005 534 2032 L.
556 2006 586 2034 Β.
609 2007 647 2034 Μ.
673 2007 729 2034 Gu.
747 2009 772 2037 1.
789 2009 817 2037 2.
838 2015 883 2044 pr.
929 2005 1016 2043 Vulg.
1041 2006 1186 2034 auli-9.—

235 2042 263 2080 8)
285 2042 426 2081 nimiam]
449 2055 504 2073 om.
528 2047 559 2075 Β.
586 2064 617 2068 -
649 2046 681 2087 9)
698 2047 829 2088 faceret]
849 2049 987 2085 facerent
1007 2048 1040 2078 B.
1085 2050 1186 2076 sacri-

227 2085 339 2122 ficaret
363 2085 399 2113 M.
426 2103 459 2107 —·
489 2086 531 2125 10)
548 2090 679 2128 Ans-elii]
696 2092 805 2119 Auscli.
822 2091 860 2119 M.
884 2092 940 2120 Gu.
958 2095 986 2123 2.
1003 2101 1049 2129 pr.
1083 2091 1187 2120 Auxe-

235 2127 260 2155 li
283 2128 338 2156 Gu.
359 2132 384 2159 1.
429 2128 551 2156 Aurelii
573 2131 602 2158 Β.
633 2148 670 2152 —-
707 2132 754 2173 11)
778 2133 912 2172 Papira]
937 2139 970 2161 ut
992 2134 1110 2161 Valesii
1128 2145 1185 2173 pro

236 2181 282 2207 eo,
314 2169 399 2209 quod
427 2171 552 2199 Valerii.
604 2174 725 2210 Papisii
752 2178 874 2214 Papirii
898 2177 928 2204 L.
988 2177 1116 2214 Paperii
1145 2177 1184 2206 M.

235 2214 328 2241 Parit·
349 2214 404 2241 Gu.
425 2216 461 2244 2<
496 2215 650 2250 Pampisit
672 2225 716 2252 pr.
743 2233 776 2238 —
806 2220 849 2254 12)
874 2218 1053 2257 Aemiliam]
1071 2219 1127 2247 Hic
1142 2223 1187 2247 est

237 2255 311 2284 ordo
331 2255 361 2284 in
378 2256 442 2284 cod.
466 2256 520 2283 Gu.
537 2259 583 2292 2.,
609 2266 695 2293 quem
711 2256 740 2285 h.
758 2258 776 2285 l.
794 2266 959 2297 sequuntur
978 2262 1010 2289 B.
1026 2261 1066 2290 Μ.
1088 2262 1145 2291 Gu.
1158 2264 1185 2293 1.

237 2297 382 2336 Vulgatus
401 2298 475 2327 ordo
498 2303 541 2327 est
558 2298 772 2326 Aeramnalas.
800 2302 909 2330 Aemil.
923 2303 956 2330 B.
1000 2304 1116 2342 Aemyl.
1145 2321 1188 2326 -—

236 2339 281 2379 13)
301 2341 420 2380 dicunt]
437 2342 623 2379 appellatam
638 2340 736 2368 denuo
752 2340 835 2369 addit
850 2343 881 2370 B.
895 2360 935 2364 ——
959 2345 1001 2382 14)
1026 2357 1075 2375 un.
1090 2345 1185 2385 hams]

235 2382 320 2413 hum.
335 2387 417 2414 unic.
441 2384 473 2413 B.
507 2399 545 2405 —-
580 2382 623 2422 15)
647 2382 801 2421 Aemulus]
826 2383 873 2410 Sic
892 2385 996 2422 scripsi
1017 2396 1054 2414 ex
1073 2393 1188 2425 etymo-

236 2425 329 2465 logica
345 2427 469 2464 ratione,
491 2436 582 2465 quum
598 2427 710 2455 Graece
725 2425 755 2453 id
770 2425 886 2454 dicatur
904 2424 1047 2465 Αίμύλος,
1084 2431 1187 2457 Aemi-

1229 1707 1286 1734 lios
1308 1705 1340 1734 B.
1364 1715 1412 1743 pr.
1436 1721 1475 1725 —
1502 1703 1546 1744 16)
1563 1704 1623 1732 alii
1640 1703 1725 1744 qaod
1738 1704 1778 1733 ab
1789 1705 1925 1733 Ascanio
1940 1702 2111 1742 descendat]
2129 1704 2187 1732 alis:

1229 1760 1248 1777 α
1266 1749 1373 1777 stando
1392 1746 1565 1775 descendere
1585 1747 1693 1776 dicant
1715 1748 1745 1776 L.
1768 1764 1810 1769 —
1835 1747 1882 1784 17)
1904 1747 2057 1786 habuerit]
2082 1746 2131 1775 Sic
2147 1746 2185 1775 M.

1230 1792 1286 1820 Gu.
1307 1793 1333 1821 1.
1353 1793 1382 1821 2.
1426 1789 1513 1828 Vulg.
1536 1790 1654 1821 habuit.
1677 1807 1719 1812 —
1749 1789 1793 1829 18)
1816 1789 1974 1828 Aemylon]
2000 1789 2049 1818 Sic
2065 1789 2104 1817 M.
2126 1788 2187 1817 Ae-

1229 1835 1337 1862 mllion
1359 1843 1405 1871 pr.
1449 1832 1619 1860 Aemilium
1641 1834 1675 1862 B.
1699 1849 1740 1854 ——
1763 1831 1809 1872 19)
1825 1831 2048 1870 Aeramnulas]
2071 1832 2120 1860 Sic
2137 1842 2187 1860 or-

1230 1877 1269 1906 do
1292 1881 1336 1905 est
1358 1875 1390 1903 in
1411 1875 1479 1904 cod.
1506 1876 1560 1903 Gu.
1584 1878 1611 1906 2.
1659 1875 1742 1912 Vulg.
1770 1875 1917 1904 Aet-amn.
1944 1875 2054 1904 Aemil.
2083 1873 2186 1902 Aemi-

1231 1919 1312 1948 dum.
1337 1935 1376 1939 —-
1400 1916 1446 1956 20)
1464 1918 1624 1956 furcillae]
1643 1918 1787 1954 sarculus
1810 1918 1867 1948 Gu.
1888 1921 1914 1950 1.
1937 1935 1978 1939 —
2001 1915 2048 1957 21)
2074 1916 2185 1954 Gaius]

1230 1963 1278 1991 Sic
1301 1962 1338 1990 M.
1363 1961 1418 1988 Gu.
1439 1963 1467 1991 2.
1510 1960 1597 1999 Vulg.
1624 1961 1655 1989 C.
1684 1977 1726 1982 -—
1761 1959 1806 2000 22)
1823 1963 1944 1999 postea]
1963 1965 2123 1999 propterea
2146 1959 2185 1988 M.

1230 2021 1272 2028 —-
1294 2006 1339 2041 23)
1355 2003 1550 2042 signficant]
1574 2003 1731 2042 Sigllffl<‘(tt
1748 2003 1780 2031 L.
1804 2019 1846 2025 —
1871 2002 1920 2044 24)
1944 2003 2040 2043 αἴρειν
2057 2001 2184 2041 Graece]

1231 2058 1289 2076 om.
1312 2047 1369 2076 Gu.
1394 2048 1420 2077 1.
1465 2046 1561 2084 αἴρειν
1584 2057 1641 2075 om.
1661 2056 1707 2085 pr.
1756 2046 1871 2074 Graece
1895 2047 1984 2084 arria
2006 2046 2039 2074 L.
2067 2061 2106 2067 -·
2138 2044 2185 2084 25)

1230 2088 1395 2127 tumidum]
1419 2087 1562 2116 timidum
1580 2089 1611 2118 B.
1635 2106 1676 2110 -—
1698 2087 1744 2127 26)
1766 2087 1854 2127 apud
1867 2094 1930 2117 ant.
1950 2087 2021 2119 dict.
2039 2087 2095 2128 est]
2112 2086 2185 2116 dict.

1230 2139 1273 2161 est
1300 2143 1349 2171 ap.
1375 2136 1437 2159 ant.
1466 2131 1499 2160 L.
1534 2146 1576 2153 ·-
1611 2135 1656 2166 27)
1689 2130 1865 2171 ἰσημερίαν]
1900 2131 1948 2159 Sic
1971 2132 1999 2159 S.
2029 2131 2184 2159 iaimerian

1232 2177 1287 2204 Gu.
1308 2178 1337 2207 2.
1383 2174 1558 2202 lzismeriam
1581 2174 1614 2204 B.
1663 2175 1808 2202 simerian
1830 2174 1870 2204 Μ.
1915 2183 1974 2203 om.
2005 2173 2060 2202 Gu.
2083 2175 2110 2205 1.
2134 2181 2182 2211 pr.

1230 2217 1317 2255 Vulg.
1347 2217 1509 2256 ἰσομερίαν.
1544 2233 1585 2238 -
1621 2217 1670 2255 28)
1702 2215 1854 2255 undique,
1890 2215 1926 2245 id
1947 2221 1989 2244 est
2004 2226 2069 2254 pec.
2091 2211 2180 2252 coll]

1230 2260 1267 2289 id
1284 2265 1326 2288 est
1343 2271 1408 2298 pec.
1427 2258 1563 2298 undique
1582 2259 1684 2298 collig.
1708 2259 1739 2288 L.
1761 2275 1803 2281 -·
1829 2257 1876 2299 29)
1891 2255 2120 2297 Aequilavium]
2131 2253 2180 2283 Sic

1230 2303 1268 2332 M.
1293 2304 1350 2333 Gu.
1367 2305 1396 2333 2.
1420 2312 1467 2341 pr.
1493 2303 1521 2331 S.
1567 2301 1652 2340 Vulg.
1674 2301 1821 2340 Aquilae.
1848 2319 1882 2323 —
1906 2304 1954 2337 30)
1977 2298 2076 2339 quod]
2098 2302 2131 2325 ut
2147 2297 2177 2326 L.

1230 2352 1263 2374 ut
1284 2345 1402 2373 crebrae
1424 2345 1455 2373 B.
1471 2344 1509 2374 M.
1529 2344 1585 2375 Gu.
1603 2348 1631 2376 1.
1646 2348 1675 2377 2.
1699 2345 1728 2373 S.
1750 2354 1794 2383 pr.
1831 2345 1876 2372 ita
1891 2353 1947 2371 om.
1963 2343 1990 2370 S.
2012 2356 2054 2364 -
2073 2336 2122 2379 31)
2136 2340 2179 2367 νέ-

1230 2388 1379 2423 deantur]
1412 2388 1444 2417 L.
1465 2387 1506 2417 M.
1531 2387 1587 2416 Gu.
1604 2390 1632 2418 1.
1657 2396 1704 2425 pr.
1736 2403 1774 2408 »-
1809 2387 1854 2423 32)
1877 2386 1911 2413 in
1931 2383 1981 2422 ευ]
2004 2392 2060 2411 om.
2081 2381 2114 2410 L.
2138 2397 2178 2403 —

1229 2431 1278 2467 33)
1301 2431 1395 2467 Aege]
1418 2429 1468 2457 Sic
1490 2429 1520 2456 L.
1544 2429 1581 2457 M.
1605 2429 1637 2456 B.
1659 2428 1715 2456 Gu.
1736 2430 1761 2458 1.
1780 2429 1810 2458 2.
1833 2436 1881 2465 pr.
1926 2425 2011 2462 Vulg.
2033 2423 2178 2463 Aegeum,
