2263 2668
201 148 277 184 596
629 143 976 178 COMMENTARII
1002 146 1051 178 IN
1077 143 1220 178 PAULI
1248 144 1444 178 DtACOM
1471 145 1728 180 EXCERPTA

200 242 377 272 faventiam:
403 238 582 278 portisculus
606 235 726 264 modum
749 237 911 274 remigibus
936 237 1033 266 dabat.
1077 238 1110 266 In
1134 238 1233 266 verbis
1257 238 1376 266 Catonis
1400 237 1509 265 dicitur
1533 238 1619 267 Viros
1644 240 1806 274 Romanos,
1832 239 1883 276 qui
1905 239 2030 276 remiges
2053 241 2155 280 scripti

201 290 300 321 erant,
332 294 383 322 per
406 279 601 319 portisculum
625 279 679 306 sub
701 279 794 316 flagro
818 280 954 310 veniisse.
1002 281 1033 308 ln
1057 290 1116 318 quo
1140 287 1183 316 est
1205 281 1317 319 duplex
1342 280 1526 317 antiquitatis
1551 282 1650 309 notio:
1685 293 1740 310 una
1766 283 1845 309 cives
1870 282 2019 310 Romanos
2043 283 2080 310 ob
2104 294 2155 312 ca-

199 329 275 368 pital
298 326 455 355 admissum
479 322 561 359 prius
586 321 760 349 verberibus
784 323 883 359 caedi,
908 323 1013 351 deinde
1038 333 1160 351 numero
1183 330 1268 352 seste1
1278 324 1332 359 tio,
1358 324 1380 350 si
1405 324 1515 351 Romae
1540 330 1635 352 essent
1659 329 1740 352 trans
1761 325 1889 352 Tiberim
1914 325 2013 353 venire
2036 325 2155 355 solitos:

200 372 309 403 altem,
333 367 383 404 qui
406 365 506 401 flagris
530 364 747 400 caedebantur,
775 365 795 392 ii
819 365 873 393 sub
897 375 1059 403 praecone,
1087 371 1137 394 aut
1160 367 1184 395 si
1206 367 1331 404 remiges
1354 370 1468 402 essent,
1491 366 1546 394 sub
1569 367 1736 406 portisculo
1761 367 1968 397 caedebantur.
2015 367 2156 396 Horatius

201 412 307 452 (Epod.
327 409 381 445 lv,
406 406 481 445 12.):

616 448 719 478 Secius
737 449 868 490 flagellis
892 450 939 480 hic
963 449 1195 479 triumviralibus

615 491 776 521 Praeconis
799 492 840 521 ad
851 493 1026 535 fastidium.

201 542 303 574 Scal.
340 540 523 572 Por-fisculus
546 546 573 570 et
595 541 744 572 hominem
768 549 795 572 et
818 545 976 582 perticam,
1002 556 1056 584 qua
1081 545 1104 573 is
1129 545 1282 581 utebatur,
1305 544 1457 581 significat.
1503 546 1615 574 Nonius
1638 546 1716 584 (pag.
1733 546 1803 578 151·
1829 546 1945 584 Merc.):
1975 544 2156 575 Portisculus

196 587 315 627 proprie
337 593 377 613 est
401 585 534 614 hortmor
557 587 714 625 remigum,
745 586 800 615 hoc
823 594 879 621 est,
915 589 965 627 qui
987 587 1105 616 eandem
1129 589 1268 626 perticam
1293 594 1380 623 tenet,
1419 600 1493 627 quae
1512 588 1691 628 portisculus
1714 588 1837 625 dicitur,
1869 599 1928 629 qua
1950 599 2106 617 excursum
2130 595 2156 616 et

199 628 425 659 exhortamenta
450 626 624 656 moderatur.
670 629 709 656 De
733 630 847 668 pertica
872 631 965 660 Plaut.
991 632 1070 659 Asin.
1095 632 1158 658 Act.
1176 631 1225 658 111.
1249 640 1288 657 sc.
1305 633 1331 659 1.
1357 630 1449 669 (15.):

614 678 669 707 Ad
692 679 867 720 loquendum
892 688 979 721 atque
1002 681 1041 710 ad
1065 680 1217 710 iacendum
1242 688 1301 708 tute
1324 680 1413 709 habes
1433 680 1638 721 portisculum.

198 730 290 760 Dac.
315 730 485 758 Mesonauta
510 729 631 758 videtur
655 731 803 770 appellari
825 733 855 759 in
880 732 896 759 l.
914 735 938 762 1.
965 734 986 769 §.
1000 735 1029 763 2.
1043 733 1072 762 ff.
1118 733 1246 768 Numae,
1271 742 1435 770 caupones,
1464 734 1548 761 cuius
1572 742 1678 760 munus
1701 731 1904 771 χειρέμβολον,
1932 732 1961 760 id
1984 738 2028 762 est
2051 742 2157 761 manus

198 772 407 802 immissionem
436 772 531 800 facere
556 773 587 802 l).
612 773 629 800 l.
644 776 673 805 3.
697 776 781 811 §.3.,
812 775 891 810 quod
917 775 1016 803 Livius
1045 775 1095 803 lib.
1110 776 1168 803 XL.
1194 774 1288 812 (c.4.)
1319 774 1516 804 hortationem
1547 776 1707 813 remigum,
1744 775 1848 803 Graeci
1872 775 2016 814 κέλευσμα
2039 781 2156 809 vocant,

199 816 278 844 unde
296 815 408 843 Glossis
425 815 591 851 porticulus
609 815 774 854 κελευστὴς.
802 814 907 845 Gollz.
934 817 1055 846 Ῑέηἰειτ
1070 819 1190 857 passim.
1221 818 1287 844 Dixi
1312 818 1347 845 ad
1372 818 1390 845 l.
1404 818 1432 847 4.
1453 820 1475 855 §.
1493 820 1539 849 lO.
1555 818 1584 846 ss'.
1601 818 1637 846 de
1660 829 1691 846 re
1717 818 1846 846 militari.
1865 818 1883 845 l.
1897 820 1925 848 5.
1945 819 1967 857 §
1984 821 2010 849 1.
2028 819 2047 848 l.
2064 821 2112 850 19.
2126 818 2156 848 ff.

198 858 234 886 de
259 858 393 896 captivis.
418 856 523 886 Idem.
570 857 738 887 Porri-:ulus
762 860 860 887 verius
885 860 1049 897 nubatur,
1080 871 1116 888 an
1138 858 1332 899 portisculus,
1363 860 1487 888 dubium
1512 861 1606 888 videri
1631 865 1739 899 potest.
1779 860 1980 889 certissimum
2004 862 2081 889 enim
2105 865 2156 898 est,

197 910 259 929 non
283 900 403 928 aliunde
428 900 622 937 descendere,
647 902 701 929 nisi
720 912 734 928 a
751 903 891 941 portitor,
916 903 966 940 qui
991 908 1034 931 est
1057 900 1222 940 πορθμεύς.
1256 903 1285 929 Si
1310 902 1430 930 videtur
1448 902 1641 941 porticulus,
1665 903 1727 930 sine
1750 914 1782 938 s,
1805 904 1915 931 rectius
1937 903 2045 940 scribi,
2069 904 2157 941 longa

198 943 344 971 censenda
369 947 411 970 est
434 943 547 980 syllaba
571 945 743 982 penultima.
777 944 823 971 Sic
848 947 924 972 enim
941 946 1094 974 Laberius:
1119 945 1180 973 Nec
1201 943 1404 983 pu'rmularum
1427 945 1544 984 ριῖἰςιιε,
1569 956 1619 973 nec
1633 943 1784 985 porticuli.
1815 946 1859 974 Cs.
1873 945 1953 974 Voss.
1970 946 2065 984 Etym.
2084 957 2107 975 s.
2128 956 2157 975 V.

199 986 240 1014 De
264 991 364 1023 etymo
389 986 431 1012 sic
456 986 602 1015 existimo.
633 987 892 1021 Quemadmodum
908 987 1031 1023 Procul,
1057 987 1217 1023 Proculus,
1241 998 1255 1014 3
1270 987 1459 1026 procellendo
1484 987 1535 1024 (cf.
1557 989 1725 1016 Doederlin.
1742 989 1811 1026 Syn.
1828 989 1886 1016 Lat.
1905 989 2022 1018 tom.ll.
2036 1000 2063 1028 p.
2078 988 2156 1028 98.);

198 1028 242 1057 sic
256 1026 420 1067 porticulus
437 1038 451 1054 a
469 1027 618 1066 portando
643 1035 670 1057 et
694 1028 839 1066 ccllemlo,
862 1030 924 1058 sive
944 1042 958 1058 a
973 1038 1062 1069 por-tu
1085 1036 1111 1058 et
1135 1028 1264 1058 cellendo
1288 1030 1402 1058 dictum
1428 1031 1522 1058 videri
1548 1032 1653 1068 possit,
1677 1031 1763 1067 longa
1785 1031 2032 1069 antepenultima,
2057 1041 2159 1068 quem-

200 1070 365 1099 admodum
389 1070 489 1098 eadem
513 1072 693 1109 producitur
715 1073 744 1100 in
770 1082 795 1100 v.
817 1071 988 1111 periculum.
1035 1076 1070 1101 At
1094 1074 1121 1100 in
1147 1083 1174 1101 v,
1195 1071 1357 1110 periculum
1383 1073 1560 1111 producitur
1584 1073 1828 1112 antepenultima,
1854 1074 1921 1111 quia
1945 1074 2098 1102 descendit
2121 1074 2157 1102 ab

199 1113 322 1151 antiquo
344 1114 430 1152 pario
455 1113 516 1141 sive
536 1115 617 1153 perio
642 1114 691 1154 (cf.
710 1116 870 1154 comperio,
893 1116 1045 1155 experior,
1069 1114 1199 1153 operio),
1225 1125 1281 1152 qua
1306 1115 1342 1143 de
1366 1126 1466 1144 caussa
1491 1117 1614 1144 fortusse
1637 1128 1650 1143 s
1673 1115 1748 1143 illud
1773 1117 2021 1154 antepenultimae
2044 1117 2073 1144 in
2087 1128 2158 1155 por-

198 1154 321 1184 asculus
352 1155 518 1194 euphoniae
548 1167 650 1185 caussa
680 1158 823 1186 insertum
853 1163 1026 1188 statuamus.
1075 1159 1113 1186 De
1138 1167 1197 1195 quo
1220 1169 1234 1186 s
1258 1157 1426 1196 euphonico
1451 1159 1488 1189 cf.
1512 1159 1605 1198 Bopp.
1629 1159 1658 1186 in
1681 1158 1912 1197 Zergliederung
1936 1165 2004 1188 cett.
2026 1169 2092 1199 pag.
2106 1161 2157 1191 82.

200 1198 337 1226 Ceterum
360 1196 530 1227 Porticulus
553 1200 638 1228 etiam
662 1201 691 1228 in
716 1201 837 1229 Glossis.

363 1239 433 1269 Pro
457 1241 640 1281 scapulis.
686 1244 761 1281 Lege
784 1244 814 1271 in
838 1244 973 1282 exemplo
990 1244 1123 1273 Catonis:
1147 1243 1257 1273 hostem
1278 1246 1415 1284 percussi.
1437 1244 1534 1275 Scal.
1564 1245 1650 1273 Ratio
1673 1244 1764 1273 huius
1787 1244 1976 1283 corruptelae
1999 1249 2052 1280 est,
2077 1243 2160 1282 quod

200 1293 269 1312 cum
292 1283 408 1322 priores
432 1283 508 1312 duae
531 1285 634 1315 literae
657 1285 694 1314 1⁷20
717 1287 747 1314 in
771 1287 933 1325 exemplari
960 1298 1018 1315 non
1047 1292 1241 1325 apparerent,
1278 1298 1315 1315 ex
1336 1288 1461 1325 reliquis
1484 1295 1553 1316 stem
1578 1288 1736 1316 disiunctis
1762 1288 1857 1315 secere
1879 1289 1959 1316 siem.
2004 1288 2062 1316 Pro
2082 1297 2159 1324 pro-

195 1323 259 1366 fuit
289 1325 352 1364 lege
380 1324 493 1367 profui.
522 1327 612 1358 Duc.
660 1327 718 1357 Pro
750 1335 828 1368 tergo
853 1330 951 1357 Livius
982 1330 1055 1357 dixit
1086 1331 1187 1360 linx.
1212 1331 1255 1366 (c.
1269 1331 1315 1367 9.)
1340 1329 1388 1358 Ius
1411 1332 1559 1369 virgarum
1586 1331 1658 1359 l'lin.
1674 1331 1711 1358 X.
1744 1328 1845 1360 Gotlz.
1894 1328 2063 1369 Complures
2085 1328 2161 1367 leges

199 1375 282 1396 erant
305 1369 335 1396 in
360 1369 435 1397 cives
459 1377 593 1407 rogatae,
617 1370 722 1411 quibus
745 1371 931 1400 sanciebatur
951 1383 1044 1410 poena
1066 1372 1222 1400 verberum.
1256 1373 1322 1400 Dixi
1348 1373 1382 1399 ad
1407 1373 1425 1400 l.
1440 1375 1467 1403 8.
1491 1374 1513 1409 §.
1529 1375 1557 1403 3.
1580 1373 1637 1400 ibi:
1662 1379 1693 1400 ut
1718 1372 1891 1400 velberibus
1914 1378 2045 1402 necetur.
2069 1371 2098 1402 ss'.
2123 1371 2160 1399 de

200 1410 306 1448 poenis
330 1411 349 1440 l.
365 1412 394 1441 8.
412 1410 442 1439 ss'.
467 1412 502 1439 ad
527 1412 545 1441 l.
569 1413 622 1443 Iul.
651 1413 687 1441 de
710 1414 740 1441 vi
766 1414 847 1452 publ.
893 1415 967 1442 Vide
993 1416 1203 1452 Apostolorum
1227 1419 1289 1442 acta
1315 1425 1379 1453 cap.
1395 1418 1445 1446 22.
1472 1415 1544 1442 Gell.
1568 1414 1635 1453 (VI,
1662 1413 1733 1453 14.).
1778 1413 1887 1442 Idem.

365 1451 578 1485 Primanus.
625 1456 847 1491 Emendatiore,
872 1462 904 1485 ut
923 1457 1046 1494 opinor,
1073 1458 1147 1485 libro
1165 1467 1233 1485 usus
1251 1461 1293 1485 est
1312 1458 1428 1487 Paulus.
1462 1457 1534 1485 Nam
1560 1468 1612 1485 nos
1635 1457 1664 1485 in
1689 1456 1781 1485 veteri
1804 1466 1899 1494 neque
1916 1456 2037 1485 Catonis
2060 1454 2160 1489 verba,

201 1505 297 1533 neque
321 1495 566 1532 significationem
596 1498 751 1535 habemus,
788 1510 854 1527 cum
879 1505 975 1527 tamen
999 1500 1072 1527 nihil
1096 1501 1124 1528 in
1149 1500 1205 1527 hac
1229 1504 1312 1538 parte
1336 1500 1465 1527 lacerum
1490 1500 1607 1528 existat.
1653 1500 1708 1527 Sed
1733 1504 1759 1527 et
1782 1499 1988 1537 interpretatio
2012 1498 2095 1526 Pauli
2117 1502 2162 1526 est

201 1537 432 1567 consideranda.
463 1540 534 1567 Nam
559 1541 583 1569 si
605 1541 640 1568 de
665 1541 814 1580 stipendio
839 1542 984 1569 attiibuto
1009 1543 1119 1580 primae
1143 1543 1248 1578 legioni
1273 1542 1487 1578 intelligamus,
1513 1542 1561 1570 hic
1583 1543 1637 1570 erit
1661 1552 1718 1570 non
1743 1541 1880 1569 tribunus
1901 1542 2041 1576 militum,
2065 1550 2161 1577 neque

201 1581 339 1608 tribunus
364 1582 488 1616 aerarii,
514 1583 565 1611 sed
589 1584 754 1612 scribarum
780 1585 825 1611 vel
851 1584 1035 1612 notariorum
1060 1585 1206 1613 tribunus⁴
1241 1585 1334 1612 Varro
1358 1584 1468 1614 lib.lV.
1493 1584 1528 1611 de
1553 1585 1581 1613 L.
1603 1585 1634 1612 L.
1660 1586 1822 1622 (pag-180.
1841 1584 1919 1622 Sp.):
1944 1582 2055 1621 Quibus
2077 1583 2162 1611 oltri-

205 1621 274 1650 buia
298 1630 359 1651 erat
380 1625 520 1663 pecunia,
544 1633 574 1653 ui
598 1625 687 1654 militi
710 1624 852 1663 reddant,
876 1626 986 1654 tributii
1009 1628 1118 1655 aerarii
1139 1625 1222 1658 dicti,
1254 1628 1329 1654 Vide
1344 1627 1475 1655 Aerarii.
1492 1627 1578 1655 Ant.
1604 1627 1699 1665 Aug.
1734 1626 1816 1661 Quae
1839 1625 1888 1654 hie
1911 1626 2030 1662 desunt,
2053 1625 2161 1653 reiecta

205 1665 349 1694 videntur
373 1671 441 1704 post
465 1673 556 1705 caput
580 1679 715 1707 sequens.
749 1668 829 1697 tx'ihit
854 1674 950 1697 tamen
975 1669 1024 1697 hic
1047 1669 1151 1705 xideo,
1174 1680 1272 1707 neque
1295 1670 1365 1697 satis
1389 1669 1530 1705 coniicio,
1555 1670 1634 1698 unde
1657 1668 1836 1706 explicatio,
1861 1679 1948 1707 quam
1971 1668 2001 1696 in
2024 1677 2076 1696 sua
2095 1667 2164 1705 Epi-

204 1712 283 1735 tome
307 1708 414 1736 Paulus
445 1709 569 1738 addidit.
616 1712 684 1739 Eius
713 1712 789 1739 enim
820 1712 901 1740 nulla
929 1712 1049 1748 vestigia
1072 1712 1101 1740 in
1125 1712 1259 1750 reliquiis
1280 1712 1368 1741 Festi.
1416 1712 1616 1740 Primanorum
1640 1711 1750 1740 mentio
1774 1711 1853 1749 apud
1876 1711 1968 1741 Tacit.
1990 1710 2041 1740 lib.
2054 1709 2162 1739 XVIII.

207 1749 328 1785 (Histor.
346 1751 389 1786 Π,
413 1752 487 1787 43.);
519 1752 652 1782 Primam*
675 1755 776 1782 stratis
799 1766 857 1782 una
880 1762 905 1783 et
927 1756 1169 1783 vicesimanorum
1192 1754 1376 1793 principibus
1398 1753 1529 1794 aquilam
1552 1753 1704 1783 abstulere.
1748 1753 1835 1782 Dac-

369 1792 584 1833 Properure.
633 1796 706 1824 Vide
731 1796 866 1824 Verrium
895 1797 926 1825 in
957 1798 1083 1825 Incertis
1111 1807 1147 1825 ex
1180 1798 1255 1827 Gell.
1279 1797 1424 1825 lib.Xlll.
1449 1807 1513 1835 cap.
1529 1799 1579 1828 14.
1608 1797 1693 1825 Ant.
1717 1795 1812 1835 Aug.
1857 1794 1969 1832 Verba,
2008 1805 2086 1833 quae
2113 1793 2164 1822 hic

208 1834 301 1870 posita
330 1840 416 1871 sunt,
453 1847 513 1865 non
541 1843 611 1866 sunt
635 1839 726 1874 Festi,
764 1839 814 1868 sed
841 1839 973 1876 Catonis,
1012 1850 1086 1878 quae
1116 1839 1277 1878 integriora
1303 1840 1339 1868 ab
1362 1839 1477 1868 Isidoro
1500 1849 1566 1867 cum
1591 1839 1636 1868 sui
1660 1839 1792 1867 auctoris
1815 1838 1933 1867 nomine
1957 1838 2086 1866 citantur
2110 1837 2163 1865 ita:

210 1874 325 1903 Marcus
348 1879 437 1905 Cato:
478 1878 537 1916 Qui
567 1879 794 1921 unumquodque
815 1889 927 1911 mature
949 1883 1085 1921 transigit
1105 1889 1259 1921 properat,
1296 1883 1348 1922 qui
1370 1881 1463 1910 multa
1484 1881 1575 1910 simul
1595 1883 1714 1921 incipit,
1750 1892 1801 1910 nec
1821 1881 1952 1919 perficit,
1984 1881 2010 1908 is
2021 1879 2163 1921 fisiinat.

211 1915 273 1955 Ego
296 1920 533 1961 unumquodque,
558 1922 639 1963 quod
661 1922 783 1952 adortus
805 1936 900 1961 eram,
925 1924 1133 1964 transigebam.
1161 1923 1260 1955 Scal„
1300 1925 1373 1953 Vide
1397 1930 1426 1953 et
1448 1924 1575 1952 Nonium
1599 1925 1679 1962 (pag.
1691 1926 1763 1955 441.
1782 1923 1897 1960 Me1·c.).
1942 1922 2091 1952 Festinure
2110 1921 2163 1959 igi-

211 1963 262 1987 tur
284 1967 326 1987 est
349 1965 498 1991 temeraria
522 1970 550 1993 et
574 1966 732 2004 praecipiti
756 1967 909 1996 celeritate
932 1968 1033 2006 aliquo
1057 1967 1250 1995 contendere:
1271 1979 1428 2006 properare
1450 1967 1509 1995 cito
1534 1971 1562 1995 et
1586 1972 1705 1995 strenue
1726 1965 1882 2006 progredi,
1907 1970 1939 1995 ut
1960 1970 2075 1994 mature
2098 1974 2165 2003 per-

212 2000 295 2029 ficias
320 2003 400 2039 quod
423 2005 568 2045 intendis,
592 2009 670 2037 idem
694 2010 775 2047 quod
798 2017 954 2039 matur-are.
1000 2010 1102 2047 Virgil.
1120 2010 1167 2040 IV.
1193 2010 1300 2048 Georg.
1324 2010 1366 2047 (1,
1390 2009 1492 2048 260.>:

746 2059 848 2089 Multa
862 2059 970 2101 forent
992 2071 1067 2100 quae
1089 2071 1164 2089 mox
1186 2059 1267 2089 coelo
1287 2059 1476 2100 properanda
1498 2071 1596 2089 sereno

746 2102 904 2131 Maturare
928 2101 1020 2131 detur.

215 2143 334 2190 Sallust.
356 2144 489 2182 lugurth.
514 2148 630 2186 (LXIV.
652 2151 700 2180 fin.
724 2152 831 2192 Cort.):
866 2153 981 2183 Animo
1005 2154 1133 2193 cupienti
1154 2152 1231 2182 nihil
1250 2153 1322 2181 satis
1340 2153 1510 2193 festinatur.
1555 2153 1667 2181 Nonius
1690 2153 1730 2181 ita
1754 2152 1926 2190 distinguit,
1959 2156 1992 2180 ut
2012 2162 2167 2192 proper-are

216 2190 255 2233 sit
277 2187 366 2214 animi
389 2188 425 2215 ad
449 2199 495 2216 res
519 2192 630 2229 aliquas
654 2196 874 2231 contendentis,
907 2196 1051 2236 festinare
1073 2197 1209 2235 corporis
1233 2196 1457 2224 necessitatibus
1483 2196 1682 2233 obsequentis.
1727 2195 1784 2223 Sed
1808 2195 1882 2224 haec
1906 2200 2039 2223 veterum
2061 2198 2167 2223 aucto-

215 2232 304 2257 rttate
325 2229 520 2267 refelluntur,
544 2234 622 2271 apud
647 2246 721 2273 quos
740 2249 898 2277 properare
919 2244 948 2267 et
964 2238 1108 2279 festinare
1130 2239 1299 2277 promiscue
1323 2239 1486 2267 accelerare
1509 2238 1684 2276 significant.
1725 2238 1827 2277 virgil.
1843 2238 1892 2267 IV.
1918 2238 1989 2268 Aen.
2013 2239 2124 2275 (310.):

290 2312 294 2317 .
749 2278 786 2307 Et
809 2279 913 2309 mediis
932 2292 1074 2320 properas
1096 2280 1286 2321 aquilonibus
1308 2281 1350 2309 ire
1369 2293 1421 2320 per
1442 2280 1545 2310 alium.

217 2312 255 2341 Et
276 2312 377 2343 lib.11.
403 2314 503 2351 (373):

750 2360 894 2392 Festinate
913 2365 983 2401 viri,
1012 2376 1080 2394 nam
1103 2377 1176 2405 quae
1198 2372 1259 2395 iam
1282 2376 1346 2394 sera
1369 2373 1501 2395 moratur

754 2401 903 2441 Segniiies.
