2263 2668
789 155 877 191 LIB.
903 154 945 189 ΙΙ.
998 154 1142 191 SEGM.
1168 155 1194 189 Ι.

1903 163 1974 197 121

44 252 181 286 nationis
208 250 331 284 tertiae.
389 249 447 284 Cis
471 249 586 282 tertiae
612 254 687 283 sunt
713 249 951 291 declinationis,
977 261 1055 283 nam
1081 250 1131 283 cis
1156 249 1280 283 faciunt
1305 251 1469 297 genitivo,
1497 252 1554 287 hic
1579 256 1612 287 et
1637 252 1727 286 llaec
1753 254 1882 298 dulcis,
1909 258 1974 291 hu-

44 305 97 339 ius
120 303 242 336 dulcis.
303 301 450 343 Quidam
476 306 611 345 putant,
646 302 736 335 haec
762 303 888 343 calcis,
923 301 1047 334 debere
1074 301 1159 343 dici,
1190 313 1257 334 nou
1290 303 1379 337 haec
1412 305 1510 345 calx,
1545 305 1603 337 sed
1637 309 1754 338 errant.
1813 309 1899 341 Nam
1926 311 1975 343 cis

43 356 231 395 terminata,
257 353 283 386 si
308 364 375 385 non
400 353 519 385 fuerint
545 354 674 396 generis
700 354 900 394 communis,
929 353 1060 386 Graeca
1085 357 1173 394 sunt,
1201 353 1258 387 hic
1282 354 1384 395 Acis,
1409 367 1530 388 nomen
1556 356 1646 388 fluvii
1671 357 1703 389 iu
1729 357 1850 392 Sicilia.
1908 361 1975 394 Cos

43 407 172 440 nullum
192 417 314 438 nomen
335 405 488 437 Latinum
509 405 644 448 repperi
655 402 678 422 ¹⁵
699 405 924 443 terminatum3
951 405 1100 437 inventor
1121 405 1161 436 sit
1182 405 1280 437 etiam
1305 404 1456 439 doctorlti
1479 408 1611 440 rationis
1632 407 1828 445 declinandi.
1861 412 1974 445 Unum

44 459 180 503 repperi
205 457 372 490 Graecum
399 455 563 489 secundae
589 456 826 499 declinationis,
853 456 885 490 ci
910 456 1036 489 faciens
1061 456 1226 501 genitivo,
1252 456 1462 499 Damascos,
1488 459 1672 500 Damasci,
1699 462 1781 494 sicut
1805 463 1975 498 Lucanus:

276 532 294 564 l
299 532 430 564 'cutura
455 532 656 565 Damascos
665 529 708 570 ¹⁷,-

45 596 166 618 nomen
191 583 335 617 civitatis.
391 583 470 626 Cus,
497 584 563 617 hac
590 585 718 627 syllaba
743 584 919 617 terminata
946 583 1126 616 masculina
1151 583 1287 626 quidem
1312 584 1421 617 omnia
1443 586 1603 619 secundae
1626 592 1698 620 sunt
1724 588 1829 621 decli-
1846 589 1973 637 [1463]

45 635 191 675 nationis,
216 646 291 667 nam
317 635 349 667 ci
366 635 492 668 faciunt
514 633 706 679 genitivoffi,
738 635 894 677 Marcus,
920 646 1055 676 saccus,
1076 646 1217 680 porcus,
1245 639 1406 673 truncus;
1431 636 1560 679 ‚Marc-i,
1583 639 1694 682 porci,
1720 641 1825 680 sacci,
1851 643 1973 675 trunci.

44 687 261 731 Excipiuntur
287 686 347 718 tria
369 692 504 730 quartae
527 687 766 728 declinationis,
794 698 908 726 arcus,
937 687 1055 724 lacus-3
1081 697 1166 719 acus
1186 687 1387 720 deminutivo
1414 699 1517 731 genus
1543 701 1608 722 non
1633 696 1738 723 servat
1748 688 1780 732 ¹⁹,
1807 692 1864 724 hic
1889 705 1974 726 acu-

46 739 134 777 lens,
163 749 230 770 non
256 736 346 770 haec
372 739 508 772 aculea.
560 739 732 771 Feminina
758 750 837 772 vero
865 750 925 771 cus
950 739 1123 770 terminata
1149 743 1302 781 quartae,
1330 750 1391 772 cus
1415 737 1599 773 facientia²⁰
1624 742 1789 786 genitivo,
1817 755 1974 788 quercus,

45 790 146 823 huius
171 800 338 834 que1·cus‚·
365 790 454 823 haec
468 789 585 837 ficus,
613 791 714 823 huius
727 789 815 837 fici,
841 786 1031 834 pomuni²¹3
1057 789 1104 823 sic
1129 786 1340 823 Martialis²²z

270 865 443 899 Dicamus
456 865 555 913 ficos
581 878 668 912 quas
689 870 823 900 constat
853 867 887 899 in
913 865 1042 900 arbore
1066 869 1189 904 mztus3

45 921 78 950 et
102 916 205 951 huius
217 917 333 964 ficus:

271 969 439 1001 Dicemus
452 967 553 1014 ficus
582 969 782 1003 Caeciliano
807 965 923 1003 tuosffi.

44 1019 170 1051 Neutra
196 1020 329 1052 nomina
356 1032 415 1053 cus
440 1022 612 1053 terminata
637 1021 751 1054 tertiae
778 1026 851 1053 sunt
877 1020 1122 1060 declinationis,
1150 1015 1229 1053 ris²³
1255 1019 1411 1053 facientia
1437 1020 1593 1065 genitivo,
1614 1031 1740 1065 pecus,
1775 1022 1891 1061 ulcus,·
1910 1034 1977 1069 pe-

47 1071 156 1112 coris,
182 1071 318 1104 ulceris.
372 1068 513 1105 Secus²³
539 1072 620 1104 duas
646 1084 697 1105 res
723 1073 906 1116 siguificat,
933 1072 1128 1105 adverbium
1155 1072 1344 1116 separandi:

269 1123 381 1155 Haud
407 1134 506 1155 secus
531 1135 575 1156 ac
602 1124 685 1156 iussi
701 1120 900 1169 fitciunt²⁶;

47 1177 80 1205 et
105 1184 226 1214 sexum,
254 1174 429 1206 Salustius:
485 1174 593 1208 l'irile
619 1186 664 1208 ac
689 1175 858 1208 muliebre
882 1169 1021 1208 secus²⁷.
1075 1172 1197 1207 Omnia
1224 1178 1334 1207 autem
1354 1174 1488 1206 nomina
1514 1179 1630 1207 neutra
1654 1186 1696 1208 us
1720 1176 1889 1210 terminata
1912 1181 1980 1210 ter-

45 1224 111 1257 tiae
137 1229 210 1256 sunt:
236 1225 478 1266 declinationis,
503 1227 555 1259 ris
580 1226 706 1260 faciunt
732 1227 893 1271 genitiv03
920 1225 1064 1269 exceptis
1091 1230 1258 1268 quattuor,
1285 1226 1425 1270 vulgus,
1447 1226 1623 1271 pelagus,
1645 1238 1732 1270 pus,
1759 1228 1862 1260 virus.
1909 1228 1979 1262 Sed

45 1275 176 1320 vulgus
202 1280 233 1308 et
253 1277 413 1322 pelagus
439 1278 604 1311 secundae
631 1283 704 1311 sunt
731 1278 976 1318 declinationis,
1003 1277 1046 1322 gi
1071 1277 1197 1310 faciunt
1223 1277 1386 1321 genitivo,
1409 1277 1556 1321 pelagi,
1582 1278 1703 1323 vulgi,
1730 1290 1865 1311 numero
1893 1291 1980 1313 sern-

46 1337 108 1370 per
133 1328 302 1373 singulari.
361 1328 497 1373 Vulgus
523 1334 640 1362 neutro
668 1334 701 1364 et
727 1326 946 1364 masculino28
972 1340 1097 1373 genere
1123 1328 1318 1362 declinatur.
1370 1329 1547 1373 Virgilius:

271 1405 436 1451 Ignobile
460 1405 590 1451 vulgus
599 1402 644 1444 ²⁹,-

47 1458 95 1487 et:

48 1572 125 1601 inter
140 1570 273 1611 frag-mm.
290 1574 359 1605 Sall.
373 1575 452 1614 apud
474 1575 610 1605 Gerlach.

640 1586 707 1616 pag.
724 1576 794 1608 256.
832 1578 889 1606 Sed
907 1577 995 1607 Cod,:
1039 1585 1075 1603 ex
1094 1573 1160 1606 Asc.
1180 1573 1357 1602 addidimus.
1375 1587 1417 1594 -·-
1454 1569 1498 1611 19)
1516 1572 1586 1601 Cod.
1604 1571 1687 1603 Asc.:
1704 1571 1878 1602 deminutivo
1894 1585 1984 1613 genus

48 1614 145 1643 arhor.
175 1614 234 1646 bos,
260 1615 363 1646 lectum
396 1617 494 1647 Stobos
522 1617 626 1647 lectum
660 1621 689 1647 in
714 1617 856 1650 Saluszio.
914 1621 996 1656 Quae
1038 1625 1142 1654 servat,
1165 1617 1222 1645 nisi
1237 1616 1316 1654 quod
1334 1614 1528 1644 diminutivo.
1552 1616 1596 1644 P.:
1611 1627 1700 1654 genus
1718 1627 1774 1644 non
1788 1624 1881 1644 servat
1897 1615 1984 1643 climi—

0 1679 1 1682 ,
47 1657 134 1692 dedi,
160 1657 298 1687 exhibent
319 1660 384 1689 Asc.
405 1661 435 1688 P.
457 1677 499 1682 —
544 1664 589 1698 12)
614 1660 722 1690 Erebos
740 1678 781 1684 -
798 1662 907 1692 Erebus
928 1664 994 1691 Asc.
1039 1661 1148 1689 nativo.
1194 1659 1381 1695 Negationem
1402 1667 1438 1684 ex
1462 1657 1492 1686 Ρ.
1511 1657 1678 1686 ascivimus.
1699 1673 1740 1678 —
1776 1661 1824 1691 20)
1844 1658 1887 1686 lta
1913 1657 1983 1687 Cod.

45 1698 179 1729 Here—bos
198 1717 238 1722 —-
255 1700 387 1730 Herehus
402 1703 435 1730 P.
461 1708 489 1731 et
504 1703 574 1732 Cod.
601 1721 636 1725 —-
684 1706 727 1740 13)
754 1703 907 1741 Genestvo,
926 1705 997 1733 llaec
1041 1703 1108 1731 ASC.
1144 1701 1294 1729 Femininn
1311 1710 1376 1727 vero
1395 1710 1445 1727 cus
1461 1700 1613 1728 terminata
1635 1707 1756 1739 quartae
1771 1707 1837 1728 sunt
1855 1698 1986 1727 declina-

47 1753 152 1771 merces
167 1744 238 1774 cod.
257 1745 383 1782 genitivo
406 1752 436 1773 ut
458 1757 563 1775 merces
586 1746 652 1774 Asc.
668 1747 700 1775 P.
719 1763 755 1768 ·—-
804 1749 848 1785 14)
868 1748 998 1776 Drancis
1041 1745 1137 1779 tionis,
1156 1743 1336 1782 cusjaciunt
1349 1741 1475 1779 genitivo
1492 1742 1522 1769 P.
1537 1759 1574 1763 -
1597 1742 1646 1779 21)
1663 1742 1703 1769 lta
1719 1742 1789 1769 Cod.
1804 1742 1869 1771 Asc.
1893 1740 1986 1770 liaeo

47 1782 94 1812 vel
114 1785 164 1812 tis
187 1785 351 1815 Dranceiis.
396 1787 439 1815 lta
458 1788 527 1817 Cod.
546 1789 676 1818 Drancis
699 1787 745 1817 vel
759 1789 915 1819 Drancetis
935 1791 998 1818 Asc.
1042 1797 1177 1826 quercus,
1200 1784 1284 1812 huius
1301 1799 1342 1804 —
1357 1782 1441 1810 liuius
1459 1782 1565 1822 ficus
1587 1783 1733 1824 etjici,
1754 1793 1871 1821 pomum
1895 1784 1926 1812 P.
1947 1799 1984 1805 —-

47 1825 78 1854 P.
92 1842 133 1847 —
162 1827 207 1865 15)
224 1828 287 1856 Hoc
310 1829 414 1858 ordine
430 1830 500 1859 Cod.
532 1830 646 1859 Nomen
663 1833 772 1871 repperi
792 1831 914 1860 latinum
931 1833 997 1861 Asc.

48 1867 80 1896 P.
96 1883 138 1889 -—
174 1870 220 1907 16)
245 1868 379 1901 Inventor·
396 1873 432 1900 sit
448 1874 532 1902 eiiam
550 1872 653 1903 doctor
669 1875 792 1902 rationis
808 1873 1000 1903 declinandae

50 1908 254 1940 declinmionis
282 1913 310 1941 ci
331 1912 464 1956 sacieris.
518 1916 561 1943 lta
585 1916 655 1944 (lod.
679 1927 739 1944 uno
763 1927 852 1945 versu
882 1917 998 1944 omisso.

49 1953 130 1980 Idem
152 1953 183 1980 in
200 1954 285 1989 Asc.‚
312 1955 370 1983 nisi
395 1957 476 1994 quod
497 1958 550 1985 ibi:
576 1957 787 1987 declinationis.
809 1969 949 1998 graeca
972 1958 1000 1985 ci

40 1994 185 2036 facient.
229 1997 257 2024 P.
271 1996 311 2024 ila
329 1999 472 2027 correxit:
496 2001 626 2028 invenior
640 1999 741 2028 ‹loct-at
765 2003 889 2028 rationes
906 1998 1000 2028 dccli-

51 2035 152 2065 nandi.
205 2037 300 2066 Unum
322 2042 431 2078 repperi
455 2053 592 2080 graecum
616 2041 758 2071 secundae
784 2041 1000 2077 declinationis,

1041 1827 1086 1866 22)
1119 1826 1244 1855 Martial.
1267 1825 1366 1864 Epigr.
1389 1825 1417 1861 Ι,
1445 1828 1494 1856 66.
1545 1825 1636 1854 Valde
1658 1825 1790 1853 exercuit
1813 1824 1870 1853 hoc
1894 1825 1986 1864 epigr.

1043 1869 1254 1898 Grammaticos
1270 1873 1298 1896 et
1315 1867 1445 1896 criticos.
1476 1868 1518 1895 Cf.
1535 1868 1624 1896 Prisc.
1641 1866 1687 1903 Vl,
1706 1868 1753 1903 14,
1765 1870 1815 1898 76.
1832 1868 1883 1896 nbi
1895 1869 1987 1898 Codd.

1041 1912 1215 1950 plerumque
1230 1910 1386 1950 bisficus.
1416 1910 1500 1946 Rem,
1519 1915 1602 1948 puto,
1616 1909 1729 1938 Probus
1747 1910 1867 1939 dirimit.
1899 1911 1990 1949 Apud

1042 1954 1204 1982 Martialem
1220 1953 1304 1990 vulgo
1314 1953 1391 1990 ficus
1408 1953 1552 1990 superiori
1568 1963 1656 1981 versu
1671 1963 1724 1990 pro
1743 1953 1892 1990 feminino,
1907 1955 1989 1991 ficos

1042 1996 1180 2025 inferiore
1194 2007 1247 2034 pro
1264 1994 1436 2030 masculino,
1452 1995 1532 2032 quod
1548 1995 1619 2023 mihi
1629 1995 1732 2023 fulsum
1744 1996 1871 2024 videtur.
1903 1997 1990 2024 Prae-

1043 2044 1120 2067 terea
1150 2038 1227 2077 apud
1249 2038 1340 2066 Prisc.
1365 2048 1439 2076 quas
1467 2038 1575 2066 scimus
1602 2039 1632 2066 in
1656 2037 1758 2066 arbore
1778 2039 1877 2076 rmsci5
1909 2037 1989 2076 quod

51 2080 80 2109 ci
92 2078 233 2121 facicm,
260 2090 333 2118 quac
353 2089 487 2121 exparte
507 2084 608 2113 ascivi.
628 2100 670 2105 —-
716 2084 758 2121 17)
775 2084 884 2112 Lucani
900 2083 1000 2111 Phars.

3 2154 5 2162 ⁴
51 2122 102 2159 lll,
120 2122 189 2154 215,
208 2121 256 2149 ubi
270 2130 385 2152 ventosa
401 2125 575 2155 Damascos.
607 2127 655 2154 sie
671 2127 757 2154 etiam
774 2127 852 2164 apud
871 2125 1001 2153 Probum

0 2166 7 2184 *¹
50 2165 207 2203 legendum
218 2169 307 2202 pulo,
326 2176 391 2193 nam
407 2167 436 2195 in
447 2168 516 2197 Cod.
530 2168 667 2196 Bobicnsi
684 2180 697 2195 s
715 2173 778 2204 etr,
796 2180 813 2195 ιι
832 2172 860 2195 ct
875 2179 891 2196 ο
904 2177 1003 2206 saepe-

51 2217 175 2236 numero
198 2207 330 2243 dignosci
352 2218 411 2236 non
434 2215 564 2248 possunt.
588 2227 628 2232 —
674 2211 717 2247 18)
739 2210 779 2237 lta
795 2210 864 2239 Cod.
888 2209 1002 2238 Ganni-

51 2261 131 2279 vum
156 2255 194 2276 ui
218 2250 248 2277 P.
286 2249 318 2277 ln
338 2249 401 2278 Asc.
417 2252 522 2280 desunt
537 2263 586 2282 vv.
607 2264 675 2280 nam
693 2253 721 2280 ci
733 2251 859 2292 faciunt
875 2253 1002 2290 genitivo

51 2300 92 2321 ut.
129 2291 218 2319 Abest
236 2291 311 2319 utin
328 2292 397 2320 Cod.
417 2303 483 2331 crgo
500 2295 592 2322 omisi.
638 2294 796 2330 Sequentia
813 2295 852 2322 ita
870 2294 901 2321 in
921 2295 1000 2323 Asc:

7 2368 9 2377 γ
51 2334 194 2369 ΖΠανι-ιιε,
218 2344 330 2370 saccus,
355 2346 470 2372 porcus,
494 2344 620 2365 truncus.
663 2335 775 2371 Mar-ci,
797 2337 890 2375 porci,
912 2337 1002 2372 sacci,

7 2411 9 2414 .
53 2377 158 2405 trunci.
201 2376 296 2405 1uP.:
321 2376 463 2411 Mas-cns,
484 2389 607 2416 porcus,
630 2389 749 2413 saccus,
773 2386 899 2414 irancus,
923 2384 1002 2406 cete—

8 2428 9 2431 *
53 2419 95 2448 ris
109 2419 233 2448 omissis.
279 2419 415 2447 Dedimus
441 2420 512 2449 cod.
529 2421 706 2457 lectionem,
728 2420 785 2449 nisi
810 2421 889 2459 quod
908 2422 1004 2451 trunci

108 2471 272 2498 GRAMMAT.
296 2480 362 2498 Lar.
386 2470 406 2498 l.

1044 2081 1130 2109 etiam
1149 2081 1227 2120 apud
1246 2079 1409 2108 Martialem
1426 2080 1515 2117 vulgo
1533 2081 1638 2110 editur.
1661 2096 1704 2100 —
1745 2083 1790 2113 23)
1809 2080 1861 2110 Vv.
1884 2079 1991 2109 Caeci-

1044 2123 1121 2152 lione
1143 2131 1205 2153 tuos
1226 2123 1333 2151 desunt
1354 2122 1385 2149 in
1404 2121 1476 2150 Cod.
1497 2138 1538 2144 ——
1581 2123 1627 2159 24)
1642 2121 1700 2151 Ris
1720 2122 1800 2151 deest
1814 2123 1845 2150 in
1863 2123 1932 2152 Cod.
1951 2139 1987 2144 -

1044 2166 1093 2205 25)
1115 2166 1186 2199 Male
1209 2166 1354 2204 scriptum
1375 2164 1406 2192 in
1427 2164 1496 2194 Cod.
1517 2176 1613 2204 pecus.
1638 2180 1681 2187 -—-
1722 2167 1767 2202 26)
1793 2164 1889 2193 Haud
1910 2177 1932 2194 s.
1955 2175 1990 2193 ac

1045 2208 1121 2236 iussa
1134 2216 1159 2236 et
1175 2220 1273 2237 sexus.
1304 2208 1347 2235 lia
1365 2212 1504 2245 corrupte
1520 2207 1550 2235 in
1566 2207 1637 2237 cod.
1659 2207 1754 2235 Locus
1771 2213 1814 2235 est
1830 2208 1906 2245 virg.
1919 2207 1988 2234 Aen.

1043 2250 1094 2286 Ill,
1110 2253 1179 2282 236.
1205 2253 1273 2283 561.
1289 2267 1331 2271 —
1374 2251 1419 2285 27)
1444 2250 1558 2278 Sallust.
1575 2251 1719 2287 Fragmm.
1736 2250 1810 2278 Ilist.
1830 2250 1879 2277 lib.
1897 2249 1930 2284 ll,
1953 2249 1988 2278 sr.

1045 2293 1094 2324 41.
1111 2294 1148 2323 cs.
1174 2294 1250 2321 Edit.
1269 2293 1348 2320 Gerl.
1363 2302 1427 2331 pag.
1444 2295 1513 2324 220.
1530 2309 1571 2313 —
1607 2292 1651 2331 2⁷8)
1670 2293 1744 2321 Male
1762 2292 1851 2320 Cod.:
1877 2289 1990 2328 l'‘ulgua

1044 2343 1070 2364 el
1091 2334 1252 2364 masculino
1268 2346 1369 2374 genere
1391 2333 1418 2362 cl.
1435 2351 1476 2357 —
1519 2336 1566 2373 29)
1584 2335 1666 2373 Virg.
1682 2335 1754 2364 Aen.
1769 2334 1792 2371 I,
1811 2334 1877 2365 149.
1903 2332 1989 2359 Cete-

1044 2388 1111 2407 rum
1128 2379 1199 2407 cod.
1214 2376 1357 2417 ignovile.
1377 2394 1416 2398 —

1536 2461 1568 2503 Q
