2263 2668
185 166 261 201 428
612 162 957 198 COMMENTARII
982 162 1031 196 IN
1057 161 1200 197 PAULI
1226 162 1422 198 DIACONI
1447 165 1703 200 EXCERPTA

185 260 287 291 Scal.
333 260 480 288 cisternae
511 257 612 295 templi
643 256 682 284 ad
711 266 816 294 aquam
845 255 1048 294 recipiendam
1078 255 1114 284 ab
1145 256 1268 296 antiquo
1292 257 1379 296 savio
1402 268 1459 297 pro
1480 258 1569 297 soveo
1592 257 1641 287 vel
1659 256 1759 297 fodio.
1804 259 1840 288 Et
1861 259 1934 290 haec
1956 264 2052 301 prima
2074 265 2132 294 suit

183 303 272 332 huius
303 303 384 331 vocis
415 300 504 328 notio.
549 300 652 327 Postea
684 299 721 327 ob
750 298 975 327 similitudinem
998 297 1130 336 favissae
1157 298 1256 329 dictae
1285 305 1354 328 sunt
1386 300 1476 329 cellae
1498 301 1709 330 subterraneae
1731 301 1762 329 in
1784 302 1920 341 templis,
1954 305 2006 334 ubi
2027 307 2131 346 reponi

183 346 317 375 solebant
340 355 385 373 res
408 352 506 370 sacrae
530 346 676 370 vetustate
700 341 858 379 collapsae.
899 341 1014 368 Gloss.;
1037 338 1176 370 Favissae
1198 342 1360 381 θησαυροί.
1399 343 1442 371 Cf.
1467 343 1580 371 Ennius
1603 344 1634 372 in
1655 343 1804 382 Iphigen.2

714 382 910 412 Acherontem
935 381 1041 419 obibo,
1079 382 1130 412 ubi
1151 385 1253 413 mortis
1276 384 1403 413 thesauri
1426 383 1570 415 obiacent.

182 431 283 467 Neque
304 433 400 457 tamon
421 426 552 464 favissae
574 425 668 454 dictae
692 436 707 454 a
728 426 884 464 flavissw,
923 425 1046 464 dempta
1068 424 1082 454 Ζ
1102 425 1206 463 litera,
1242 427 1323 465 quod
1345 427 1376 454 in
1400 437 1448 456 eas
1472 438 1528 457 non
1552 428 1626 457 rude
1651 439 1699 457 aes
1723 433 1953 467 argentumque,
1990 431 2041 459 sed
2063 431 2131 461 ssata

182 473 351 509 signataque
373 469 498 507 pecunia
522 468 722 500 conderetur,
748 473 778 496 ut
801 467 878 496 idem
903 468 1036 496 Valerius
1060 468 1190 497 Soranus
1214 470 1272 508 (ap.
1289 469 1367 498 Gell.
1390 469 1410 498 1.
1428 473 1467 507 c.)
1491 470 1682 500 existimavit.
1715 471 1788 500 Nam
1812 472 1835 500 si
1859 471 1899 500 ita
1923 477 2013 510 esset,
2035 474 2132 512 prima

181 515 211 542 in
227 514 344 552 fauisse
367 511 602 550 produceretur,
634 521 722 549 quam
746 511 892 549 corripuit
916 511 1022 538 Caesar
1044 510 1192 548 Scaliger:

715 552 798 591 Quae
820 560 941 592 possunt
965 551 1000 581 tle
1023 551 1186 584 Socraticis
1208 553 1304 582 emisse
1318 553 1451 592 favissis.

182 599 281 636 Neque
309 597 392 636 prius
421 597 546 626 favissae
576 595 613 624 de
643 595 804 632 thesauris,
840 596 893 625 sed
923 595 959 624 de
989 595 1083 634 pateis
1111 601 1139 624 et
1162 606 1254 635 aquae
1278 595 1414 624 cisternis
1437 597 1554 626 dictum
1577 603 1637 635 est,
1669 602 1703 627 ut
1724 597 1780 626 iam
1805 607 1905 636 supra.
1954 599 1994 627 l)e
2017 599 2132 629 favissis

180 641 319 680 Capitolii
348 640 469 678 insignis
498 640 580 667 locus
602 638 760 673 Varronis,
799 641 849 677 qui
873 639 977 667 Servio
999 637 1130 676 Sulpicio
1160 638 1293 676 roganti,
1330 638 1403 677 quid
1431 639 1462 668 in
1488 640 1634 669 Censoriis
1664 640 1747 669 libris
1776 640 1975 678 significarent
1997 642 2133 681 favis-sae

182 682 382 723 Capitolinae,
415 682 584 721 rescripsit,
615 682 645 709 in
670 680 810 710 memoria
836 681 891 710 sibi
915 691 994 716 esse,
1024 680 1104 719 quod
1129 681 1164 716 Q.
1189 681 1310 709 Catulus
1334 686 1456 710 curator
1478 683 1652 712 restituendi
1678 683 1813 722 Capitolii
1837 683 1979 720 dixisset,
2000 684 2132 713 voluisse

179 736 210 755 se
232 737 329 754 aream
353 726 548 764 Capitolinam
571 724 752 763 deprimere,
777 728 809 751 ut
832 723 968 763 pluribus
992 723 1131 761 gradibus
1154 723 1183 751 in
1206 723 1306 752 aedem
1330 725 1600 762 conscenderetur,
1626 731 1841 765 suggestusque
1862 736 1918 765 pro
1940 726 2048 766 fastigii
2070 737 2132 756 ma-

179 769 331 807 gnitudine
354 768 441 796 altior
464 767 558 804 fieret,
582 767 633 795 sed
657 767 755 796 facere
778 766 807 794 id
831 777 889 795 non
915 766 1028 804 quisse,
1053 766 1123 804 quia
1146 766 1271 794 favissae
1295 765 1529 805 impedivissent.
1575 768 1664 797 Dac-

342 809 532 839 Faventio.
577 810 659 838 Bona
684 810 840 845 ominatio,
874 808 1032 837 Faustum.-
1066 809 1142 837 bene
1168 809 1339 838 ominatum.
1385 809 1457 838 Nam
1479 810 1582 848 favere
1608 815 1651 839 est
1674 810 1752 839 bona
1775 815 1803 839 et
1825 809 1901 839 bene
1924 810 2053 839 ominata
2074 811 2131 840 fari

179 853 299 882 Graecis
323 850 477 891 εὐφημεῖν.
521 853 557 881 Et
580 857 613 881 ut
636 852 714 891 apud
738 852 856 880 Latinos
878 851 908 879 iu
931 850 1023 879 sacris
1047 861 1154 890 praeco
1177 852 1287 880 Favere
1312 852 1459 890 populum
1490 853 1626 889 iubebat,
1665 853 1708 881 sic
1732 852 1810 891 apud
1834 853 1963 882 Graecos
1986 853 2015 882 in
2038 853 2131 882 sacris

178 895 323 924 clamabat
345 892 477 933 εὐφημία
499 894 583 925 ἔστω.
629 896 722 934 Saepe
752 894 829 933 apud
855 893 1080 932 Aristophanem
1104 899 1131 922 et
1154 894 1190 923 ab
1212 893 1267 922 hac
1291 894 1451 923 faventium
1481 896 1645 924 attentione
1668 895 1806 933 bonaque
1828 896 2009 925 ominatione
2030 895 2132 934 favere

177 949 232 977 pro
256 938 342 966 silere
365 937 477 966 dictum
500 942 544 967 est
567 942 597 966 et
620 937 657 966 ad
680 938 736 965 alia
759 938 845 965 etiam
869 936 1054 966 translatum.
1077 935 1166 966 Dac-
1196 936 1251 965 At.
1276 937 1327 967 Ae.
1356 935 1461 966 Goth.
1506 936 1656 978 Populum
1678 938 1834 976 sacrificiis
1859 938 1962 976 favere
1983 936 2130 969 iubebant.

177 980 252 1009 Hinc
283 980 331 1008 illa
364 980 506 1009 formula:
545 979 650 1008 Favete
678 979 793 1019 linguis.
839 980 919 1008 Idem
944 979 1003 1007 Cio.
1027 979 1062 1007 de
1087 979 1182 1009 Divin.
1201 979 1242 1015 ΙΙ,
1266 981 1315 1011 28.
1340 978 1385 1018 (I,
1411 980 1462 1012 45.
1486 980 1527 1017 II,
1551 980 1646 1020 26.'?)
1675 980 1749 1009 Plin.
1764 982 1813 1011 21.
1837 980 2001 1017 (XXVHI,
2023 983 2058 1017 2,
2081 982 2129 1018 3.)

177 1023 278 1051 Horat.
302 1022 379 1059 (Od.
394 1023 450 1059 ΙΙΙ,
477 1025 511 1058 1,
536 1021 580 1061 2.)
607 1023 708 1061 virgil.
724 1023 758 1051 V.
784 1022 853 1051 Aen.
878 1021 959 1060 (71.)
983 1022 1084 1060 Papi-1.
1101 1021 1136 1051 ll.
1160 1022 1232 1050 Silv.
1257 1021 1287 1049 in
1313 1021 1507 1051 Genethliaco
1531 1023 1651 1053 Lucani,
1691 1023 1819 1053 Martial.
1837 1023 1891 1053 IX.
1915 1021 1989 1061 (14,
2015 1021 2128 1063 131.‘.>)

178 1065 264 1094 Ovid.
288 1065 366 1094 Fast.
385 1065 427 1101 Il,
451 1066 555 1104 (654.)
579 1065 656 1093 Ovid
683 1067 714 1096 3.
740 1064 842 1094 Amor.
865 1067 910 1095 12.
933 1065 964 1095 3.
988 1064 1068 1101 Eleg.
1094 1064 1142 1103 (1,
1166 1062 1260 1103 71.‘?)
1285 1065 1386 1093 Senec.
1409 1064 1446 1093 de
1468 1065 1529 1094 vita
1553 1065 1639 1094 beata
1663 1064 1728 1104 (26.
1750 1064 1840 1104 extr.)
1861 1065 1982 1095 Servius
2000 1065 2034 1096 V.
2059 1065 2129 1096 Aen.

178 1108 326 1137 Donatum
349 1107 470 1136 Andria.
503 1108 647 1144 Quinctil.
672 1108 799 1138 Declam.
822 1109 894 1139 365.
920 1106 1049 1136 lulianus
1071 1107 1101 1134 in
1125 1107 1273 1143 oratione,
1298 1117 1373 1145 quae
1397 1105 1590 1149 μισοπαὶγων.
1637 1106 1744 1137 Goth.

339 1149 538 1181 Falcones.
584 1151 731 1180 Glossar.:
770 1149 913 1179 Falcones
935 1146 1086 1179 Δάκτυλοι
1113 1151 1217 1180 ποδῶν
1244 1149 1300 1179 ἔσω
1328 1149 1493 1188 βλέποντες.
1536 1150 1574 1179 Et
1595 1150 1728 1179 Isidorus
1757 1149 1786 1178 in
1811 1149 1939 1179 Glossis:
1975 1148 2128 1186 Falcones,

176 1191 227 1232 qui
246 1190 369 1231 pollices
389 1191 473 1232 pedis
495 1194 574 1221 intra
597 1204 700 1222 curvos
721 1192 835 1223 habent.
874 1191 1016 1220 Similiter
1040 1192 1146 1221 Graeci
1170 1189 1373 1230 ὅρεπανώδεις
1396 1192 1520 1230 dicunt,
1543 1203 1559 1221 a
1582 1193 1733 1232 δρέπανον
1751 1190 1838 1231 fulx-
1862 1192 1949 1222 Dae.
1981 1192 2057 1221 Vide
2078 1201 2129 1220 su-

175 1244 229 1273 pra
253 1233 383 1274 Capuam
407 1235 436 1263 in
459 1235 525 1264 fine.
572 1233 677 1264 Goth.

337 1276 523 1308 Farreum.
569 1278 657 1313 Quod
681 1278 712 1306 in
735 1276 846 1316 nuptiis
868 1275 972 1313 fiebat,
998 1276 1076 1305 unde
1099 1281 1165 1305 nata
1188 1276 1335 1305 vocabula
1357 1277 1557 1306 confarreatio
1580 1282 1609 1305 et
1630 1276 1823 1305 diffarreatio.
1859 1277 1932 1306 Plin.
1956 1276 2008 1305 lib.
2021 1275 2127 1305 XVIII.

177 1329 241 1358 cap.
254 1322 302 1351 3.:
341 1318 418 1357 Quin
447 1328 473 1348 et
496 1321 525 1348 in
549 1321 642 1349 sacris
664 1319 741 1349 nihil
761 1318 923 1359 religiosius
946 1319 1187 1357 confarreationis
1209 1317 1326 1348 vinculo
1349 1326 1427 1357 crat,
1464 1330 1611 1360 novaeque
1633 1326 1741 1358 nuptae
1760 1319 1892 1357 farreum
1914 1317 2126 1358 praeferebant.

177 1361 261 1393 Dac.
295 1362 385 1397 Quod
409 1363 536 1401 antiquis
559 1363 645 1391 etiam
668 1362 810 1392 borreum.
844 1361 919 1390 Vide
942 1361 1018 1390 infra
1042 1361 1199 1391 Horreum.
1248 1360 1353 1392 Goth.

338 1403 534 1435 Falarica.
579 1406 707 1434 Ennius:

756 1446 837 1486 Quae
858 1445 959 1476 valido
981 1447 1057 1475 venit
1080 1453 1215 1476 contorta
1231 1444 1370 1485 falarica
1391 1446 1491 1475 missu.

176 1489 304 1518 Falarica
327 1501 342 1518 a
361 1489 448 1529 salis,
481 1491 562 1520 Idem
584 1490 696 1520 Nonius
720 1489 800 1529 (pag.
814 1491 886 1522 555.
910 1490 1010 1527 Mero.)
1034 1494 1063 1518 et
1086 1490 1215 1518 Servius.
1257 1489 1314 1517 Alii
1337 1499 1351 1516 a
1376 1486 1474 1527 φαλός
1494 1485 1681 1527 splendidus,
1706 1487 1785 1525 quod
1809 1496 1843 1515 ea
1865 1487 1924 1516 tela
1948 1486 2125 1525 splendeant

176 1532 212 1560 ob
234 1533 373 1562 ferratam
402 1534 572 1573 cuspidem,
607 1533 656 1562 vel
681 1533 781 1572 potius
807 1532 845 1561 ob
867 1532 1026 1561 flammam.
1071 1532 1143 1559 Nam
1173 1531 1303 1559 falaricis
1333 1530 1598 1568 circumligabatur
1627 1531 1748 1558 materia
1772 1539 1787 1558 e
1809 1529 1892 1568 pice,
1926 1528 2072 1568 sulphure
2095 1535 2125 1559 et

176 1579 268 1614 stupa.
303 1575 360 1603 Sed
383 1576 467 1615 prius
489 1581 610 1616 etymon
633 1581 746 1604 certum
771 1579 831 1612 est,
856 1579 890 1603 ut
913 1584 1012 1612 supra.
1036 1573 1124 1604 Dae.
1170 1573 1283 1601 Glossis
1303 1573 1537 1612 χειροβαλίστρα.
1584 1570 1688 1600 Goth.

338 1617 534 1648 Fatantur.
585 1618 672 1657 Apud
703 1617 876 1646 Sallustium
906 1616 998 1653 (Bell.
1021 1616 1119 1645 Catill.
1135 1615 1206 1653 47.)
1237 1620 1334 1644 tamen
1359 1616 1492 1654 samium
1521 1618 1565 1644 est
1594 1613 1663 1642 fatis
1694 1613 1856 1642 decretum.
1889 1612 1976 1643 Dae.
2018 1612 2124 1644 Fatum

177 1668 254 1688 nunc
276 1665 356 1689 recte
378 1661 487 1699 legitur
511 1661 591 1701 apud
615 1660 800 1690 Sallustium.

338 1702 459 1735 Falae.
504 1705 628 1743 Proprie
652 1708 746 1732 turres
767 1702 880 1740 ligneae
902 1700 1062 1736 militares,
1093 1699 1172 1729 unde
1195 1700 1252 1729 tela
1277 1700 1487 1735 mittebantur,
1518 1708 1593 1738 quae
1614 1697 1683 1726 ideo
1705 1697 1826 1726 falarica
1849 1697 1938 1729 dicta.
1980 1696 2057 1726 Vide
2079 1697 2126 1726 in-

178 1743 230 1772 fra.
274 1744 366 1774 Falae
388 1751 486 1776 autem
509 1747 545 1776 ab
569 1747 713 1776 Hetrusco
734 1743 888 1785 pbalanclo
905 1743 973 1772 ‚sive
993 1741 1151 1783 phalarum,
1189 1743 1271 1782 quod
1294 1743 1407 1771 caelum
1430 1746 1520 1770 notat.
1570 1737 1728 1771 Φάλαντον
1752 1741 1899 1769 Graecum
1923 1744 1966 1768 est
1988 1751 2004 1768 a
2028 1737 2127 1778 φαλός

179 1785 292 1823 forsan,
322 1787 421 1825 olom,
450 1790 551 1819 nitens.
596 1789 654 1817 Sed
675 1788 776 1828 potius
795 1785 881 1826 salae
903 1797 919 1815 a
943 1787 1059 1815 Graeco
1083 1784 1189 1823 φάλαι,
1219 1790 1254 1814 ut
1277 1785 1384 1813 Graeci
1407 1784 1543 1814 dicebant
1566 1787 1699 1818 montes,
1721 1783 1910 1820 altitudines,
1934 1792 2028 1813 arces,
2065 1782 2125 1812 He-

181 1828 260 1864 sych.
283 1827 375 1866 φάλαι
399 1830 481 1869 ὅσαι,
513 1833 642 1863 σκοπιαί.
686 1831 723 1860 Et
743 1829 815 1858 inde
838 1827 1009 1867 φάλαντον,
1046 1828 1162 1856 coelum
1185 1828 1265 1867 apud
1289 1828 1467 1862 Hetruscos,
1498 1826 1577 1865 quod
1600 1826 1710 1862 altum,
1739 1825 1808 1854 inde
1831 1825 1995 1864 palatium,
2024 1824 2056 1853 id
2079 1829 2125 1854 est

181 1878 241 1897 arx.
284 1871 355 1901 Inde
383 1862 468 1902 etiam
493 1873 591 1914 falere
619 1873 700 1914 apud
723 1872 886 1901 Varronem
910 1872 973 1909 (Cf.
997 1871 1091 1899 Varro
1115 1870 1151 1899 de
1176 1871 1207 1899 R.
1232 1872 1263 1900 R.
1286 1871 1345 1906 111,
1368 1871 1398 1901 5.
1422 1870 1458 1898 ad
1483 1878 1606 1907 eumque
1628 1868 1727 1896 locum
1751 1867 1890 1906 Scaligeri
1912 1864 2033 1907 notam)
2052 1877 2124 1896 saxa

179 1910 255 1949 pilea
279 1913 313 1940 ad
336 1925 409 1944 onus
438 1917 582 1956 peristylii
612 1915 826 1946 sustinendum.
870 1915 909 1943 Et
939 1910 1033 1953 φάλαι
1057 1914 1187 1941 Saxones
1216 1914 1278 1942 sive
1300 1913 1439 1941 Germani
1472 1911 1651 1940 vocabulum
1680 1911 1809 1940 retinent
1830 1908 1926 1949 sales,
1966 1910 2029 1939 sive
2053 1908 2122 1948 sels,

183 1963 273 1991 rupes.
296 1954 348 1984 Da
358 1968 381 1985 c.
416 1959 492 1988 Vide
515 1961 643 1988 Nonium
666 1961 745 1998 (pag.
762 1960 833 1990 114.
859 1956 966 1995 Mero.)
989 1957 1021 1984 in
1045 1954 1147 1984 Falae.
1176 1954 1282 1984 Goth.
1318 1955 1475 1984 Descendit
1498 1953 1602 1984 vocab.
1626 1964 1643 1982 a
1666 1953 1766 1982 radice
1787 1952 1937 1982 Sauscrita
1957 1951 2015 1993 pal
2033 1952 2122 1990 tueri,

181 2004 308 2024 servare.
350 1998 371 2024 Α
396 2010 451 2037 qua
473 2002 572 2030 radice
593 2001 697 2041 palus,
719 1999 846 2036 vallum,
863 1998 1032 2038 salonium,
1057 1998 1181 2026 Etrusca
1205 2008 1282 2034 vox,
1305 2003 1334 2027 et
1356 1996 1512 2026 Palatium
1536 1995 1730 2026 descendunt.

344 2038 550 2078 Far-fenum.
594 2045 720 2074 Videtur
742 2043 846 2081 legisse
868 2042 900 2070 in
924 2042 1020 2070 Plauti
1042 2041 1133 2069 Milite
1154 2041 1254 2080 (poen.
1273 2040 1314 2076 1¹,
1341 2043 1374 2076 1,
1397 2041 1475 2078 32.):

872 2083 915 2113 Eo
936 2082 1172 2124 praester-nebant
1188 2082 1270 2122 folia
1286 2082 1414 2121 farfani.

182 2119 234 2149 Vel
252 2120 373 2159 far-seni.
399 2121 499 2153 Scaz.
540 2127 702 2166 Scripserat
723 2127 825 2156 Festus
842 2127 1009 2166 farferum,
1046 2125 1100 2154 nisi
1123 2126 1204 2154 dicas
1227 2137 1241 2154 r
1263 2125 1353 2154 abiise
1376 2126 1406 2153 in
1430 2136 1458 2155 n.
1501 2122 1638 2162 Farferus
1658 2126 1756 2151 autem
1779 2131 1835 2160 pro
1851 2119 2001 2160 farfar-us,
2037 2118 2121 2159 quod

180 2161 265 2190 ssuvii
283 2163 313 2191 in
338 2163 468 2202 Sabinis,
492 2167 527 2195 de
549 2179 606 2206 quo
629 2170 750 2199 Servius
764 2170 826 2201 V11.
846 2171 919 2199 Aen.
944 2174 973 2198 et
994 2168 1104 2197 herbae
1126 2178 1232 2196 nomen
1257 2172 1308 2198 est.
1340 2166 1465 2206 Farfari
1486 2165 1594 2195 herbae
1615 2165 1749 2194 meminit
1770 2164 1866 2193 Plaut.
1889 2163 1908 2194 l.
1932 2173 1958 2192 c.
1980 2167 2009 2192 et
2029 2162 2119 2201 Apul.

180 2203 309 2242 (Metam.
333 2216 398 2245 pag.
413 2209 482 2239 106.
507 2210 536 2238 8.
560 2210 609 2238 ubi
630 2211 698 2240 vide
721 2212 800 2251 Lips.
823 2217 852 2240 et
875 2210 1105 2248 Elmenhorst.):
1143 2209 1231 2240 Folia
1256 2217 1323 2239 sunt
1344 2209 1460 2249 farfari
1488 2216 1514 2238 et
1538 2219 1631 2249 nugae
1651 2217 1756 2238 merae.
1798 2206 1940 2236 Farfarus
1962 2209 2007 2235 est
2027 2204 2120 2234 tussi-

179 2245 245 2285 lago
267 2253 384 2285 nostra,
414 2251 579 2288 populago,
609 2254 717 2290 ungula
739 2254 892 2283 caballina.
938 2254 1025 2283 Dac.

343 2289 544 2321 Fascinum
575 2300 607 2321 et
631 2294 701 2330 fas.
746 2296 799 2324 Fas
827 2297 945 2334 quidem
969 2307 984 2324 a
1007 2295 1113 2331 fando,
1147 2295 1228 2333 quod
1254 2294 1337 2333 quasi
1361 2294 1453 2322 fatum
1476 2293 1514 2322 sit
1539 2303 1554 2321 a
1577 2292 1634 2321 diis
1655 2296 1686 2322 et
1708 2289 1923 2320 sacerdotibus.
1966 2289 2015 2318 Sic
2035 2289 2081 2318 ius
2099 2297 2116 2316 a

180 2329 313 2361 iubendo.
356 2333 413 2363 Sed
438 2335 588 2374 quomodo
612 2335 754 2365 fascinum
776 2348 791 2365 a
815 2338 922 2374 fando,
945 2349 982 2366 an
1006 2338 1075 2376 quia
1098 2338 1197 2375 lingua
1220 2347 1340 2376 quoque
1362 2336 1445 2365 fieret
1467 2335 1637 2372 fascinatio,
1661 2339 1695 2363 ut
1717 2333 1797 2373 apud
1819 2332 1926 2362 catull.
1949 2331 2032 2369 (vu,
2053 2331 2114 2367 9.):

839 2379 919 2415 Quae
940 2391 990 2409 nec
1010 2391 1211 2419 pernumerare
1232 2379 1341 2409 curiosi

839 2420 968 2459 Possint,
998 2433 1049 2451 nec
1070 2421 1151 2450 mala
1168 2422 1323 2460 fascinare
1342 2419 1453 2460 lingua.
