2263 2668
227 130 301 167 180
893 125 1124 162 EUTYCHII
1157 127 1470 166 GRAMMATICI

453 221 588 256 Findor
612 225 651 255 ut
675 219 863 255 Arcadiae
883 222 1059 267 pecuaria
1084 222 1215 258 rudere
1238 224 1366 259 credas
1378 221 1400 260 ¹.

228 296 264 326 ut
289 295 338 326 est
360 301 402 325 ex
426 290 601 335 participio
628 289 714 332 eius,
747 300 816 334 quo
843 289 1001 335 Virgilius
1027 290 1147 333 utitur,
1179 292 1336 338 suspicari
1348 289 1371 326 ².
1422 291 1591 327 Aeneidos
1623 292 1710 326 enim
1744 291 1830 324 libro
1857 291 1916 325 111.
1945 292 2040 328 dicit:

872 378 924 383 —
946 359 1149 404 primusque
1174 360 1358 394 rudentem

458 407 629 442 Contorsit
655 407 778 442 laevas
803 419 955 454 proram
980 410 1171 445 Palinurus
1204 412 1255 445 ad
1286 411 1401 445 undas
1413 407 1436 444 ⁸.

228 462 312 496 ltem
327 457 339 478 ⁴¹
363 460 419 493 lib.
445 458 543 492 vl1.:

451 509 545 544 Hinc
571 508 736 542 exaudiri
759 510 913 555 gemitus
938 511 1083 557 iraeque
1108 513 1262 557 leonum,

459 560 582 594 Vincla
607 564 846 604 recusantum,
878 566 911 595 et
936 574 1018 597 sera
1043 563 1107 597 sub
1133 568 1231 598 nocte
1257 564 1455 598 rudentum.

229 611 312 645 Item
341 611 502 657 Georgic.
528 611 586 644 lib.
612 611 689 647 111.:

457 662 655 730 Comminugs
680 662 884 697 obtruncant
899 664 1027 710 ferro,
1053 665 1284 711 graviterque
1309 665 1477 698 rudentes

459 714 621 748 Caedunt
648 738 655 746 .

393 778 427 813 5.
478 782 612 814 Nomen
636 793 788 825 quoque,
824 793 891 826 quo
918 783 1007 816 navis
1032 783 1128 817 funes
1155 785 1398 830 significantur,
1433 783 1468 816 id
1502 785 1550 815 est
1580 782 1755 825 rudentes,
1782 794 1849 817 nou
1881 783 2014 818 aliunde
2047 784 2110 818 nisi
2143 795 2165 818 a

231 831 321 864 rudo
340 828 352 848 ⁰
377 843 453 865 reor
479 832 677 875 deductum,
713 838 748 866 ut
773 834 864 867 idem
892 834 993 867 docet
1017 835 1174 880 Virgilius
1200 837 1232 868 in
1258 837 1283 870 Ι.
1308 836 1394 868 libro
1415 831 1427 851 ²
1453 834 1585 868 dicens:

456 882 654 928 Insequitur
679 885 880 929 clamorque
904 886 1018 918 virum
1042 887 1240 931 stridorque
1264 887 1452 920 rudentum
1473 882 1494 918 Β.

231 932 392 973 Plancio,
419 933 492 978 dis,
520 935 624 968 cludo
648 936 703 968 vel
729 936 857 969 claudo
873 932 895 977 ⁰,
931 937 1006 981 dis3
1032 938 1123 971 cado
1149 949 1283 982 quoquc
1310 938 1430 977 otidis,
1463 937 1540 969 licet
1574 935 1772 970 antecedens
1799 946 1823 969 a
1849 933 2072 981 corripitur-¹⁰,
2096 941 2165 970 ter-

230 984 294 1016 tiae
318 984 568 1029 coniugationis.
619 987 663 1020 Et
685 988 822 1028 occido,
850 988 998 1029 occidis,
1024 989 1158 1030 incido,
1193 989 1331 1031 incidis,
1365 988 1510 1029 decido,
1545 988 1681 1021 decidis
1703 988 1822 1028 etiam,
1854 987 1990 1030 quando
2024 1000 2044 1021 a
2073 988 2166 1022 cado

230 1039 303 1067 sunt
318 1031 352 1076 ¹¹,
379 1036 534 1070 itantum
553 1038 734 1082 penultima
760 1043 914 1082 correpta
931 1035 965 1071 ¹¹³.
1016 1039 1099 1073 Edo
1120 1052 1254 1084 quoque
1279 1052 1315 1073 es
1333 1037 1356 1057 ¹³
1380 1041 1459 1073 licet
1482 1040 1671 1072 anomalum
1689 1043 1736 1071 est
1758 1050 1820 1082 per
1844 1050 2022 1083 personas,
2049 1044 2082 1073 et
2107 1038 2165 1073 di—

229 1086 328 1128 vido,
354 1086 499 1130 dividis,
523 1089 671 1132 quamvis
693 1090 908 1133 penultimam
932 1090 1069 1135 corripit
1085 1088 1118 1133 ¹⁴,
1145 1097 1255 1125 tamen
1275 1091 1358 1125 nihil
1380 1091 1546 1134 discrepat
1565 1103 1584 1123 a
1611 1090 1856 1134 coniugatione.
1909 1091 2074 1124 Notantur
2095 1090 2167 1135 pri-

230 1148 304 1170 mae
328 1139 569 1184 coniugationis
593 1140 661 1173 duo
685 1142 784 1173 verba
809 1141 1028 1185 producentia
1050 1138 1104 1182 i¹⁵‚
1131 1143 1286 1185 trucido,
1314 1154 1374 1183 as,
1398 1142 1570 1187 formido,
1598 1153 1656 1183 as,
1684 1141 1776 1184 quod
1797 1141 1830 1173 in
1851 1141 1971 1175 eadem
1992 1153 2077 1176 voce
2097 1146 2167 1175 tam

230 1189 366 1221 verbum
391 1201 490 1233 quam
514 1202 634 1224 nomen
658 1192 836 1236 significat;
864 1197 897 1225 et
915 1204 1016 1225 unum
1038 1193 1050 1225 z'
1069 1194 1265 1238 corripiens,
1293 1194 1449 1238 trepido,
1477 1205 1534 1233 as,
1561 1192 1654 1236 quod
1673 1204 1692 1225 a
1708 1193 1884 1237 trepidus,
1910 1193 2041 1238 trepidi
2060 1190 2083 1211 ¹⁸
2103 1204 2168 1226 no-

229 1239 317 1273 mine
339 1241 468 1274 veniens
487 1241 557 1275 iure
580 1243 707 1286 primae
729 1240 821 1276 estu,³
874 1243 915 1276 N
943 1255 1077 1287 quoque
1111 1251 1186 1278 ante
1219 1246 1265 1278 do
1295 1245 1453 1278 habentia
1485 1245 1599 1277 tertiae
1632 1248 1704 1277 sunt
1738 1244 1884 1277 similiter
1917 1244 2167 1289 coniugationis,

231 1295 267 1323 ut
292 1292 441 1333 scando,
467 1292 537 1332 dis;
563 1294 734 1335 ascendo,
762 1294 835 1332 dis‚·
857 1295 999 1339 pande,
1031 1296 1106 1332 dis‚·
1133 1297 1270 1341 pendo,
1298 1297 1420 1335 tendo,
1442 1295 1642 1341 prehendo,
1669 1295 1833 1336 incendo,
1866 1293 2024 1342 offendo,
2045 1294 2167 1342 findo,

230 1342 370 1383 scindo,
396 1343 523 1386 condo,
549 1344 624 1382 dis‚·
649 1346 757 1378 tundo
772 1342 805 1386 ¹⁸,
832 1346 981 1386 mando,
996 1346 1126 1391 fundo.
1179 1348 1247 1380 Nisi
1281 1352 1391 1381 tamen
1406 1343 1429 1365 ¹⁹
1456 1347 1617 1380 eiusmodi
1645 1347 1748 1379 verba
1781 1346 1825 1379 de
1857 1347 2043 1380 nominibus
2076 1346 2168 1379 deri-

231 1398 346 1426 vantur
358 1390 399 1434 ²⁰3
430 1399 508 1428 tunc
538 1396 624 1429 enim
657 1397 725 1430 sine
758 1396 860 1429 dubio
895 1398 1022 1441 primae
1049 1399 1291 1442 coniugationis
1327 1404 1438 1441 erunt,
1473 1403 1508 1431 ut
1535 1398 1646 1441 unda,
1682 1397 1794 1440 undo,
1827 1408 1888 1436 (183
1921 1398 2076 1439 inundo,
2109 1408 2168 1436 1133

231 1443 388 1488 abundo,
416 1457 476 1484 as,-
502 1447 659 1489 exundo,
687 1459 747 1485 as,·
772 1448 931 1492 Virgilius
958 1449 1097 1483 Aeneid.
1123 1450 1182 1485 lib.
1209 1450 1302 1483 Xll.:

453 1497 516 1531 Ad
542 1499 674 1532 coelum
700 1498 859 1532 undabat
883 1503 1005 1533 vertex
1022 1496 1057 1535 ²¹.

317 1613 345 1651 1)
368 1614 449 1644 Pers.
469 1617 527 1646 Sat.
555 1615 610 1653 lli,
633 1619 662 1648 9.
685 1615 736 1644 ubi
759 1626 842 1644 nunc
864 1617 1039 1656 plerumque
1065 1618 1177 1647 editur:

234 1653 415 1693 Finditur3
445 1657 601 1686 Arcadiae
618 1660 767 1696 pecuaria
791 1658 897 1687 rudere
928 1659 1053 1690 dicas.
1109 1661 1179 1689 Post

235 1707 337 1726 vocem
361 1697 465 1725 credas
486 1700 516 1726 in
539 1701 609 1728 cod.
633 1711 648 1728 a
666 1701 823 1729 recentiori
847 1712 937 1730 manu
962 1703 1178 1741 suprascripta:

236 1739 274 1767 al)
297 1750 327 1766 eo
350 1750 451 1777 nempe
468 1746 584 1778 potest,
609 1742 689 1779 qaod
703 1749 744 1770 est
762 1742 838 1770 rudo
858 1743 923 1780 dis,
947 1755 1022 1783 quae
1047 1745 1077 1773 in
1101 1746 1178 1773 Cam.

236 1786 265 1809 et
287 1782 316 1811 P.
333 1781 372 1808 ita
393 1781 545 1818 leguntur:
575 1784 615 1809 Et
633 1784 670 1810 ab
693 1796 723 1811 eo
750 1785 831 1812 verbo
850 1788 945 1814 venire
963 1793 1077 1825 potest,
1101 1786 1182 1826 quod

237 1828 279 1851 est
295 1822 371 1851 rudo
392 1822 458 1858 dis,
484 1834 558 1861 quae
579 1826 761 1862 apertissime
780 1827 1073 1866 interpretamentum
1088 1830 1180 1858 serius

238 1865 372 1893 additum
390 1865 531 1903 produnt.
581 1867 656 1894 Tum
680 1873 713 1894 ut
741 1873 783 1895 est
807 1879 838 1896 ex
862 1871 932 1900 Cod.
965 1877 1006 1899 est
1040 1872 1120 1900 deest
1149 1872 1180 1900 in

239 1908 320 1938 Cam.
345 1912 374 1935 et
394 1908 426 1935 P.
452 1924 486 1928 —
511 1911 538 1942 2)
564 1910 724 1947 Sic-spicari
745 1916 842 1948 potest
867 1913 946 1941 Cam.
969 1915 1000 1943 P.
1022 1914 1080 1943 Sed
1109 1914 1180 1943 Cod-

468 1956 506 1985 iti'r
518 1967 597 1991 potest

240 1991 301 2020 sic:
331 1993 484 2031 suspicari
526 1991 680 2029 aeneid083
704 2004 777 2031 quae
797 1997 1009 2035 suprascripta,
1038 2009 1053 2026 a
1079 1998 1183 2027 seriori

241 2044 331 2062 manu
354 2040 432 2063 sunt.
482 2034 628 2063 Nimirum
651 2036 787 2064 librarius
813 2037 874 2065 sive
902 2040 1070 2069 emendator
1097 2041 1182 2069 Codi-

243 2075 285 2104 cis
310 2087 371 2105 non
387 2076 553 2114 intelligens
569 2078 727 2106 formulam
745 2084 787 2106 est
801 2096 835 2099 —
855 2082 1007 2117 suspicari
1028 2083 1107 2111 varie
1130 2093 1183 2121 ag-

243 2128 357 2155 gressus
381 2124 424 2148 est
446 2120 546 2147 locum
570 2124 703 2157 mutare,
733 2121 810 2148 unde
834 2122 927 2149 omnis
950 2125 1102 2162 corruptio
1123 2125 1182 2153 hu-

243 2161 292 2188 ius
316 2160 375 2189 loci
397 2166 470 2190 orta.
496 2177 539 2182 —
566 2160 596 2200 3)
620 2162 697 2199 Virg.
726 2163 795 2190 Aen.
816 2163 871 2200 Ill,
902 2165 973 2195 561.
998 2175 1056 2203 seq.
1085 2183 1125 2188 —
1153 2169 1168 2195 4

247 2202 319 2231 Item
333 2203 403 2233 cod.
429 2204 506 2231 Cam.
524 2202 605 2231 Idem
626 2203 655 2233 P.
679 2205 754 2232 Tum
776 2206 853 2233 Cani.
875 2206 951 2233 libro
967 2213 1086 2244 quarto.
1111 2209 1182 2238 Cod.

248 2249 276 2272 et
288 2245 317 2274 P.
333 2245 384 2273 lib.
407 2246 475 2274 VII.
490 2246 540 2273 Est
556 2245 639 2274 loeus
657 2246 735 2284 Virg.
757 2247 827 2276 Aen.
846 2247 906 2284 VH,
932 2250 978 2279 15.
1000 2265 1041 2270 —
1063 2250 1182 2288 5)Virg.

250 2286 355 2325 Georg.
379 2287 435 2323 ΙΙΙ,
458 2290 527 2319 374.
557 2303 596 2311 -
626 2288 656 2325 6)
679 2288 733 2317 Vv.
752 2290 813 2316 nist
834 2300 853 2317 a
874 2289 951 2317 rudo
967 2290 1067 2318 addidi
1088 2301 1102 2318 e
1131 2293 1183 2320 Co-

251 2329 324 2357 dice.
348 2329 458 2358 Desunt
479 2330 509 2357 in
531 2329 608 2360 Cam.
625 2330 656 2358 P.
679 2346 720 2352 —-
747 2331 774 2369 7)
800 2332 833 2359 ln
853 2332 928 2359 libro
948 2331 971 2361 Ι.
993 2333 1023 2361 Ρ.
1050 2334 1080 2360 in
1108 2334 1182 2362 llbro

245 2373 346 2409 primo
368 2372 447 2401 Cam.
468 2388 510 2394 -—-
531 2373 560 2409 8)
583 2371 660 2411 Virg.
684 2373 752 2402 Aen.
771 2373 799 2410 I,
823 2376 872 2405 87.
895 2390 936 2396 —
969 2375 999 2412 9)
1026 2374 1122 2403 Cludo
1141 2377 1185 2404 vel

2035 1496 2075 1545 [2
2081 1496 2168 1546 ιη]

1222 1617 1332 1646 claudo
1358 1619 1428 1647 Cod.
1447 1617 1566 1647 Claude
1584 1616 1722 1655 claudis,
1745 1618 1793 1645 vel
1806 1615 1891 1646 clodo
1908 1615 1957 1645 dis
1974 1616 2051 1647 Cam.
2073 1617 2169 1646 Clazo-

1222 1660 1259 1688 do
1277 1661 1411 1698 claudis,
1436 1662 1481 1688 vel
1500 1659 1588 1689 cludo
1616 1660 1665 1689 dis
1684 1661 1715 1689 P.
1742 1677 1777 1681 —
1803 1660 1849 1696 10)
1874 1657 2066 1698 Corripiatur
2089 1660 2167 1688 Cam.

1222 1703 1252 1731 P.
1279 1704 1381 1731 Paullo
1408 1708 1476 1741 post
1507 1705 1613 1731 tertiae
1641 1708 1683 1730 est
1712 1704 1787 1732 cont.
1820 1702 1900 1732 Cam.
1919 1702 1949 1732 P.
1970 1702 2029 1730 Est
2050 1701 2168 1739 ignorat

1223 1745 1294 1773 Cod.
1325 1762 1365 1766 —-
1398 1745 1441 1784 ll)
1468 1745 1599 1783 Quando
1637 1756 1656 1772 α
1681 1744 1756 1772 cado
1786 1749 1877 1773 sunt:
1910 1744 1952 1772 sic
1978 1744 2049 1772 cod.
2079 1754 2093 1771 a
2119 1754 2167 1783 pr.

1221 1797 1328 1825 manu,
1351 1788 1500 1816 recentior
1524 1797 1642 1815 manus:
1673 1788 1701 1814 si
1720 1785 1840 1825 quaudo
1862 1786 2029 1824 composita
2048 1796 2068 1814 α
2090 1785 2167 1814 cado

1222 1835 1310 1865 sunt,
1333 1840 1382 1859 vv.
1403 1832 1432 1857 si
1446 1834 1474 1858 et
1493 1830 1659 1867 composita
1674 1828 1893 1867 suprascriptis.
1939 1827 2068 1864 Quando
2089 1839 2168 1856 com-

1217 1873 1322 1910 posita
1344 1883 1364 1900 a
1389 1871 1464 1900 cado
1489 1878 1560 1899 sunt
1583 1872 1661 1899 Cam.
1683 1871 1716 1901 P.
1739 1886 1781 1892 —
1813 1868 1856 1908 12)
1879 1871 1936 1898 Est
1955 1870 2069 1899 addunt
2087 1871 2167 1900 Cam.

1222 1915 1255 1943 Ρ.
1287 1930 1328 1936 ·-
1360 1914 1405 1951 13)
1436 1914 1491 1943 Vel
1511 1913 1575 1941 edis
1597 1913 1712 1941 addunt
1739 1913 1816 1941 Cam.
1846 1913 1876 1940 P.
1906 1913 1981 1940 Turn
2004 1913 2168 1942 anomalon

1223 1957 1264 1984 sit
1286 1957 1364 1986 Cam.
1388 1957 1417 1985 P.
1441 1956 1619 1984 anomalam
1642 1961 1700 1991 est,
1730 1959 1764 1982 ut
1788 1954 1938 1991 dedimus,
1962 1955 2034 1984 cod.
2059 1972 2097 1977 -
2122 1954 2167 1994 14)

1225 1999 1400 2027 Penultima
1432 2000 1595 2036 corripitur
1624 1998 1654 2026 P.
1682 1997 1885 2035 penultimam
1912 1999 2060 2036 corripuit
2088 1998 2168 2028 Cam.

1226 2045 1253 2069 et
1274 2041 1346 2070 Cod.
1371 2051 1386 2068 a
1409 2051 1469 2070 rec,
1492 2051 1568 2071 man.
1586 2040 1801 2078 penultimam
1827 2040 1964 2077 corripit
1987 2040 2056 2070 eod.
2082 2051 2098 2068 a
2120 2050 2167 2079 pr.

1226 2094 1263 2113 ni.
1291 2100 1326 2104 —
1361 2082 1405 2122 15)
1431 2084 1468 2111 Ut
1486 2082 1650 2121 interponit
1675 2083 1703 2110 P.
1730 2082 1818 2109 verba
1832 2081 2043 2120 procedentia,
2066 2081 2102 2110 id
2114 2087 2166 2120 est,

1226 2125 1345 2153 trucido
1366 2126 1443 2154 Cam.
1474 2142 1514 2147 —
1545 2125 1591 2163 16)
1613 2128 1645 2153 Λ
1665 2123 1800 2162 trepidus
1827 2123 1944 2162 trepido
1971 2124 2043 2153 cod.
2065 2135 2086 2152 α
2106 2130 2169 2153 tre-

1223 2167 1333 2206 pidus,
1357 2167 1467 2206 trepidi
1487 2172 1568 2197 recte
1581 2168 1658 2195 Cam.
1677 2168 1705 2195 P.
1732 2184 1767 2188 --
1794 2165 1836 2203 17)
1864 2166 2096 2206 Coniugatt'onis
2112 2167 2168 2196 ad-

1227 2210 1302 2239 dunt
1325 2211 1403 2239 Cam,
1429 2215 1457 2238 et
1478 2211 1508 2240 P.
1536 2226 1578 2232 —-
1606 2207 1651 2248 18)
1682 2208 1782 2237 Contio
1806 2208 1951 2236 distimulo
1979 2219 2045 2237 cum
2072 2209 2168 2247 glossa

1227 2258 1286 2280 tero
1308 2253 1379 2280 cod.
1398 2251 1498 2282 Condo
1517 2251 1611 2280 tundo
1633 2252 1663 2280 P.
1694 2250 1796 2279 Tando
1811 2261 1868 2281 om.
1884 2252 1963 2281 Cam.
1982 2252 2057 2280 Tum
2075 2250 2165 2279 mado

1225 2294 1406 2333 typographi
1436 2305 1536 2323 errore
1560 2295 1589 2324 P.
1615 2310 1654 2317 -
1686 2293 1728 2333 19)
1748 2295 1818 2322 Nisa·
1837 2299 1937 2321 tamem
1961 2294 2033 2322 cod.
2054 2294 2083 2321 P.
2103 2293 2166 2320 nisi

1227 2347 1295 2364 cum
1315 2338 1392 2365 Cam.
1416 2338 1490 2365 Tum
1521 2348 1575 2376 pro
1600 2335 1765 2373 eiusmodi,
1796 2335 1874 2374 quod
1905 2335 1975 2364 cod.
2005 2334 2122 2363 exhibet
2148 2345 2165 2362 a

1225 2389 1271 2417 pr.
1292 2388 1350 2416 m.‚
1375 2383 1543 2408 correctum
1564 2379 1596 2408 in
1611 2379 1712 2408 eodem
1733 2377 1918 2407 huiusmodi.
1940 2377 1997 2406 Sed
2018 2375 2165 2405 eiusmodi
