2263 2668
780 188 869 223 LIB.
894 187 938 221 11.
991 186 1134 221 SEGM.
1160 186 1187 220 Ι.
1901 187 1974 220 103

50 283 90 318 tri
110 294 190 316 vero
216 282 329 316 similis
356 283 418 316 erit
452 281 652 315 nominativo
686 286 718 315 et
751 283 922 317 vocativo:
955 281 1021 315 hoc
1055 291 1208 314 carmen.
1260 279 1437 314 vocativus
1469 281 1600 325 generis
1634 280 1739 313 omnis
1773 281 1883 314 similis
1915 281 1976 314 erit

46 335 264 368 nominativo:
301 346 320 368 o
345 334 531 375 sacerdo-5,
565 345 585 366 o
612 345 764 367 carmen.
824 333 999 367 Ablativus
1026 333 1059 365 in
1085 343 1209 377 genere
1235 333 1415 365 masculino
1442 333 1495 365 vel
1523 332 1699 374 feminino,
1734 336 1790 365 aut
1816 343 1835 365 e
1862 343 1975 366 corre-

45 382 136 431 ptam
163 386 408 427 terminabitur,
436 390 472 418 ut
499 384 545 417 ab
572 385 638 418 hoc
664 391 697 418 et
724 385 769 418 ab
797 386 866 418 hac
891 385 1094 425 sacerdote,
1121 388 1177 416 aut
1204 383 1232 423 i,
1260 387 1295 415 ut
1322 383 1367 416 ab
1394 384 1458 417 hoc
1485 388 1518 417 et
1544 383 1589 417 ab
1616 384 1686 417 hac
1715 384 1808 429 agili
1816 397 1827 423 ‚-
1852 383 1886 416 in
1911 395 1975 428 ge-

48 449 127 471 nere
153 443 269 471 neutro
294 448 425 481 semper
452 448 470 469 e
496 433 703 481 correpto²²,
737 442 773 470 ut
800 436 845 470 ab
873 437 938 469 hoe
966 436 1139 475 carmine,
1178 433 1224 467 ab
1251 434 1317 466 hoc
1341 446 1457 468 suave.
1516 435 1780 478 Nominativum‚
1815 435 1976 469 accusati-

46 501 124 522 vum
159 494 192 522 et
221 489 407 522 vocativum
441 488 586 532 plurales
622 489 753 533 generis
787 487 958 521 masculini
985 492 1017 520 et
1042 486 1189 519 feminini
1217 496 1252 518 es
1278 486 1442 529 producta
1469 487 1597 530 syllaba
1631 483 1848 520 terminabit²³
1880 486 1976 519 tertia

46 540 241 574 declinatio:
275 539 312 572 hi
337 544 370 572 et
396 539 482 580 hae,
515 539 577 572 hos
604 546 637 572 et
663 540 729 573 has
755 544 788 573 et
813 551 833 573 ο
858 539 1070 572 sacerdotes.
1128 537 1299 570 Interdum
1333 538 1552 570 accusativum
1588 534 1667 579 is²⁴,
1701 543 1737 571 ut
1764 538 1826 571 hos
1852 541 1883 570 et
1909 537 1977 571 has

46 591 164 637 agilis.
215 591 331 623 Neutri
355 602 435 623 vero
462 602 495 631 a,
524 596 559 623 ut
586 591 675 623 haec
702 596 735 623 et
760 602 779 624 o
805 586 1007 624 carminaffi.
1062 589 1252 622 Genitivum
1278 588 1311 620 in
1337 590 1426 621 omni
1448 601 1572 633 genere
1596 600 1672 622 um.-
1699 589 1823 622 horum
1850 593 1883 622 et
1909 589 1977 621 ha-

44 653 123 675 rum
147 641 388 683 sacerdotum,
416 642 540 675 horum
567 643 771 676 carminum.
823 643 980 675 Dativum
1008 646 1041 674 et
1067 641 1246 674 ablativum
1272 640 1306 672 iu
1334 640 1424 673 omni
1449 652 1572 685 genere
1598 640 1676 674 bus.-
1710 640 1764 673 his
1791 645 1823 674 et
1849 639 1896 673 ab
1923 640 1977 673 his

43 693 293 728 sacerdotibus.

207 761 240 794 8.
295 762 422 803 Quarta
449 761 628 795 declinatio
656 761 806 794 dativum
832 761 1035 806 singularem
1059 760 1190 804 generis
1211 759 1381 793 masculini
1404 764 1436 792 et
1458 759 1603 792 feminini
1627 758 1664 791 ui
1686 758 1843 803 separatis
1866 758 1977 800 faciet,

43 812 124 846 huic
148 810 333 854 senatuiffi,
361 813 442 846 huic
467 814 606 857 7111171111'5
633 809 771 846 neutri²⁷
797 825 819 845 u
846 813 933 845 sola:
960 812 1041 845 huic
1068 823 1192 853 cornu,
1219 811 1442 844 accusativum
1469 811 1598 855 generis
1623 810 1793 843 masculini
1820 814 1853 843 et
1878 810 1978 843 femi—

42 864 109 897 nini
135 876 208 897 wn:
240 864 332 898 hunc
361 869 539 906 senatum,
567 865 660 897 hanc
686 875 848 909 2712171111715
874 864 979 897 neutri
1006 875 1044 906 u,
1073 863 1139 895 hoc
1165 874 1280 896 cornu.
1343 863 1540 895 vocativum
1566 862 1597 894 in
1625 862 1714 894 omni
1740 873 1863 906 genere
1887 861 1976 893 simi—

41 914 110 949 lem
137 915 239 949 faciet
264 917 484 949 nominativo:
518 928 538 949 o
563 920 720 957 senatus,
748 927 768 948 o
794 927 936 957 memus,
963 926 982 948 o
1011 926 1126 948 cornu.
1179 914 1371 947 Ablativum
1399 925 1421 946 n
1447 913 1634 946 terminabit
1659 914 1692 945 in
1719 913 1809 945 omni
1845 912 1975 958 [1443]

42 978 183 1012 genere:
211 966 257 1000 ab
284 967 350 1000 hoc
374 971 516 1009 senatu,
544 967 590 1000 ab
621 967 691 999 hac
716 979 841 1008 manu,
875 967 921 1000 ab
956 967 1021 999 hoc
1060 977 1176 998 cornu.
1235 966 1495 1005 Nominutivum,
1530 965 1751 998 accusativum
1785 969 1819 996 et
1850 964 1978 997 vocati-

41 1029 120 1051 vum
152 1018 300 1062 plurales
332 1019 364 1051 in
390 1031 513 1064 genere
539 1019 722 1052 masculino
750 1024 782 1051 et
809 1018 967 1052 feminino
993 1029 1034 1050 us
1060 1018 1189 1061 syllaba
1214 1018 1418 1060 terminabit,
1454 1024 1488 1049 ut
1523 1016 1559 1048 1ιὶ
1586 1021 1618 1048 et
1644 1015 1729 1056 hae,
1764 1015 1826 1048 hos
1853 1021 1885 1047 et
1912 1015 1978 1047 has

45 1074 78 1102 et
104 1080 124 1102 o
149 1074 305 1110 senatus,
332 1081 476 1107 mm1us;
501 1070 607 1103 neutri
633 1081 714 1102 vero
743 1081 784 1103 a:
810 1070 917 1111 haec,
944 1081 964 1102 ο
991 1079 1132 1103 cornua.
1193 1069 1383 1101 Genitivum
1414 1068 1446 1100 in
1476 1067 1566 1099 omui
1595 1078 1719 1111 genere
1745 1078 1823 1105 um,
1852 1066 1977 1099 horum

41 1124 239 1161 senatuum,
267 1121 395 1154 harum
421 1117 637 1162 mammmffi,
664 1121 789 1154 horum
815 1132 991 1156 cornuam.
1042 1120 1216 1161 Dativum,
1243 1126 1275 1153 et
1298 1120 1479 1153 ablativum
1500 1119 1532 1152 in
1558 1119 1648 1150 omui
1667 1129 1807 1163 genere,
1836 1117 1917 1159 bus,
1942 1123 1977 1150 ut

43 1171 90 1205 ab
117 1171 172 1205 his
196 1171 392 1214 senatibus,
419 1172 597 1214 manibus,
625 1172 794 1206 cornibus.

204 1239 238 1273 9.
291 1240 434 1282 Quintae
461 1241 690 1275 declinationis
721 1241 847 1274 dativus
874 1240 1047 1286 singularis
1074 1240 1184 1274 similis
1213 1240 1274 1273 erit
1299 1239 1464 1285 genitivo,
1500 1238 1532 1272 ei
1557 1237 1731 1282 separatiS,
1767 1240 1822 1269 aut
1847 1236 1977 1280 produ-

41 1295 96 1325 cto
122 1295 178 1323 aut
205 1297 361 1336 correpto
390 1304 409 1325 e
435 1298 510 1326 ante
537 1293 566 1326 i.-
593 1293 674 1326 haic
699 1294 828 1338 speciei
837 1319 845 1335 ,
872 1292 953 1326 huic
978 1292 1041 1325 rei.
1092 1292 1307 1325 Accusativus
1335 1302 1408 1332 em,
1436 1290 1529 1323 hanc
1553 1285 1746 1334 speciem²⁹.
1799 1287 1977 1321 Vocativus

40 1341 152 1376 similis
179 1343 240 1375 erit
264 1345 485 1377 nominativo:
513 1355 533 1378 o
558 1345 700 1389 species.
752 1344 927 1378 Ablativus
953 1355 972 1377 e
997 1342 1181 1388 producto:
1208 1342 1254 1375 ab
1282 1343 1352 1376 hac
1375 1342 1500 1387 specie.
1552 1341 1653 1374 Unde
1676 1340 1751 1373 dies
1776 1351 1900 1384 genere
1925 1339 1978 1372 fe-

39 1393 162 1426 minino
190 1394 388 1428 declinanda
416 1402 481 1437 est,
508 1397 667 1439 quoniam
698 1396 826 1430 nullum
854 1407 976 1428 nomeu
1001 1394 1158 1428 Latinum
1180 1394 1342 1427 invenitur
1363 1394 1494 1439 generis
1521 1392 1710 1434 masculini,
1741 1391 1884 1424 ablativo
1911 1391 1977 1423 sin-

39 1445 148 1489 gulari
174 1456 193 1478 e
218 1447 386 1490 producto
419 1448 637 1483 terminatum.
695 1448 941 1488 Nominativus,
976 1447 1198 1488 accusativus,
1231 1446 1397 1490 plurales,
1432 1444 1553 1478 similes
1588 1448 1682 1477 erunt
1717 1442 1917 1475 nominativo
1946 1446 1978 1474 et

39 1493 224 1530 vocativo³⁰
249 1498 427 1543 singulari,
455 1504 488 1532 et
515 1510 552 1532 es
578 1500 856 1533 terminabuntur:
883 1499 970 1540 hae,
998 1498 1083 1539 has,
1111 1509 1130 1531 o
1157 1498 1292 1543 species
1302 1493 1336 1529 ³¹.
1390 1496 1562 1529 Genitivus
1587 1495 1814 1527 indifferenter
1840 1498 1872 1526 et
1897 1504 1976 1525 rum

41 1553 76 1580 et
98 1559 156 1580 um
184 1546 378 1594 accipiet³2,
405 1556 440 1584 ut
464 1551 594 1584 harum
618 1551 833 1596 specierum,
866 1551 921 1584 vel
947 1550 1130 1595 specieum.
1191 1549 1328 1582 Dativus
1355 1552 1387 1581 et
1413 1547 1574 1580 ablativus
1605 1546 1688 1587 bus,
1715 1546 1769 1579 his
1795 1550 1829 1578 et
1850 1543 1896 1578 ab
1924 1544 1978 1577 his

39 1599 227 1644 speciebus.

204 1667 261 1700 10.
310 1668 424 1714 Ergo,
459 1670 616 1713 quoniam
654 1670 800 1715 genitivo
835 1669 996 1714 singulari
1025 1674 1159 1714 reperto
1187 1668 1346 1701 facillime
1378 1666 1524 1699 omnium
1556 1665 1812 1699 declinationum
1843 1664 1977 1696 nomina

39 1717 265 1760 declinantur,
291 1720 483 1754 docendum
509 1728 571 1762 est,
599 1723 705 1765 qualis
730 1722 949 1755 nominativus
972 1722 1105 1765 qualem
1133 1716 1267 1752 faciat³³
1293 1718 1483 1762 genitivum.
1536 1718 1733 1750 Tractemus
1754 1716 1855 1760 igitur
1883 1711 1978 1759 per³⁴

39 1769 184 1814 singulas
214 1771 355 1812 litteras,
393 1773 447 1805 vel
478 1773 621 1817 syllabas
654 1774 893 1806 nominativum
925 1774 1147 1817 singularem,
1183 1781 1222 1802 ex
1249 1781 1317 1812 quo
1349 1769 1511 1814 genitivus
1539 1768 1700 1811 trahitur,
1739 1778 1806 1810 quo
1840 1766 1978 1811 cognito

39 1821 207 1866 utriusque
233 1823 362 1856 numeri
387 1835 479 1857 casus
509 1824 669 1859 facillime
700 1821 997 1859 declinabuntur³⁵.
1050 1823 1119 1856 Sed
1147 1826 1221 1854 ante
1251 1820 1294 1853 de
1320 1821 1524 1853 nominativo
1547 1821 1694 1863 quinque
1717 1818 1978 1853 declinationum

40 1928 82 1934 —
95 1915 136 1946 13)
155 1913 240 1942 Cod.:
262 1921 287 1942 et
302 1913 321 1943 Ῐι
335 1914 506 1956 oft-axini,·
529 1917 580 1945 sed
597 1917 694 1946 littera
710 1917 728 1945 Ῐι
746 1917 877 1945 inducta.
922 1918 988 1945 Hae
1030 1914 1097 1943 huic
1111 1925 1169 1942 sen.
1187 1913 1251 1943 Asc.
1268 1913 1298 1942 P.
1316 1929 1356 1933 —
1400 1911 1449 1951 27)
1465 1911 1570 1941 Neam·
1591 1922 1678 1941 vero
1701 1911 1855 1950 generis
1877 1922 1896 1938 u
1914 1908 1979 1938 sola

39 1962 65 1984 et
84 1965 100 1983 ο
114 1953 235 1994 fraxini
250 1957 314 1984 Asc.
331 1958 361 1986 P.
377 1973 420 1979 -—·
452 1956 496 1996 19)
516 1958 630 1988 Horum
646 1961 862 1998 magistrorum,
884 1958 987 1986 harum
1029 1957 1097 1985 Asc.
1112 1956 1141 1985 P.
1160 1955 1214 1984 Vv.
1231 1966 1295 1983 vero
1310 1956 1421 1993 generis
1435 1965 1491 1984 om.
1513 1955 1584 1983 Cod.
1600 1971 1641 1975 —
1674 1957 1719 1989 28)
1738 1952 1864 1983 Manum
1882 1962 1918 1980 ex
1934 1962 1979 1980 er-

36 1996 232 2039 fraxinorum
249 1999 312 2027 Asc.
330 1999 360 2028 P.
399 2000 500 2028 Priora
524 2001 582 2030 duo
605 2012 657 2031 vv.
683 2002 790 2030 absunt
814 2013 830 2029 a
850 2001 920 2029 Cod.
947 2015 986 2020 —-
1028 2008 1096 2028 rore
1117 1996 1297 2037 typographi
1320 1997 1409 2025 habet
1431 1997 1462 2026 P.
1488 1998 1623 2026 Ceterum
1641 1996 1705 2025 Asc.
1725 1995 1824 2035 paullo
1841 1999 1924 2023 ante:
1947 1995 1979 2022 in

39 2039 85 2077 20)
102 2039 155 2068 Vv.
170 2046 195 2066 et
206 2038 382 2078 femininiin
394 2043 465 2073 Cod.
476 2053 566 2082 supra
577 2045 689 2083 scripta
704 2049 784 2072 sunt.
795 2059 835 2065 —
858 2042 907 2080 21)
917 2042 988 2069 For-
1030 2042 1114 2070 omni
1126 2052 1227 2080 genere
1243 2050 1331 2068 uum.
1354 2056 1396 2063 —
1438 2038 1485 2080 29)
1506 2040 1562 2068 Hic
1584 2039 1735 2068 adduntur
1754 2047 1803 2066 vv.
1823 2036 1901 2066 hanc
1921 2047 1978 2064 rem

38 2086 116 2110 tasse
133 2081 218 2109 etiam
236 2081 264 2110 h.
282 2082 302 2110 l.
318 2084 523 2123 scribendum,
546 2091 581 2115 ut
600 2097 705 2126 supra:
730 2098 744 2114 e
768 2092 909 2123 correpto.
954 2083 987 2111 ln
1029 2084 1060 2111 in
1075 2083 1140 2111 Asc.
1156 2089 1184 2111 et
1202 2083 1232 2111 P.
1250 2098 1292 2104 —-
1334 2083 1381 2120 30)
1401 2082 1455 2112 Vv.
1477 2089 1503 2110 et
1517 2083 1651 2111 vocativo
1669 2081 1700 2109 in
1718 2080 1789 2109 eod.
1806 2089 1897 2119 supra
1910 2088 1977 2107 ver-

40 2124 111 2153 cod.
128 2133 188 2151 non
212 2123 282 2151 satis
300 2124 426 2154 discerni
444 2133 570 2166 poterat,
593 2146 634 2150 —
677 2126 724 2168 22)
750 2127 894 2165 Sempere
914 2137 985 2154 cor-
1029 2136 1094 2154 sum
1119 2126 1268 2163 leguntur.
1301 2141 1343 2145 —
1390 2121 1437 2164 31)
1461 2123 1546 2161 Hae,
1570 2124 1641 2161 has,
1671 2134 1688 2152 ο
1716 2123 1831 2162 species.
1876 2121 1924 2149 Sic
1947 2121 1977 2149 P.

39 2174 130 2207 repto.
173 2165 227 2194 His
244 2165 358 2195 addunt
374 2169 441 2197 Asc.
457 2170 488 2198 P.
506 2172 691 2207 terminatur,
715 2170 794 2207 quod
810 2173 889 2197 recte
904 2168 986 2196 abest
1027 2169 1094 2198 Asc.
1124 2168 1156 2196 ln
1174 2168 1243 2196 cod.
1263 2166 1317 2195 hae
1331 2177 1418 2195 ecas
1441 2178 1455 2195 e
1479 2177 1496 2195 o
1513 2178 1562 2206 sp,
1580 2165 1651 2207 (sic)
1667 2166 1747 2204 quod
1764 2166 1889 2193 sortasse
1906 2163 1976 2192 erit:

858 2225 890 2245 vit
1027 2210 1082 2239 hae
1094 2218 1119 2239 et
1133 2210 1187 2239 has
1203 2217 1229 2238 et
1246 2220 1263 2238 ο
1285 2221 1328 2248 sp.
1372 2209 1427 2237 Sed
1445 2214 1612 2238 correctum
1628 2209 1662 2237 ab
1679 2208 1779 2237 eadem
1795 2217 1898 2235 manu:
1922 2204 1975 2233 has

39 2261 55 2279 a
69 2250 142 2279 Cod.
158 2266 201 2271 —
244 2248 290 2288 23)
314 2251 500 2285 Terminabir.
534 2253 577 2281 Ita
597 2253 660 2281 Asc.
677 2253 707 2281 Ρ.
729 2253 898 2281 terminatur
913 2251 984 2280 Cod.
1027 2264 1043 2282 ο
1059 2253 1173 2292 species.
1188 2269 1228 2274 —
1271 2254 1318 2287 32)
1343 2251 1413 2282 Cod.
1431 2252 1553 2280 vitiose:
1567 2252 1735 2291 accipient.
1755 2266 1793 2272 —-
1838 2252 1882 2281 33)
1902 2246 1973 2275 COd-

39 2294 147 2332 Saepe,
171 2297 203 2320 ut
226 2292 373 2329 vidimus,
394 2305 411 2321 v
429 2300 458 2323 et
478 2295 495 2323 b
517 2294 743 2325 confunduntur
765 2296 794 2323 in
814 2294 928 2325 Codice.
942 2309 986 2317 —-
1027 2300 1180 2335 corrupte:
1196 2293 1317 2336 faciet.
1331 2310 1374 2315 —·
1415 2295 1462 2331 34)
1478 2293 1532 2322 Per
1550 2294 1629 2323 inter
1646 2303 1749 2323 versus
1765 2291 1927 2330 ascriptum
1944 2288 1974 2315 in

38 2334 87 2375 24)
110 2335 322 2364 Accusativus
345 2336 370 2363 is
393 2335 424 2367 P.
447 2340 531 2367 acffis
547 2349 578 2366 os
592 2339 616 2365 is
633 2337 698 2366 Asc.
721 2338 931 2366 accusativum
954 2339 985 2366 is
1484 2351 1514 2371 bu

40 2377 109 2406 Cod-
132 2378 162 2405 id
181 2377 261 2415 quod
283 2377 426 2405 dedimus·
447 2395 488 2400 —
530 2379 575 2418 25)
605 2378 642 2407 Ut
666 2379 735 2409 haec
758 2387 783 2408 et
803 2391 819 2408 ο
843 2381 983 2410 carmina.
1028 2380 1098 2411 cod.
1120 2397 1161 2401 —
1203 2381 1249 2418 35)
1273 2379 1344 2408 Cod.
1369 2377 1553 2409 declinantur
1574 2377 1657 2418 (sic).
1689 2393 1730 2398 —

39 2419 84 2463 Ita
97 2420 169 2449 cod.
215 2419 270 2450 Vv.
288 2427 313 2448 et
337 2431 353 2449 ο
373 2419 516 2450 omittunt
536 2422 601 2453 Asc.
619 2422 650 2450 P.
665 2438 707 2444 -—
749 2420 794 2462 26)
819 2420 925 2458 Facit,
947 2429 986 2451 ut
