2263 2668
740 130 968 165 EXEMPLA
993 129 1357 165 ELOCUTIONUM.
1952 135 2026 172 231

186 222 333 267 Imperio
359 221 515 267 Pompeii
524 218 565 255 ²⁴2
595 220 781 257 Putatisne
810 235 871 258 vos
902 224 957 258 his
989 223 1093 257 rebus
1116 222 1192 269 frui
1222 235 1343 269 posse,
1376 225 1443 259 nisi
1475 237 1533 260 eos
1565 227 1624 273 qui
1651 226 1786 272 fructui
1815 228 1912 263 vobis
1945 234 2023 265 sunt

187 271 501 307 conservaveritis?

83 324 231 359 Functus
257 325 315 358 illa
340 337 386 358 re.
412 325 547 359 Terent.
575 322 776 370 A‹lelph.²⁵:
802 326 851 360 Et
876 330 935 359 tuo
961 325 1080 372 officio
1099 325 1219 371 fiteris
1234 326 1391 373 functus.
1442 327 1589 363 Functus
1614 328 1708 364 illam
1732 342 1814 365 rem.
1845 332 1942 366 Idem
1963 344 2020 366 ea—

187 377 266 409 dem
276 372 318 409 ²⁶:
345 376 468 421 Neque
493 375 650 409 liberalis
665 377 815 422 functus
841 381 891 411 est
917 377 1075 423 officium
1102 378 1176 411 viri.

84 426 203 461 Frater
227 428 325 460 illius.
360 428 454 472 Vin-g.
484 428 566 460 Aen.
589 423 682 461 V.²⁷:
722 429 832 470 Tuus,
867 440 887 462 o
914 429 1125 472 clarissime,
1150 428 1295 475 frater,
1322 428 1503 463 Pandare.

185 475 294 511 1V.2³:
321 478 390 525 Qui
416 479 517 511 uxori
544 478 616 511 eius
627 477 754 523 frater
781 484 867 514 erat.

83 529 175 563 Fluit
200 530 256 563 illa
281 541 343 562 res.
370 530 465 574 Virg.
491 530 574 562 Aen.
603 527 740 564 vl11.²⁹:
763 531 858 565 Fluit
884 542 946 565 aes
970 531 1055 565 rivis
1081 531 1228 576 aurique
1253 532 1444 565 metallum.
1497 532 1588 567 Fluit
1612 533 1670 567 illa
1690 545 1737 570 re.
1767 534 1863 568 Idem
1891 536 2019 581 Geor-g.

185 578 277 613 11.³⁰:
302 580 419 625 Atque
444 592 534 614 auro
548 581 708 626 plurima
721 582 843 629 fluxit.

82 631 160 666 Flet
184 631 269 664 illud
294 635 433 676 tempus.
470 633 564 677 Virg.
592 633 721 679 Georg.
747 631 874 670 111{‚³¹:
905 633 955 666 At
986 633 1050 666 illa
1083 633 1162 666 Fiet
1191 637 1335 667 noctem.
1379 633 1505 666 Volunt
1536 636 1636 679 aliqui
1658 634 1730 681 flet
1764 641 1898 670 noctem
1928 638 2020 680 quasi

183 694 291 728 usque
317 683 367 716 ad
392 687 526 716 noctem
553 685 714 730 intelligi3
748 698 824 720 cum
850 685 1000 718 videatur
1033 686 1148 718 melius
1159 681 1184 701 ³²
1210 686 1302 728 quod
1334 690 1467 718 noctem
1500 697 1633 730 quoque
1666 692 1770 720 totam
1797 688 1909 721 flendo
1937 700 2019 722 con-

181 738 298 769 sumat.
326 734 373 767 Ut
398 735 487 768 idem
513 736 546 768 in
574 737 712 770 eodem:
747 737 889 783 Septem
914 737 1011 769 illum
1038 740 1125 770 totos
1145 736 1334 782 perhibent
1361 748 1404 770 ex
1429 737 1552 771 ordine
1577 749 1709 772 menses
1735 739 1840 784 Rupe
1865 739 1929 773 sub
1956 751 2020 773 ae·

180 786 238 818 ria
258 786 389 819 deserti
415 787 466 820 ad
493 787 689 831 Strymonis
713 789 846 822 undam
873 788 1036 821 Flevisse.

79 836 244 870 Furorem
271 837 358 870 furit.
387 838 481 883 Virg.
503 841 586 872 Aen.
603 836 728 873 X11.³³:
754 841 859 874 Hunc
884 851 945 872 oro
970 840 1044 873 sine
1070 850 1126 872 me
1148 837 1272 883 farere
1298 843 1379 872 ante
1395 838 1572 884 secrorem.
1910 838 2015 888 [518]

79 887 243 921 Futurum
275 889 323 921 illi
353 889 486 922 exitium
518 895 575 923 est.
628 891 721 936 Virg.
748 893 832 925 Aen.
862 887 951 924 11.³³:
1009 891 1095 924 Tum
1129 902 1302 936 magnum
1336 892 1495 931 exitium,
1529 891 1621 935 qaeiod
1647 892 1709 925 Dii
1730 892 1833 937 prius
1859 903 1957 926 omen
1984 894 2018 929 in

180 940 294 984 ipsum
325 939 537 974 Convertant
562 942 701 976 Priami
733 943 879 988 imperio
910 942 1182 987 Phrygibusque
1212 942 1381 986 ficturum.
1433 943 1578 975 Futurus
1610 944 1707 976 exitio
1745 944 1802 976 ille
1834 944 1893 976 illi.
1922 943 2018 976 Idem

178 992 263 1025 Aen.
288 991 346 1024 IX.
356 988 396 1024 35:
421 992 545 1026 Multis
570 997 687 1027 tamen
713 998 794 1028 ante
809 994 930 1041 futuri
955 994 1084 1027 Exitio.
1112 994 1270 1027 Similiter
1296 994 1366 1028 Cic.
1392 1005 1455 1039 pro
1477 991 1659 1038 Ligario³⁶2
1686 994 1802 1028 Saluti
1824 995 1889 1028 civi
1916 995 2018 1028 cala-

180 1043 303 1076 mitoso
329 1054 402 1076 esse
426 1044 600 1077 vellemus.

76 1091 195 1126 Fretus
221 1093 288 1128 hac
315 1106 361 1127 re.
392 1094 486 1139 Virg.
512 1096 597 1131 Aen.
612 1091 712 1129 lx.³⁷:
738 1095 837 1131 Freti
862 1097 981 1132 armis.
1009 1096 1130 1130 salust.
1156 1092 1361 1142 Iugurth.³⁸:
1386 1096 1437 1130 Et
1463 1097 1674 1130 amicitiaP.
1691 1097 1735 1130 R.
1766 1097 1886 1142 magis
1911 1107 2017 1142 quam

177 1143 343 1178 Numidis
380 1150 485 1179 retus.

76 1194 212 1228 Festino
238 1196 331 1230 illud.
360 1145 452 1242 (sug.
480 1198 563 1231 Aen.
590 1194 699 1231 IV.³⁹:
725 1198 907 1233 Festinare
921 1198 1072 1245 fingam.
1099 1198 1219 1232 Salust.
1246 1199 1330 1232 Hist.
1353 1199 1397 1232 1.:
1423 1198 1680 1245 Profectionem
1695 1199 1914 1244 jestinanles.

75 1246 178 1280 Filius
203 1247 347 1281 familiae
372 1249 426 1281 vel
452 1254 556 1283 mater
578 1246 766 1283 familiae⁴⁰.

73 1297 179 1331 Filius
205 1298 405 1332 familiarum
433 1305 465 1333 et
490 1307 597 1334 mater
622 1298 862 1334 familiarum⁴¹¹.
902 1301 972 1335 Cic.
998 1301 1042 1335 de
1068 1301 1228 1334 Praetura
1250 1303 1394 1335 urbana:
1431 1302 1550 1349 Quam
1576 1301 1693 1335 multis
1718 1302 1820 1335 isium
1846 1299 2015 1334 matribus

161 1349 393 1396 familiarum
419 1353 573 1386 attulisse
598 1351 830 1387 existimatis?
862 1353 973 1386 Mater
994 1353 1147 1386 familias.
1182 1353 1250 1387 Cic.
1278 1366 1341 1399 pro
1369 1354 1504 1388 Coelio:
1538 1353 1580 1388 Si·
1604 1357 1752 1387 mairem
1767 1353 1935 1398 ficmilias
1960 1363 2013 1386 se-

174 1412 235 1434 cus
260 1414 367 1447 quam
392 1407 635 1437 matronarum
659 1406 829 1438 sanctitas
852 1405 1010 1450 postulat
1034 1406 1263 1439 nominamus.

71 1450 156 1485 Fine
181 1452 265 1487 illius
286 1455 345 1488 rei.
374 1454 493 1489 Salust.
516 1456 602 1492 Hist.
620 1457 679 1490 111.
689 1452 730 1490 ⁴¹³:
760 1456 846 1490 Fine
869 1457 1053 1502 inguinum
1076 1458 1326 1503 ingrediuntur
1350 1468 1461 1493 mare.

1558 430 1675 465 Frater
1699 432 1757 466 illi.
1791 432 1909 467 Salust.
1936 434 2020 469 Hist.

1064 1582 1132 1604 tant
1154 1576 1262 1605 desunt
1285 1576 1316 1604 in
1339 1575 1410 1605 Cod.
1431 1575 1465 1604 A.
1489 1573 1527 1604 M.
1554 1589 1595 1594 —
1621 1571 1667 1612 35)
1691 1572 1772 1601 Idem
1805 1570 1914 1602 VIIII.
1939 1571 2009 1604 315.

69 1569 146 1599 Am·
169 1571 204 1599 V-
227 1571 299 1604 495.
327 1572 363 1603 Α.
386 1573 423 1604 Μ.
447 1574 509 1603 Vos
530 1586 546 1603 ο
567 1576 735 1604 clarissime
749 1577 856 1614 fimet·
882 1574 1021 1605 Pandare

1063 1619 1097 1647 A.
1123 1620 1161 1648 M.
1189 1635 1231 1641 —-
1265 1619 1312 1654 36)
1342 1618 1488 1646 Similiter
1516 1615 1617 1643 addidi
1648 1625 1663 1643 e
1691 1616 1761 1644 Cod.
1787 1616 1842 1645 Gu.
1866 1616 1928 1644 Cle.
1949 1625 2009 1652 pro

70 1613 143 1641 Cod.
164 1613 221 1642 Gu.
246 1631 285 1636 —
308 1615 353 1654 28)
377 1617 438 1644 Sal.
454 1618 538 1646 Hist.
559 1619 595 1647 Is.
612 1620 646 1647 A.
662 1619 701 1649 Μ.
726 1620 842 1648 Sala-st.
863 1620 943 1647 [list.
962 1619 1018 1649 [γ’.

69 1655 143 1684 cod.
168 1656 224 1687 Gu.
251 1659 303 1686 Et
328 1668 376 1687 ux.
399 1659 493 1697 prima
513 1671 590 1691 man.
613 1662 683 1692 cod.
704 1663 738 1691 A.
763 1662 814 1698 M.;
838 1661 927 1690 altera
955 1663 1018 1699 qui,

67 1697 150 1736 quod
179 1698 323 1730 dedimus.
350 1701 441 1739 Quod
463 1705 551 1731 uxori
585 1704 656 1734 eod.
684 1705 742 1736 Gu.
775 1720 818 1726 --
856 1704 904 1742 29)
930 1705 1016 1742 Virg.

66 1739 142 1769 Aen·
167 1740 254 1770 VIII·
277 1742 347 1774 445.
366 1744 399 1772 Α.
423 1744 462 1775 Μ.
483 1744 568 1774 Fluit
587 1748 736 1775 aestivis
758 1748 889 1784 aurique
912 1747 1017 1774 metul-

67 1782 132 1810 lam
158 1783 228 1814 Cod.
248 1785 304 1813 Gu.
323 1787 453 1814 metallis
472 1788 534 1816 cod
559 1787 594 1818 A.
611 1789 650 1818 M.
665 1804 707 1811 -—
728 1788 774 1828 30)
802 1790 884 1818 Idem
906 1790 1016 1827 Georg,

69 1826 110 1853 ΙΙ.
136 1827 206 1857 166.
238 1827 272 1858 Α.
290 1827 330 1856 Μ.
355 1845 396 1850 —-
424 1830 472 1866 31)
496 1829 577 1859 Idem
613 1834 670 1861 HJ.
691 1834 763 1863 514.
791 1833 825 1861 A.
853 1832 890 1862 M.
925 1832 1014 1869 Vng.

69 1866 177 1905 Georg.
200 1868 262 1898 IV.
286 1869 358 1900 Cod.
384 1872 438 1902 Gu.
453 1873 551 1903 Recte.
572 1890 615 1896 —-
631 1874 814 1911 32)11aC0d.
829 1875 884 1903 Gu.
899 1873 1013 1902 InCod.

65 1908 102 1939 A.
122 1908 161 1938 Μ.
182 1909 266 1939 locus
282 1911 322 1940 ita
338 1912 511 1944 exhibetur:
537 1916 614 1944 Cum
637 1916 778 1945 videatur
798 1918 906 1945 melius
920 1927 1013 1954 qaam

66 1956 179 1979 noctem
192 1962 310 1990 quoque
329 1959 433 1986 totam.
455 1957 515 1986 Iam
535 1964 700 1997 sequuntur
721 1964 861 1997 tanquam
883 1959 914 1986 in
935 1968 1011 1986 nova

65 1993 254 2032 eloquulione
276 1996 388 2025 Flendo
410 2007 576 2030 cons-amat.
615 2001 652 2029 Ut
676 2001 755 2029 idem
778 2006 832 2030 cet.
867 2000 1009 2038 Apertum

65 2041 121 2073 est,
143 2036 219 2064 male
240 2036 409 2067 distinctam
431 2051 492 2069 esse
507 2045 667 2071 orationem
683 2044 713 2072 in
731 2044 802 2074 Cod.
818 2044 851 2073 A.
865 2042 911 2078 M„
930 2052 1009 2079 qua-

63 2083 188 2118 propior
215 2089 276 2107 non
301 2080 503 2112 dubitavimus
535 2085 616 2123 sequi
650 2087 720 2114 Cod.
745 2087 801 2113 Gu.
834 2084 884 2113 ubi
910 2083 1009 2111 omnia

64 2121 176 2160 optimc
199 2120 365 2159 cohaerent.
388 2125 536 2154 Sententia
558 2127 636 2155 enim
660 2134 717 2156 est:
740 2129 816 2155 Sunt
837 2125 887 2164 qui
909 2126 1009 2164 expli-

63 2168 132 2192 cent
155 2174 249 2202 usque
268 2163 312 2191 acl
329 2171 460 2202 noctem,-
484 2178 575 2206 quum
599 2174 695 2198 tamen
715 2169 809 2209 (lieet)
833 2167 936 2196 melius
960 2167 1008 2195 vi-

62 2205 168 2235 deatur
190 2206 264 2234 illud
281 2206 323 2234 sic
340 2207 481 2246 intelligi,
505 2215 537 2239 ut
556 2216 673 2240 noctem
697 2216 788 2239 totam
816 2210 916 2238 ssendo
937 2220 1008 2238 con-

60 2253 166 2276 sumat.
190 2248 291 2277 Oratio
317 2250 507 2280 Grammatici
523 2253 717 2281 semibarbara
735 2253 944 2282 obscuritatem
959 2252 1007 2280 in-

60 2291 155 2320 vexit.
184 2289 221 2319 In.
242 2290 341 2318 eodem
364 2294 434 2322 507.
461 2293 495 2321 Α.
521 2294 558 2324 Μ.
590 2296 754 2323 Prohibent
782 2295 853 2325 Cod.
884 2296 940 2322 Gu.
967 2311 1002 2318 -—

60 2331 110 2373 33)
133 2332 212 2361 Idem
232 2333 307 2361 Aea.
330 2334 403 2362 XII.
426 2337 496 2367 680.
519 2335 557 2366 A.
580 2337 618 2365 M.
641 2353 683 2358 —
701 2339 746 2372 34)
770 2335 852 2366 Idem
871 2339 909 2367 ΙΙ.
935 2339 1003 2369 190.

61 2374 97 2405 Δ.
116 2375 155 2408 Μ.
171 2376 265 2406 Verba
281 2376 363 2415 qaod
383 2378 442 2405 Dii
462 2380 554 2416 prius
576 2389 659 2407 omen
686 2381 720 2408 ιίι
748 2381 849 2419 ipsam
879 2390 1005 2409 conver-

1062 1663 1135 1700 Lig.
1156 1662 1184 1693 5.
1206 1662 1239 1689 A.
1260 1661 1299 1688 M.
1325 1677 1364 1681 —-
1394 1662 1438 1693 37)
1465 1659 1551 1696 Virg.
1571 1657 1671 1686 VIIII.
1696 1660 1765 1689 676.
1784 1658 1818 1686 A.
1838 1658 1875 1685 M.
1898 1672 1939 1678 —-
1960 1655 2007 1694 33)

1062 1705 1124 1731 Sal.
1152 1705 1219 1742 lug.
1245 1705 1295 1733 23.
1319 1702 1353 1730 Α.
1374 1701 1410 1729 Μ.
1436 1701 1504 1739 Cap.
1532 1703 1582 1732 20.
1603 1700 1670 1730 edd.
1688 1700 1768 1728 Corl.
1794 1699 1872 1729 Gerl.
1903 1697 2007 1737 —39)

1065 1747 1152 1784 Virg.
1175 1746 1253 1774 Aen.
1276 1746 1351 1772 IIII.
1373 1743 1444 1775 575.
1468 1744 1502 1772 A.
1522 1742 1561 1772 M.
1585 1741 1755 1769 Festinace
1778 1741 1850 1770 Cod.
1874 1741 1929 1769 Gu.
1951 1741 2006 1768 Sa·-

1059 1788 1126 1816 lust.
1146 1788 1217 1816 Hist.
1235 1786 1378 1823 Fragmm.
1394 1785 1524 1814 nondum
1539 1793 1680 1812 accensus
1696 1784 1789 1814 locus.
1811 1800 1853 1805 ·-—-
1866 1781 1915 1823 40)
1926 1783 2005 1811 Haec

1059 1831 1165 1859 desunt
1187 1829 1272 1867 plane
1295 1828 1375 1866 apud
1397 1828 1429 1858 A.
1449 1828 1487 1856 Μ.
1511 1828 1545 1855 In
1567 1826 1637 1854 Cod.
1660 1831 1758 1854 autom
1783 1826 1838 1855 Gu.
1863 1825 2004 1863 leguntur

1057 1877 1125 1900 unte
1140 1870 1360 1909 eloquulionem
1372 1871 1501 1906 Festino,
1525 1868 1604 1907 quod
1618 1879 1679 1897 non
1696 1868 1847 1907 probabile
1865 1873 1918 1905 est,
1934 1867 2002 1906 quia

1055 1915 1142 1943 Arus.
1160 1913 1271 1941 messus
1288 1913 1398 1941 similes
1417 1913 1598 1941 elocutiones
1619 1911 1796 1949 coniungere
1818 1911 1900 1939 solet.
1933 1911 2001 1946 Quo

1055 1966 1125 1985 casu
1146 1955 1279 1993 exempla
1304 1956 1410 1983 omissa
1436 1955 1513 1992 sint,
1547 1958 1691 1993 exputare
1716 1964 1775 1982 non
1799 1963 1930 1991 possum.
1959 1969 2000 1974 --

1053 2000 1097 2032 41)
1123 1998 1225 2026 Omnis
1242 1996 1292 2026 hic
1311 1998 1452 2026 articulus
1476 1998 1558 2028 deest
1580 1997 1611 2025 in
1634 1997 1704 2025 cod.
1729 1998 1761 2025 A.
1783 1996 1822 2024 M.
1845 1996 1921 2024 Filii
1941 1996 1999 2031 fa-

1053 2041 1210 2068 miliarum
1236 2045 1267 2068 et
1290 2038 1349 2070 Cic.
1367 2040 1402 2068 (le
1419 2045 1475 2070 cet.
1491 2039 1562 2070 Cod.
1587 2039 1644 2067 Gu.
1669 2039 1735 2074 Qua
1759 2038 1794 2067 de
1813 2048 1914 2067 caussa
1937 2047 1998 2077 pu-

1053 2083 1111 2111 tavi
1133 2092 1220 2110 unam
1242 2082 1399 2111 formulam
1422 2093 1483 2111 esse
1507 2082 1654 2118 omissam,
1677 2092 1765 2119 quam
1786 2081 1919 2120 apposui.
1942 2080 1997 2109 Ne-

1051 2125 1111 2153 scio
1134 2129 1230 2153 tamen
1246 2135 1282 2152 an
1299 2125 1397 2164 potius
1420 2125 1460 2153 ita
1480 2124 1706 2154 constituendus
1729 2124 1767 2152 sit
1795 2128 1874 2152 totus
1893 2123 1995 2151 locus:

1050 2168 1151 2196 Is'ilius·
1160 2168 1310 2204 familiae
1330 2169 1377 2196 wel
1386 2169 1479 2206 filias
1492 2169 1705 2206 familiarum..
1734 2167 1833 2195 Mater
1847 2166 1995 2204 familiae

1049 2211 1097 2239 vel
1113 2215 1208 2238 mater
1219 2211 1424 2248 ficmiliarum
1441 2211 1501 2240 Cic.
1517 2210 1552 2238 de
1565 2212 1616 2239 Pr.
1634 2214 1689 2237 cet.
1712 2214 1745 2237 uk
1760 2208 1835 2236 nihil
1852 2209 1994 2237 omissum

1048 2253 1086 2281 sit
1101 2252 1302 2282 iudicandum.
1346 2253 1487 2292 Exempla
1504 2258 1603 2282 autem
1624 2262 1686 2280 non
1702 2252 1789 2290 plane
1814 2256 1910 2280 essent
1926 2250 1993 2278 ido-

1048 2305 1110 2324 nea.
1137 2295 1208 2323 Loci
1231 2295 1380 2324 Ciceronis
1401 2301 1485 2325 sunt:
1516 2296 1550 2324 In
1572 2296 1655 2325 Verr.
1679 2293 1743 2323 Act.
1767 2294 1800 2324 ll.
1821 2293 1874 2325 lib.
1898 2294 1919 2329 1,
1942 2293 1990 2323 24-

1048 2338 1098 2366 ubi
1118 2342 1176 2366 est:
1200 2338 1348 2366 matribus
1359 2339 1510 2376 familia-s·
1523 2354 1564 2360 -—-
1584 2339 1647 2366 vim
1666 2337 1814 2364 attulisse.
1839 2337 1894 2364 Pro
1915 2335 1990 2361 Coe·

1045 2380 1086 2410 lio
1105 2390 1130 2410 c.
1148 2383 1249 2412 13.—
1262 2378 1308 2422 42)
1318 2379 1402 2410 Idem.
1418 2383 1474 2412 ΠΙ.
1488 2381 1576 2414 14.Δ.
1591 2379 1781 2417 M.Fragmn1.
1791 2377 1842 2416 111,
1851 2374 1986 2410 38.Gerl.
