2263 2668
163 139 238 175 320
589 131 936 171 COMMENTARII
962 130 1010 164 IN
1037 131 1182 166 PAULI
1208 132 1405 184 DIACONI
1431 131 1684 166 EXCERPTA

830 223 958 254 ORDO.
981 223 1229 255 REGALIUM

872 265 1069 304 QUORUM
1091 266 1279 297 HONORE

823 307 1090 339 CONTENTUS.
1115 309 1211 340 SUA.
1233 307 1379 339 PECUN

986 349 1153 381 POSUIT

921 392 959 422 L.
1002 393 1041 422 D.
1086 394 1123 424 D.
1166 395 1205 423 D.

168 442 266 474 Scal.
308 442 382 469 Item
410 436 598 478 adscriptivi‚
636 437 758 474 milites,
796 437 846 476 qui
875 441 959 466 extra
988 436 1120 466 ordinem
1150 442 1178 466 et
1206 441 1289 465 extra
1320 446 1478 466 numerum
1502 437 1624 466 militiae
1648 437 1791 476 adscripti
1814 443 1891 468 sunt.
1935 440 2031 472 Plaut.
2055 442 2118 472 Me-

166 485 267 515 naech.
283 484 310 518 l,
333 483 369 518 3,
395 484 420 512 1.

720 539 761 544 —
793 538 829 544 —-—
860 539 901 543 —
932 540 969 544 ——
1015 520 1070 552 Er.
1115 521 1215 551 Extra
1238 532 1384 550 numerum
1408 533 1436 550 es
1459 520 1540 550 mihi.

575 563 656 593 Pen.
701 563 783 594 Idem
805 567 880 594 istuc
901 562 971 593 aliis
992 563 1179 605 adscriptivis
1201 563 1242 592 ad
1264 563 1403 603 legionem
1416 564 1490 604 fieri
1511 562 1593 594 solet.

166 622 248 650 Varr.
273 618 335 647 Lib.
356 617 404 647 VI.
429 616 464 645 de
492 616 525 645 L.
550 616 580 643 L.
605 615 685 654 (Vll,
710 619 745 653 2,
769 619 818 648 92.
842 625 909 655 pag.
922 614 992 646 340.
1016 615 1079 654 Sp.)
1110 614 1297 654 Adscripiivi
1320 613 1408 650 dicti,
1441 614 1521 654 quod
1544 614 1614 644 olim
1637 613 1882 644 adscribebantur
1903 617 2037 653 inermes,
2071 619 2122 657 qui

166 660 347 693 succederent
370 659 491 688 armatis
513 657 671 695 militibus,
696 659 714 688 i.
735 670 756 688 e.
781 660 806 687 si
828 659 892 698 quis
915 668 1011 686 eorum
1036 656 1197 697 deperisset.
1228 657 1318 686 Dac.
1357 655 1425 686 Hos
1446 665 1472 685 et
1494 656 1635 686 adcensos
1659 656 1803 688 dicebant.
1842 658 1916 687 Vide
1938 659 1969 688 in
1991 658 2121 690 adcensi.

166 707 258 735 Iidem
282 709 310 732 et
332 701 501 730 Ferentarii.
546 700 640 729 Varro
664 700 700 729 de
724 701 786 730 vita
809 702 841 730 P.
862 701 894 730 R.
918 699 966 729 lib.
979 703 1026 731 3.:
1050 700 1095 728 De
1117 700 1282 739 ascriptitiis
1306 710 1371 728 cum
1395 707 1476 728 erant
1498 698 1632 728 attributi
1654 699 1868 729 Decurionibus
1890 709 1916 729 et
1941 700 2122 731 Centurioni-

167 748 234 784 bus,
267 747 316 786 qui
338 755 434 772 eorum
456 742 592 772 haberent
615 755 778 779 numerum,
817 742 937 772 adcensi
958 742 1147 772 vocabantur.
1192 741 1317 771 Eosdem
1341 742 1428 770 etiam
1450 741 1598 771 vocabant
1610 741 1810 781 ferentur-ios,
1842 744 1893 783 qui
1916 742 2122 783 depugnabant

165 790 270 830 pugnis
294 788 368 827 (lege
380 784 504 828 fundis)
529 793 554 814 et
576 784 741 825 lapidibus,
766 787 802 815 iis
821 786 927 822 armis,
951 796 1024 825 quae
1037 784 1207 827 ferrentur,
1233 794 1292 813 non
1312 795 1387 824 quae
1408 791 1578 814 tenerentur.
1604 783 1716 815 Idem.
1747 784 1816 814 Alii
1838 786 1974 815 rorarios.
2006 786 2122 815 Adcen-

167 843 212 862 sos
234 837 332 860 tamen
356 840 372 857 a
395 829 518 858 rotariis
541 828 675 857 diversos
699 829 805 865 fuisse,
838 829 886 857 vel
911 828 1015 856 unicus
1039 828 1136 857 Plauti
1160 828 1241 856 locus
1264 826 1352 856 fidem
1375 827 1479 862 faciet,
1512 837 1550 856 ex
1573 826 1700 857 FrivoL:

662 887 1130 893 ———————
1166 869 1328 910 Sequimini

662 913 714 945 Me
735 913 792 943 hac
814 912 899 943 sultis
921 911 1045 952 legiones
1068 924 1164 942 omnes
1184 912 1357 949 Lavemae5
1393 910 1444 940 ubi
1465 910 1590 941 Rorarii

661 954 761 985 Esiis?
792 955 836 984 En
860 963 933 985 sunt.
983 955 1040 984 Ubi
1060 962 1126 984 sunt
1150 953 1290 984 accensi?
1319 953 1403 983 Ecce.

167 1001 282 1030 Rorarii
307 1004 404 1027 autem
428 998 499 1027 dicti
521 1009 537 1026 a
557 1008 636 1034 rore,
659 1000 728 1037 quia
753 997 858 1027 bellum
882 997 1100 1026 committebant
1123 1005 1204 1033 ante,
1227 996 1292 1026 ideo
1315 995 1395 1036 quod
1416 1003 1484 1024 ante
1506 1003 1587 1025 rorat
1610 1007 1698 1037 quam
1717 995 1802 1035 pluit.
1828 996 1923 1026 Varro
1943 997 1993 1026 lib.
2012 997 2060 1026 VI.
2085 998 2122 1026 de

167 1046 199 1073 L.
225 1044 254 1071 L.
279 1040 362 1081 (VII,
387 1045 420 1077 2,
445 1043 494 1072 92.
517 1051 545 1080 p.
556 1041 628 1072 341.
654 1042 716 1079 Sp.)
744 1040 857 1070 Idem.
893 1039 1058 1071 Adcensos.
1081 1050 1109 1069 v.
1132 1039 1275 1069 Adcensi.
1309 1039 1369 1067 Alii
1391 1039 1492 1077 legunt
1513 1049 1675 1070 accensos.
1704 1038 1836 1069 Velatos.
1870 1039 1943 1068 Vide
1965 1040 2044 1069 infra
2067 1039 2124 1068 Ve-

168 1086 251 1116 laios.
282 1085 374 1113 Iidem
399 1084 540 1112 dicuntur
563 1083 648 1111 etiam
671 1082 776 1112 velites.
804 1082 994 1112 Ferentarios.
1027 1083 1059 1111 V.
1081 1083 1158 1111 infra
1181 1082 1353 1112 Ferentarii.
1388 1082 1421 1110 Et
1443 1081 1518 1111 Non.
1542 1081 1572 1109 in
1595 1081 1766 1111 Ferentarii.
1793 1080 1950 1113 Rorarios.
1982 1082 2057 1111 Vide
2078 1082 2125 1110 in-

167 1130 212 1158 sra
235 1126 360 1156 Rorarii
382 1131 410 1154 et
432 1127 561 1155 Nonium
585 1125 666 1154 dicto
692 1127 768 1154 loco.
801 1124 904 1155 Goth.
945 1125 989 1156 Cf.
1011 1126 1074 1154 Liv.
1088 1125 1172 1163 VIII,
1196 1128 1224 1156 8.
1254 1123 1398 1153 Niebuhr.
1439 1123 1533 1152 Ueber
1561 1123 1609 1152 die
1630 1123 1795 1153 Nachricht
1816 1134 1876 1152 von
1898 1124 1955 1153 den
1979 1124 2123 1154 Comitien

169 1173 221 1201 der
239 1170 407 1198 Centurien.
429 1180 459 1208 p.
473 1171 501 1200 8.
524 1168 664 1197 Niebuhr.
688 1169 772 1199 Ram.
790 1167 896 1197 Gesch.
910 1167 951 1205 ll,
974 1178 1004 1207 p.
1017 1171 1089 1200 476.
1115 1168 1248 1196 Creuzer.
1273 1167 1354 1196 Antt.
1378 1168 1402 1204 §.
1415 1168 1486 1199 229.
1509 1176 1575 1205 pag.
1588 1167 1660 1199 285.
1683 1167 1862 1207 Ascripticii
1878 1171 1907 1196 et
1923 1167 2052 1196 Accensi
2073 1167 2125 1205 qui

169 1219 198 1244 et
227 1223 280 1241 cur
309 1211 382 1240 dicti
410 1211 533 1248 fuerint,
575 1211 665 1240 verba
694 1211 757 1250 ipsa
788 1211 943 1240 declarant
972 1215 1000 1239 et
1027 1221 1074 1239 res
1102 1215 1180 1242 nota.
1227 1208 1313 1239 Veles
1342 1220 1402 1238 non
1426 1220 1440 1237 a
1464 1209 1610 1246 velando,
1649 1210 1700 1238 sed
1723 1220 1738 1238 a
1762 1208 1920 1238 velocitate
1947 1210 2045 1238 dictus
2072 1214 2125 1245 est,

169 1254 415 1296 quemadmodum
445 1253 534 1291 celer,
570 1253 658 1292 κέλης
685 1259 713 1283 et
741 1252 830 1284 celox
858 1253 990 1282 eiusdem
1018 1258 1089 1282 eunt
1120 1253 1241 1292 originis
1272 1257 1302 1281 et
1331 1252 1366 1280 ab
1389 1253 1514 1290 antiquo
1537 1251 1630 1281 verbo
1654 1250 1771 1289 cellere,
1808 1251 1918 1283 κέλλειν
1940 1251 2124 1282 deducenda.

168 1299 296 1328 Videtur
319 1302 417 1327 autem
441 1297 529 1325 etiam
551 1295 662 1325 velatus
684 1307 739 1336 pro
761 1294 861 1333 veliie,
888 1295 918 1324 in
941 1306 998 1324 usu
1020 1296 1128 1334 fuisse,
1155 1301 1188 1324 ut
1208 1294 1304 1324 velare
1325 1295 1386 1323 fere
1409 1294 1487 1323 idem
1510 1294 1601 1323 fuerit
1624 1295 1706 1333 quod
1727 1292 1843 1331 volare,
1877 1294 2125 1333 quemadmodum

168 1349 277 1371 vortere
300 1344 327 1369 et
349 1346 472 1376 vertere,
510 1337 604 1368 volox
626 1343 654 1368 et
675 1338 765 1368 velox
787 1338 972 1368 dicebantur.
1019 1339 1117 1374 Quare
1147 1337 1258 1367 velatus
1287 1337 1433 1365 adiectiva
1463 1336 1556 1365 forma
1587 1337 1699 1365 dictum
1722 1336 1825 1373 suerit,
1864 1347 1992 1375 procusa
2014 1338 2066 1366 illa
2089 1337 2126 1366 ad

169 1394 303 1413 normam
325 1382 409 1411 vocis
431 1381 574 1410 hastatus.
619 1382 757 1410 Ceterum
779 1386 808 1410 et
830 1379 921 1417 veles,
946 1385 975 1409 et
997 1380 1071 1410 celer
1093 1386 1122 1410 et
1143 1379 1244 1409 volare
1265 1390 1280 1408 e
1303 1379 1452 1408 Sanscrita
1474 1378 1575 1408 radice
1598 1378 1677 1421 ςναῖ,
1701 1379 1839 1408 celeriter
1861 1389 1892 1408 se
1915 1389 2050 1417 movere,
2073 1379 2127 1408 (le-

170 1426 295 1456 scendit.
327 1423 472 1453 Rorarios
494 1423 576 1452 haud
599 1424 722 1453 dubium
745 1428 803 1460 est,
827 1425 922 1453 dictos
946 1433 1022 1460 esse,
1047 1424 1127 1462 quod
1150 1423 1180 1451 in
1205 1422 1325 1450 modum
1349 1422 1475 1451 rorantis
1497 1422 1674 1462 tempestatis
1696 1422 1886 1457 dimicarent,
1909 1421 1941 1450 id
1962 1427 2022 1459 est,
2046 1422 2128 1460 quod

172 1469 255 1509 quasi
285 1467 450 1497 rorantium
480 1466 626 1495 stillarum
654 1468 750 1496 instar
780 1467 906 1505 dispersi
935 1465 1006 1495 hinc
1033 1466 1102 1495 inde
1130 1465 1245 1494 hostem
1278 1469 1418 1503 peterent.
1462 1463 1550 1492 Haud
1574 1464 1697 1493 absimili
1718 1465 1836 1493 ratione
1858 1463 2010 1493 hodiernis
2034 1465 2127 1494 Gallis

170 1513 311 1541 dicuntur
333 1508 491 1538 tirailleurs
515 1509 584 1548 quia
608 1510 650 1538 sic
672 1514 825 1549 pugnant,
849 1514 880 1537 ut
900 1508 1017 1537 hostem
1040 1508 1089 1537 hic
1112 1508 1181 1536 iude
1204 1506 1341 1536 vellicare
1366 1507 1533 1536 videantur.
1572 1506 1756 1536 Ferentarios
1778 1517 1848 1535 vero
1872 1506 1908 1534 ab
1931 1517 1984 1545 ope
1995 1505 2128 1548 ferenda

172 1553 359 1591 (ferentarius
382 1562 397 1579 a
421 1552 545 1580 serendo
569 1556 601 1580 ut
625 1552 810 1581 sedentarius
834 1562 850 1579 a
874 1552 1017 1589 sedendo)
1043 1552 1139 1580 dictos
1163 1561 1241 1586 esse,
1266 1560 1327 1577 non
1349 1549 1384 1577 ab
1408 1549 1496 1577 armis
1518 1549 1662 1586 serendis,
1687 1549 1799 1585 (serunt
1823 1549 1900 1577 enim
1924 1559 2026 1578 omnes
2049 1549 2128 1577 mili—

173 1603 215 1626 tes
237 1594 347 1634 arma),
377 1594 548 1623 testimonio
573 1599 616 1623 est
638 1595 722 1623 Iocus
746 1594 843 1623 Plauti
865 1594 1000 1630 Triall,
1027 1596 1062 1631 4,
1086 1595 1135 1626 55.
1175 1592 1252 1621 Nam
1277 1590 1361 1620 illum
1386 1590 1440 1620 tibi
1459 1590 1654 1621 Ferentarium
1679 1603 1737 1620 esse
1758 1593 1885 1621 amicum
1908 1592 2054 1620 inventum
2075 1592 2129 1620 in-

174 1638 287 1679 telligo,—
322 1638 371 1666 ubi
393 1637 462 1665 vide
483 1637 613 1676 interpp.

337 1688 574 1718 Auctarium.
621 1688 714 1717 Plaut.
738 1687 856 1716 Mercat.
882 1688 936 1724 (ΙΙ,
961 1688 997 1724 4,
1021 1686 1101 1727 22.):

1122 1729 1323 1758 Auctuarium

709 1771 848 1802 Adiicito
869 1771 917 1801 vel
937 1771 1018 1801 mille
1040 1783 1188 1801 nummum
1208 1771 1277 1812 plus
1300 1781 1387 1811 quam
1407 1779 1516 1810 poscet.

179 1821 353 1862 [Legenduui
377 1824 457 1862 apud
479 1824 617 1852 Plautum
640 1823 828 1862 auctarium]
853 1823 947 1854 Gloss.
971 1824 1174 1860 auctuarium,
1199 1822 1363 1862 ἐπίμετρον.
1397 1823 1463 1860 Leg.
1488 1821 1677 1850 Auctarium.
1721 1821 1812 1851 Dac.

340 1874 395 1902 Au
406 1883 510 1904 ctum.
555 1875 680 1909 Quando
705 1875 809 1904 Circus
833 1875 870 1903 ob
894 1875 1023 1914 aliquam
1046 1874 1200 1903 victoriam
1229 1873 1442 1912 ampliabatur,
1484 1873 1612 1911 spatium
1637 1874 1721 1901 circo
1748 1873 1881 1902 additum
1905 1880 2023 1902 auctum
2045 1872 2130 1901 dice-

181 1915 275 1941 batur.
318 1917 522 1954 Ampliabatur
545 1923 643 1946 autem
667 1918 786 1954 Circus,
818 1923 852 1946 ut
876 1918 998 1956 opinor,
1029 1921 1154 1956 propter
1176 1917 1264 1945 ludos
1287 1916 1510 1954 frequentiores.
1542 1915 1632 1945 Dac.
1679 1916 1829 1945 Sententia
1853 1916 1951 1945 Paulli
1974 1921 2033 1952 est,
2065 1919 2130 1944 tum

183 1957 306 1994 amplius
330 1959 460 1995 spacium
484 1960 617 1988 additum
641 1970 702 1989 esse
725 1961 830 1995 Circo,
866 1969 958 1998 quum
980 1959 1117 1988 definitae
1141 1969 1294 1988 mensurae
1317 1969 1423 1986 cursus
1446 1958 1559 1996 aliquid
1582 1958 1769 1987 adiiceretur.

346 2007 554 2045 Argennon.
598 2008 765 2051 Ἀργεννόν.
805 2011 975 2048 Legendum
999 2010 1063 2038 hic:
1094 2010 1283 2049 Argennum,
1307 2017 1488 2049 argenteum,
1511 2007 1734 2049 percandidum.
1760 2007 1863 2038 Scal.
1910 2009 1970 2046 Ego
1992 2018 2063 2036 vero
2087 2008 2131 2037 le-

184 2048 310 2085 gendum
335 2050 482 2078 existimo:
508 2061 655 2091 argentum
677 2052 900 2093 percandidum.
946 2054 1018 2081 Nam
1042 2057 1157 2082 certum
1179 2057 1238 2089 est,
1264 2057 1416 2090 argentum
1439 2052 1562 2090 proprie
1585 2051 1658 2080 nihil
1682 2051 1761 2080 aliud
1785 2061 1846 2080 esse
1869 2061 1956 2089 qnam
1980 2049 2062 2089 (nisi)
2086 2051 2129 2079 al-

183 2091 264 2119 bun).
310 2091 420 2139 Gravfe
450 2090 600 2131 ἀργεννόν.
647 2096 828 2135 Hesychius:
868 2093 1046 2137 ἀργεννῇσι,
1083 2099 1247 2134 λαμπραῖς,
1282 2098 1409 2130 λευκαῖς.
1452 2094 1508 2122 Ubi
1531 2094 1652 2122 Homeri
1674 2094 1774 2123 locum
1797 2094 1918 2132 respicit
1941 2103 1978 2122 ex
1999 2092 2083 2122 Iliad.
2104 2105 2131 2133 y.

186 2132 228 2172 (v.
246 2134 342 2170 141.):
374 2137 531 2174 (ι’ργεννῇσι
552 2139 745 2177 καλυψαμένη
770 2135 906 2179 ὄθόνῃσι.
951 2139 1140 2177 Argennum,
1172 2137 1352 2175 argendum,
1383 2142 1546 2175 argentum.
1572 2137 1660 2166 Dac.
1697 2136 1762 2165 vid.
1785 2136 1946 2164 Meursium
1959 2135 1980 2164 I.
2003 2136 2131 2164 Exerci—

186 2177 299 2205 tat.13.
319 2172 434 2221 *Goth
481 2177 643 2206 Certissime
667 2182 836 2210 emendasse
860 2180 932 2209 mihi
956 2181 1076 2210 videtur
1098 2180 1244 2218 Scaliger,
1280 2180 1347 2208 licet
1377 2179 1464 2208 codd.
1489 2179 1564 2207 nulli
1594 2179 1748 2215 addicant5
1791 2189 1886 2217 neque
1916 2178 2071 2207 sufficiunt
2095 2177 2130 2205 ad

188 2217 324 2263 Scaliger:
349 2217 519 2266 sententiam
542 2220 743 2258 refutandam,
768 2234 843 2261 quae
865 2224 986 2262 scripsit
1008 2224 1157 2252 Dacerius.
1191 2224 1327 2251 Ceterum
1350 2232 1407 2250 non
1431 2221 1554 2250 dubium
1578 2227 1634 2257 cst,
1657 2229 1805 2261 argentum
1830 2221 1943 2260 pariter
1964 2225 2052 2259 atque
2071 2219 2129 2247 Ho-

190 2257 504 2309 {1¹2¹JCOE¹¹‚“92';‘1²'¹'‘33⁷
529 2261 708 2291 Graecorum
733 2263 913 2304 ἄργυρος,
938 2271 966 2295 et
989 2266 1080 2295 multa
1104 2266 1160 2294 alia
1185 2266 1296 2294 Graeca
1320 2264 1465 2293 vocabula
1489 2264 1619 2293 eiusdem
1644 2264 1796 2293 commatis
1819 2263 1995 2292 descendere
2018 2262 2052 2290 ab
2073 2260 2129 2288 ad-

189 2307 298 2330 iectivo
322 2313 456 2341 αργος,
482 2302 562 2339 quod
587 2303 661 2330 idon]
687 2310 729 2332 est
752 2308 892 2345 verbum,
915 2314 1002 2346 atque
1025 2309 1195 2337 Latinorum
1219 2307 1320 2344 albus,
1344 2320 1360 2347 ρ
1383 2308 1412 2335 in
1435 2306 1462 2343 l,
1486 2319 1502 2347 γ
1524 2307 1552 2334 in
1572 2305 1589 2335 b
1606 2307 1738 2343 mutatis,
1763 2316 1838 2345 quae
1861 2305 1984 2335 mutatio
2006 2308 2048 2332 est
2070 2303 2129 2331 sre-

192 2344 391 2414 qugntissikma.
425 2344 529 2413 (ῗηπιίε
552 2349 648 2373 autem
672 2346 725 2373 ista
750 2358 932 2379 communem
957 2352 1066 2379 fontem
1091 2361 1175 2380 suurn
1199 2350 1308 2379 habent
1330 2350 1358 2378 in
1382 2349 1530 2378 Sanscrita
1554 2349 1653 2379 radice
1675 2344 1747 2386 ads,
1769 2359 1843 2387 quae
1866 2347 1960 2377 lucere
1978 2344 2129 2383 significat,

192 2397 233 2414 un
256 2396 269 2413 c
291 2397 325 2414 ar
345 2396 379 2421 a,
406 2396 460 2414 so.
