2263 2668
520 146 584 180 DE
610 143 999 179 SIGNIFICATIONE
1026 145 1312 182 VERBORUM.
1365 146 1510 180 LIBER
1535 146 1643 180 XVII.
1832 165 1835 166 ν
1981 148 2057 184 683

102 239 188 269 Unde
210 243 239 268 et
260 238 346 267 illum
371 238 475 267 Graeci
498 235 637 280 ἄστερίαν
660 242 690 267 et
712 234 878 277 ἀστερίωνα
900 236 1010 266 dixere.
1041 237 1128 269 Dac.
1173 238 1248 268 Vide
1267 239 1358 269 Titul.
1380 239 1410 268 ff.
1433 237 1635 269 Stellionatus.
1675 237 1804 267 Glossis:
1835 237 1941 270 Stellio
1963 237 2057 274 οἷσκα-

101 279 243 323 λαβῶτης.
291 280 396 310 Goth.

267 323 421 363 Stipem.
446 322 506 364 (Ad
522 334 552 362 p.
565 323 650 364 248.)
674 324 759 352 Varr.
775 322 824 352 lib.
838 321 885 350 [V.
902 322 939 350 de
955 322 986 352 L.
1003 322 1033 350 L.
1048 323 1078 351 in
1100 324 1157 352 fine
1173 323 1220 363 (V.
1234 335 1264 363 p·
1279 327 1348 356 180.
1365 324 1443 363 Sp.):
1466 323 1538 354 Hoc
1559 324 1654 363 ipsum
1676 322 1851 363 stipendium
1871 335 1892 353 a
1913 326 1987 365 stipe
2008 325 2057 356 di-

102 374 191 404 ctum,
213 365 296 407 quod
312 377 360 394 aes
382 377 495 406 quoque
515 367 617 405 stipem
641 365 787 395 dicebant.
815 364 892 394 Nam
915 363 995 404 quod
1018 376 1095 394 asses
1119 365 1212 395 librae
1230 365 1330 406 pondo
1353 374 1444 404 erant,
1468 367 1520 406 qui
1541 373 1713 404 acceperant
1734 367 1871 396 maiorem
1894 378 2053 406 numerum,

103 420 162 438 non
177 410 208 438 in
223 419 294 437 arca
309 408 471 448 ponebant,
492 407 543 437 sed
565 409 596 436 in
619 407 722 449 aliqua
745 406 821 438 cella
842 406 1007 446 stipabant,
1030 407 1062 436 id
1084 416 1124 437 est
1148 408 1373 448 componebant,
1396 421 1453 449 quo
1476 410 1570 438 minus
1593 408 1653 438 Ioci
1674 416 1838 447 occuparet.
1868 409 2056 449 Astipando

102 452 204 491 stipem
229 449 324 480 dicere
343 458 505 490 coeperunt.
541 451 577 478 Et
599 461 683 479 mox:
707 458 733 479 et
756 451 807 491 qui
826 450 980 489 pecuniam
1004 449 1130 489 alligat,
1153 450 1291 490 stipulari
1303 459 1330 480 ei
1346 450 1522 490 restipulari.
1563 451 1622 481 Sed
1636 451 1673 480 de
1688 449 1825 489 stipulari
1838 452 1924 481 multi
1939 453 2054 483 dissen-

102 494 199 530 tiunt,
222 503 349 532 quorum
373 494 420 522 alii
444 504 460 520 a
484 492 621 521 firmitate
644 492 782 532 stipulari
804 493 916 521 dictum
940 492 1059 529 volunt,
1084 494 1161 531 quod
1185 499 1299 522 veteres
1310 495 1434 533 firmum
1459 494 1599 523 dicebant
1615 491 1774 533 stipulum;
1797 493 1846 523 alii
1863 505 1933 524 rure
1951 500 2054 528 natum

102 536 228 565 verbum
252 535 355 564 dicunt
377 547 392 564 a
416 535 526 574 stipula
549 536 675 572 scilicet,
711 535 781 574 quia
807 537 837 564 in
861 535 1063 563 contractibus
1086 536 1206 573 agrariis
1230 536 1370 575 stipulam
1394 538 1549 574 tenebant,
1586 546 1661 575 quae
1685 540 1778 563 totum
1802 546 1904 574 agrum
1928 548 2053 576 reprae-

102 583 243 607 sentaret.
273 578 357 613 Quae
379 577 451 606 mihi
473 578 575 616 potior
597 579 752 608 sententia.
777 578 865 607 Dac.
895 575 933 605 Et
947 576 980 605 id
997 577 1085 617 quod.
1111 580 1150 607 De
1165 589 1267 617 eoque.
1296 577 1403 607 Goth.
1435 579 1545 619 Stipem
1561 580 1684 608 Glossae
1706 577 1919 617 ἐλεημοσύνην.
1943 579 2052 611 Idem.

104 621 179 650 Vide
201 630 278 659 quae
301 631 391 659 supra
414 620 493 648 dicta
516 626 585 649 sunt
608 621 645 649 ad
667 631 694 649 v.
712 620 823 660 Stipem
846 620 882 648 ad
906 629 972 658 pag.
985 622 1057 651 240.
1102 620 1248 660 Stipulari
1270 626 1366 649 autem
1390 632 1448 650 non
1473 634 1488 650 a
1512 633 1540 651 v.
1557 622 1639 660 Stips
1661 621 1834 657 descendit,
1859 626 1886 650 et
1910 632 1976 651 cum
1997 624 2054 652 sti·-

101 662 174 703 pula
196 667 355 701 cognatum
379 667 493 691 tantum
516 673 578 692 esse
601 663 729 692 videtur.
774 662 888 702 Stipari
912 667 955 691 est
979 672 1024 701 pr.
1048 661 1178 700 densari,
1210 669 1272 692 tum
1295 663 1383 692 densa
1405 672 1521 693 caterva
1545 665 1698 702 comitari,·
1732 661 1868 702 stipulari
1890 668 1987 692 autem
2010 670 2054 695 est

98 706 220 744 firmum
243 705 332 733 alicui
355 705 397 733 rei
421 705 574 742 insistere,
612 706 789 741 immanere,
826 705 904 734 unde
927 705 1095 743 postulare,
1133 706 1228 734 forma
1253 706 1336 734 verbi
1360 706 1615 744 frequentissima,
1648 705 1764 744 qualem
1787 706 1882 743 ipsum
1903 705 2054 746 postulare

103 747 232 777 exhibet.
277 748 384 775 Subest
407 753 504 776 autem
526 747 573 777 his
596 748 713 777 duobus
737 748 837 776 verbis
861 748 971 775 Graeca
994 748 1081 776 radix
1106 749 1219 786 στέφω,
1244 749 1418 777 Germanica
1441 749 1525 791 steif,
1551 749 1629 791 styf,
1652 747 1787 776 sanserit
1808 747 1904 777 stabii.

270 789 440 829 Stirpem.
466 791 525 830 (Ad
547 801 575 829 p.
590 791 673 829 248.)
698 791 852 819 Citabatur
875 790 1003 826 Ennius,
1027 792 1078 828 qui
1101 791 1221 830 stirpem
1246 791 1323 819 dixit
1345 792 1524 820 masculino:

598 833 723 862 Nomine
746 832 891 873 Pyrrhus,
914 833 957 862 uti
978 840 1156 871 memorant,
1186 845 1204 862 a
1226 835 1314 872 stirpe
1334 845 1475 872 supremo.

104 872 205 904 Scal.
235 872 349 904 Livius.
385 874 500 904 Livium
518 875 726 904 Andronicum
743 876 889 913 intellige,
914 885 1000 913 quem
1024 885 1061 903 ex
1084 874 1141 903 hoc
1164 877 1230 904 loco
1253 876 1445 904 historiarum
1469 876 1531 905 sive
1554 875 1703 904 annalium
1725 875 1820 903 libros
1843 875 2053 914 conscripsisse

103 920 218 944 certum
245 921 299 945 est.
344 917 485 956 Adeoque
514 918 600 946 nimis
631 918 861 957 praecipitanter
887 918 958 946 fecit
984 918 1202 947 illustrissimus
1226 920 1293 948 Ger.
1315 919 1356 946 lo.
1381 919 1518 955 Vossius,
1553 928 1620 947 cuni
1645 918 1676 946 in
1701 917 1945 946 luculentissimis
1965 918 2052 948 libris

102 958 165 987 suis
188 958 224 987 de
247 958 398 988 historicis
423 960 531 989 Latinis
554 961 668 991 lib.111.
686 972 749 1000 cap.
765 964 813 993 12.
835 971 893 989 non
917 960 1031 989 veritus
1054 966 1097 989 est
1119 962 1279 998 affirmare,
1302 960 1452 990 historicis
1474 971 1630 1000 perperam
1654 961 1842 988 annumerari
1861 960 1975 988 Livium
1993 961 2053 989 An-

103 1000 260 1029 dronicum
283 1002 416 1041 salsoque
440 1004 521 1042 apud
546 1004 716 1032 Diomedem
737 1004 789 1032 lib.
801 1004 852 1032 lli.
875 1003 1036 1042 (pag.480.
1061 1004 1105 1044 P.)
1130 1003 1247 1033 Liuium
1270 1005 1326 1041 logi
1352 1015 1406 1043 pro
1430 1003 1534 1032 Ennio.
1578 1003 1726 1031 Diomedis
1750 1002 1838 1031 verba
1861 1007 1943 1030 sunt:
1973 1002 2054 1042 Epos

103 1042 245 1072 Latinum
266 1045 380 1083 primus
403 1044 490 1085 digne
510 1047 628 1085 scripsit
649 1046 771 1081 Livius,
801 1046 853 1086 qui
875 1057 918 1074 res
940 1044 1143 1075 Romanorum
1168 1045 1263 1075 decem
1286 1054 1311 1075 et
1335 1054 1400 1075 ocio
1423 1045 1596 1085 complexus
1618 1052 1658 1074 est
1681 1044 1779 1081 libris,
1810 1045 1861 1084 qui
1883 1052 1909 1073 et
1929 1043 2052 1074 annales

103 1085 316 1123 inscribuntur,
354 1087 433 1127 quod
461 1087 642 1128 singulorum
663 1089 735 1130 jere
763 1098 906 1117 annorum
935 1095 1019 1117 actus
1049 1089 1222 1118 contineam.
1269 1089 1355 1117 llunc
1386 1089 1556 1117 Diomedem
1585 1092 1704 1116 secutus
1728 1087 1841 1115 Caelius
1866 1086 2053 1124 Rhodiginus

103 1127 153 1156 lib.
168 1127 228 1157 VlI.
253 1130 377 1167 cap 4.:
401 1129 512 1170 Epica,
536 1132 649 1169 inquit,
673 1130 760 1171 digne
782 1131 910 1159 omnium
932 1131 1044 1169 primus
1066 1131 1182 1170 scripsit
1207 1131 1325 1166 Livius,
1349 1132 1399 1171 qui
1421 1130 1518 1160 decern
1541 1138 1566 1159 et
1590 1138 1655 1160 octo
1679 1128 1762 1158 libris
1785 1128 1987 1159 Romanorum
2008 1140 2053 1159 res

100 1177 199 1209 gestas
222 1172 399 1211 perscripsit.
443 1174 544 1201 Secuti
568 1178 597 1202 et
619 1174 762 1202 Simlerus
783 1174 813 1201 in
838 1172 1037 1209 Bibliotheca,
1074 1173 1280 1212 Popelinierus
1302 1174 1352 1202 lib.
1368 1174 1402 1202 V.
1425 1174 1461 1202 de
1485 1173 1647 1209 historicis,
1686 1171 1885 1210 Glandorpius
1914 1172 1945 1200 in
1969 1171 2053 1200 Ono-

102 1212 227 1241 mastico
251 1223 324 1243 voce
345 1214 450 1244 Livius
472 1215 675 1245 Andronicus.
720 1216 804 1251 Quos
836 1226 937 1244 omnes
962 1216 1108 1244 Diomedis
1135 1217 1202 1245 loco
1227 1218 1367 1255 deceptos
1390 1216 1482 1244 tradit
1504 1218 1550 1245 vir
1573 1215 1777 1250 doctissimus,
1814 1225 1845 1242 ea
1869 1218 1983 1242 tantum
2003 1224 2053 1242 ra-

102 1255 184 1283 tione
206 1256 367 1293 subnixus,
403 1258 484 1296 quod
509 1259 546 1287 de
571 1258 653 1287 Livio
676 1259 849 1287 Andronico
872 1257 947 1286 nihil
969 1257 1140 1287 huiusmodi
1165 1265 1279 1288 veteres
1304 1259 1475 1297 prodidere,
1514 1259 1654 1297 quodque
1677 1256 1881 1294 duodeviginti
1904 1256 2052 1285 librorum

103 1298 213 1327 mentio
237 1300 330 1327 Ennio
352 1300 453 1338 potius
477 1302 630 1337 congruit,
668 1311 756 1339 quem
785 1299 909 1329 totidem
932 1301 1024 1329 libros
1046 1302 1198 1339 scripsisse
1222 1312 1258 1330 ex
1281 1312 1384 1330 eorum
1408 1301 1577 1336 fragmentis
1601 1300 1708 1338 passim
1732 1299 1762 1327 in
1785 1299 2053 1328 Grammaticorum

102 1339 187 1368 libris
210 1341 281 1369 satis
303 1347 428 1371 constat.
472 1343 529 1371 Sed
551 1344 637 1371 futile
660 1348 705 1371 est
729 1347 889 1381 utrumque
909 1343 986 1371 illud
1009 1349 1229 1381 argumentum,
1255 1349 1284 1372 et
1308 1345 1355 1373 vel
1377 1344 1500 1373 minimo
1524 1344 1586 1372 ictu
1609 1342 1776 1382 perculsum
1800 1342 1877 1377 ruit,
1899 1346 1933 1369 ut
1956 1341 2053 1379 quivis

102 1381 190 1411 facile
211 1383 332 1414 videbit.
376 1385 548 1413 Diomedem
577 1386 711 1423 aliosque
734 1385 837 1414 asserit
858 1384 908 1413 hic
931 1386 1008 1414 Festi
1032 1386 1134 1421 locus,
1173 1388 1221 1425 qui
1245 1388 1343 1415 virum
1367 1387 1446 1415 omni
1471 1386 1558 1414 laude
1579 1386 1717 1414 maiorem
1740 1384 1840 1420 latuit,
1879 1384 1927 1412 vel
1949 1383 2054 1412 saltem

101 1435 162 1453 non
185 1431 230 1454 sat
252 1426 278 1454 ei
300 1432 470 1464 perspectus
494 1428 561 1456 suit.
606 1428 752 1456 Historias
781 1428 872 1466 igitur
902 1432 931 1456 et
957 1438 1047 1467 prosa
1078 1434 1105 1457 et
1135 1430 1256 1458 metrica
1280 1431 1414 1458 oratione
1439 1429 1538 1457 Livius
1562 1427 1713 1466 scripserit
1735 1436 1855 1455 necesse
1878 1431 1938 1462 est,
1973 1424 2054 1465 quod

102 1468 209 1506 priscis
233 1469 290 1496 illis
314 1479 373 1497 non
399 1470 529 1499 insolens
559 1471 647 1499 fuisse
677 1481 777 1499 omnes
808 1475 929 1500 norunt.
974 1471 1039 1499 Huc
1070 1472 1206 1508 accedat,
1247 1473 1326 1510 quod
1350 1472 1426 1500 Livii
1452 1471 1605 1499 Annalium
1636 1469 1767 1498 meminit
1789 1469 1892 1497 Festus
1920 1468 1952 1497 in
1979 1477 2054 1498 voce

102 1508 243 1550 Suri-egit.
287 1511 397 1540 Versus
425 1513 511 1541 etiam
543 1523 579 1541 ex
609 1513 740 1541 eiusdem
771 1513 922 1541 annalium
945 1513 995 1543 lib.
1010 1513 1029 1543 l.
1053 1519 1082 1542 et
1105 1514 1138 1543 11.
1161 1515 1258 1551 legere
1283 1519 1325 1542 est
1347 1515 1377 1542 in
1401 1524 1474 1542 voce
1500 1512 1641 1552 Quamtle.
1687 1513 1758 1541 Nam
1788 1512 1844 1540 viri
1868 1511 1965 1547 docti,
2002 1510 2054 1549 qui

102 1562 152 1581 eos
174 1553 269 1582 Ennio
292 1554 444 1591 tribuunt,
468 1555 552 1583 nullo
576 1556 711 1584 nituntur
734 1554 936 1584 fundamento.
970 1555 1026 1583 Adi
1049 1556 1158 1585 locum.
1192 1557 1292 1594 Neque
1317 1562 1373 1592 est,
1399 1556 1478 1594 quod
1502 1556 1569 1594 quis
1592 1556 1688 1592 dicat,
1711 1565 1768 1583 non
1791 1553 1841 1583 hic
1858 1553 1977 1582 Livium
1993 1552 2055 1583 An-

102 1594 260 1624 dronicum
283 1597 446 1633 nominari,
479 1597 530 1625 sed
552 1598 585 1626 T.
609 1598 724 1626 Livium
750 1597 940 1634 Patavinam,
971 1608 1029 1626 non
1054 1599 1135 1636 quod
1158 1599 1190 1626 T.
1213 1598 1328 1627 Livium
1351 1599 1451 1627 forsan
1474 1599 1572 1636 legere
1596 1603 1624 1626 et
1646 1597 1817 1626 exscribere
1838 1606 1901 1625 non
1923 1595 2056 1634 potuerit

103 1637 224 1674 Festus,
252 1639 303 1666 sed
326 1640 405 1677 quod
429 1639 593 1668 absurdum
616 1640 654 1668 sit
677 1647 781 1679 putare
806 1639 943 1668 Verrium
967 1650 1005 1668 ex
1027 1641 1059 1668 T.
1082 1639 1167 1670 Eivio
1189 1642 1338 1679 scriptore
1360 1651 1414 1669 suo
1437 1638 1589 1681 συγχρὸυῳ
1614 1640 1753 1669 historiae
1777 1638 1888 1677 aliquid
1911 1638 2053 1674 hausisse,

102 1684 132 1708 et
155 1691 215 1708 non
240 1681 339 1719 potius
363 1692 400 1710 ex
423 1682 525 1710 iisdem
550 1682 698 1718 fontibus,
730 1682 808 1710 unde
831 1681 971 1710 hauserat
993 1683 1026 1711 T.
1051 1683 1165 1719 Livius,
1202 1684 1376 1722 praesertim
1400 1693 1467 1712 cum
1491 1683 1602 1711 nullam
1626 1683 1689 1711 eius
1713 1682 1784 1711 alibi
1806 1681 1985 1710 mentionem
2008 1680 2055 1708 fe-

102 1723 190 1760 cerit,
225 1734 312 1761 quem
338 1725 451 1762 alioqui
475 1726 592 1763 saepius
617 1725 735 1753 laudare
758 1735 876 1753 necesse
897 1724 1059 1754 habuisset.
1104 1727 1159 1754 Sed
1190 1726 1263 1755 haec
1292 1726 1323 1754 in
1345 1726 1421 1754 Livii
1450 1726 1573 1764 gratiam
1600 1726 1680 1754 dicta
1703 1729 1811 1761 sunto,
1849 1723 1897 1752 cui
1920 1722 2055 1751 dolebam

101 1763 238 1794 historici
263 1766 381 1795 laudem
403 1778 419 1795 a
441 1767 509 1795 viro
531 1767 703 1796 doctissimo
727 1767 911 1806 aliquamdiu
933 1768 1082 1796 immerito
1105 1769 1195 1797 fuisse
1217 1774 1361 1806 negatam.
1390 1768 1480 1797 Dae.
1531 1767 1665 1796 Tradunt
1685 1765 1846 1808 familias,
1883 1770 1917 1795 ut
1944 1764 2054 1794 familia

102 1807 289 1837 Nautiorum.
329 1809 402 1838 Vide
425 1820 515 1848 supra
540 1810 569 1838 in
593 1809 779 1838 Nautiorum.
811 1808 919 1838 Idem.
969 1809 1126 1850 Ostrymon
1149 1810 1303 1851 quendam.
1342 1812 1383 1839 De
1412 1810 1470 1838 hoc
1499 1810 1573 1839 nihil
1598 1815 1787 1849 ¹compertum
1810 1808 1914 1838 habeo.
1943 1806 2054 1836 Idem.

103 1849 230 1880 Nomine
252 1850 391 1891 Pyrrhus.
428 1853 503 1881 Male
527 1853 608 1892 apud
634 1853 760 1880 Nonium
784 1852 910 1891 (p.2‘26.
935 1853 1037 1891 Mero.)
1060 1853 1189 1882 homines
1212 1865 1265 1892 pro
1289 1855 1404 1882 nomine
1425 1853 1456 1881 in
1478 1863 1551 1882 voce
1576 1854 1672 1892 stirps.
1711 1853 1864 1890 lntegrum
1887 1848 2053 1880 distichon:

596 1894 693 1923 Navo'
717 1902 843 1933 repertus
865 1894 951 1923 lzomo
977 1893 1068 1924 Graio
1090 1903 1189 1934 patre,
1219 1895 1329 1925 Graius
1351 1895 1454 1933 lzomo,
1480 1894 1561 1932 Rex,

597 1936 724 1966 Nomine
745 1936 889 1978 PyrrhuS‚
917 1939 959 1966 uti
981 1945 1158 1974 memorant,
1181 1949 1200 1966 α
1223 1939 1312 1979 stirpe
1332 1949 1475 1977 supremo.

103 1977 254 2016 Scaligero
276 1979 413 2018 placebat
428 1979 590 2009 Aimoniae
604 1978 738 2019 Pyrrhus.
777 1979 925 2009 Merulae:
951 1978 1116 2010 Chaonicae
1132 1979 1270 2021 Pyrrhus.
1309 1981 1494 2010 Vetustiores
1517 1989 1635 2018 sequor.
1659 1979 1749 2009 Dac.
1789 1977 1842 2007 Est
1863 1987 1966 2005 revoca
1977 1974 2053 2017 fra-

103 2027 183 2052 trem.
223 2021 336 2050 Eoisan
360 2029 402 2058 st,
425 2033 527 2051 revoca
539 2021 689 2062 fratrem,
714 2021 768 2051 sed.
789 2021 848 2050 hoc
871 2022 970 2050 forsan
991 2022 1138 2051 indictum
1161 2024 1304 2062 oportuit.
1340 2024 1374 2052 In
1397 2023 1447 2058 iis,
1473 2033 1546 2061 quae
1570 2021 1693 2058 desunt,
1716 2021 1804 2060 periit
1826 2023 1931 2059 poetae
1952 2018 2052 2046 cuius—

102 2062 172 2091 dam
196 2073 313 2094 nomen.
336 2063 448 2094 Idem.
493 2065 532 2092 De
555 2065 646 2102 stirpe
668 2064 786 2094 Festum
810 2064 962 2104 scripsisse
986 2069 1087 2104 aperte
1110 2065 1302 2104 intelligitur,
1325 2076 1388 2095 eam
1411 2065 1573 2094 masculine
1596 2074 1715 2103 quoque
1738 2063 1805 2092 dici.
1841 2061 1915 2091 Vide
1932 2058 2052 2100 Spicum

102 2110 132 2134 et
155 2104 265 2145 Specus
288 2112 317 2135 ct
339 2105 445 2136 Recta.
470 2107 561 2137 Ant.
584 2107 677 2145 Aug.
723 2107 840 2137 Livium
864 2107 1070 2137 Andronicum
1099 2108 1251 2148 scripsisse
1274 2108 1404 2137 Annales
1434 2113 1462 2136 et
1485 2107 1647 2143 Historias,
1681 2116 1768 2134 nemo
1798 2109 1857 2140 est,
1893 2104 1944 2142 qui
1972 2110 2051 2130 nunc

103 2148 215 2178 credat.
261 2149 441 2178 Testimonia
471 2149 580 2187 quibus
609 2149 715 2177 nititur
739 2150 895 2186 Dacerius,
933 2160 1009 2179 vana
1038 2154 1107 2179 sunt
1134 2151 1232 2180 omnia
1260 2156 1290 2180 et
1315 2152 1396 2180 salsa.
1440 2150 1514 2179 Nam
1536 2150 1619 2178 nullo
1643 2150 1767 2177 istorum
1790 2148 1942 2181 locorum,
1977 2152 2051 2181 quae

103 2189 175 2218 citat
198 2191 266 2219 Dac.
289 2191 341 2220 ubi
364 2191 440 2220 Livii
465 2202 570 2220 nomen
593 2192 786 2230 praemissum
809 2198 868 2230 est,
892 2203 987 2231 neque
1005 2193 1164 2222 Annalium
1186 2204 1283 2233 neque
1304 2193 1504 2222 Historiarum
1526 2192 1560 2220 fit
1581 2191 1709 2228 mentio,
1734 2195 1762 2219 et
1784 2189 1864 2229 apud
1883 2185 2050 2216 Diomedem

102 2241 169 2271 pag.
182 2232 254 2264 480.
300 2234 330 2264 P.
352 2233 512 2262 Putschius
536 2234 634 2262 locum
658 2236 700 2263 sic
723 2234 871 2264 exhibuit:
907 2234 986 2275 Epos
1007 2234 1151 2264 Latinum
1177 2237 1291 2276 primus
1313 2235 1400 2275 digne
1420 2235 1537 2274 scripsit
1557 2235 1597 2270 is,
1629 2234 1679 2274 qui
1702 2245 1745 2261 res
1767 2232 1968 2262 Romanorum
1992 2231 2049 2256 cet.

103 2274 152 2303 cui
174 2275 293 2304 lectioni
315 2276 506 2305 consentiunt
528 2277 633 2315 optimi
655 2282 683 2306 et
706 2278 904 2316 antiquissimi
925 2277 1044 2307 codices
1067 2278 1250 2308 Monacensis
1271 2284 1300 2308 et
1322 2278 1501 2307 Psrisienses
1523 2277 1600 2313 duo,
1636 2285 1764 2314 quorum
1794 2274 1933 2303 lectiones
1954 2269 2048 2318 1ιρδῖεο

103 2323 267 2357 excerptas.
299 2319 361 2347 lam
383 2329 470 2347 nemo
494 2319 656 2356 dubitabit,
681 2320 732 2358 qui
754 2320 808 2357 sit,
831 2322 882 2361 qui
902 2321 984 2359 epico
1008 2322 1136 2350 carmine
1158 2333 1201 2351 res
1215 2321 1419 2351 Romanorum
1442 2319 1539 2349 decem
1561 2325 1588 2347 et
1609 2326 1677 2348 octo
1699 2316 1870 2357 complexus
1891 2318 1931 2341 est
1953 2310 2046 2360 ἷῐῦζῑδ,

103 2361 155 2400 qui
175 2368 201 2389 ei
223 2359 359 2390 Annales
380 2360 593 2399 inscribuntur,
623 2372 714 2401 quum
738 2368 869 2400 constet,
903 2363 1030 2392 Ennium
1051 2367 1098 2393 tot
1121 2365 1204 2394 libris
1229 2365 1357 2394 Annales
1380 2373 1449 2392 suos
1472 2361 1702 2401 conscripsisse,
1736 2365 1763 2389 et
1786 2357 1902 2397 quidem
1925 2353 2047 2384 heroum

104 2412 199 2432 versu.
244 2404 316 2439 Sed,
340 2404 384 2432 uti
408 2404 487 2440 dixi,
510 2404 599 2434 hodie
622 2414 708 2434 nemo
731 2411 788 2442 est,
812 2406 844 2435 id
867 2406 918 2445 qui
941 2406 1060 2436 nesciat.

1478 2456 1642 2489 Rrrr*
