2263 2668
517 129 581 162 DE
608 127 993 162 SIGNIFICATIONE
1023 128 1305 166 VERBORUM.
1358 130 1503 164 LIBER
1529 130 1604 165 ΧΠ.
1961 135 2036 169 105

88 220 257 255 Malevoli
280 222 440 256 Mercurii
467 224 617 268 signum,
650 223 685 255 id
713 227 760 256 est
786 227 926 255 statuam
953 223 1171 267 appellabant
1197 224 1290 264 ideo,
1325 225 1418 268 quod
1445 226 1478 257 in
1505 224 1627 258 nullius
1654 225 1825 259 tabernam
1851 229 2037 272 spectabat.

88 280 298 314 Malluvium
326 282 462 324 dicitur,
489 294 556 327 quo
584 294 698 316 manus
725 283 884 317 lavantur.
926 281 1142 324 Mannum,
1170 285 1288 328 quibus
1314 297 1430 318 manus
1458 289 1531 317 sunt
1557 284 1646 318 lotae
1658 281 1692 317 ³⁹.
1731 285 1933 329 Pelluniae,
1961 290 2037 332 qui—

190 334 250 366 bus
277 334 392 378 pedes.

86 393 209 427 Maior
236 395 354 428 consul
381 394 502 428 dicitur
527 390 616 427 vel⁴⁰
637 395 680 435 is,
721 405 822 438 penes
849 404 947 436 quem
975 393 1081 427 fasces
1107 398 1197 436 sunt,
1244 397 1296 428 vel
1323 396 1368 437 is,
1414 397 1472 440 qui
1482 393 1506 413 ⁴¹
1533 396 1624 440 prior
1652 396 1757 430 factus
1785 403 1841 432 est.

189 450 299 478 autem
326 446 431 478 maior
457 446 599 478 urbanus
608 443 643 487 ⁴²,
678 446 820 478 minores
847 446 957 478 ceteri.

1901 400 2040 433 Praetor

88 505 293 538 Mendicum
320 505 385 539 dici
411 506 545 538 Verrius
572 510 667 550 putat
692 517 711 537 a
739 509 848 538 mente
875 505 959 547 eius,
986 501 1121 549 quem43
1144 506 1303 539 fefellerit
1329 507 1480 547 fortuna,
1507 508 1562 540 vel
1589 507 1682 552 quod
1692 504 1716 524 ⁴⁴
1737 515 1892 553 precetur
1917 522 2037 554 quem-

189 568 274 600 que,
315 562 351 589 ut
377 558 463 590 vitae
490 568 568 590 suae
592 557 766 590 medeatur
791 557 878 591 cibo.

87 616 319 661 Municipium
353 617 387 648 id
421 628 526 661 genus
561 616 734 649 hominum
771 612 937 656 dicitur⁴⁵‚
990 616 1046 659 qui
1079 628 1181 660 quum
1213 617 1358 649 Romam
1393 618 1574 659 venissent,
1628 630 1736 662 neque
1771 620 1860 652 cives
1895 621 2039 654 Romani

188 675 310 709 essent,
359 669 537 713 participes
571 674 681 701 tamen
714 669 845 701 fuerunt
879 667 1024 700 omnium
1059 679 1170 701 rerum
1181 664 1205 684 ⁴⁶
1228 668 1271 700 ad
1301 680 1419 701 munus
1447 670 1656 714 fungendum
1685 682 1747 703 una
1776 682 1850 704 cum
1878 672 2039 705 Romanis

192 719 318 752 civibus
329 716 363 760 ⁴⁷,
400 726 636 764 praeterquam
664 720 707 752 (le
734 720 895 764 suffragio
923 719 1082 761 ferendo,
1118 725 1174 752 aut
1201 720 1396 764 magistratu
1424 721 1607 765 capiendo;
1649 722 1731 755 sicut
1756 722 1889 755 fuerunt
1900 719 1926 739 ⁴¹⁸
1946 723 2040 756 Fun-

191 770 288 809 dani.
318 771 503 814 Formiani,
531 771 689 814 Cumani,
717 771 892 811 Acerrani,
920 771 1098 813 Lanuvini,
1125 772 1327 812 Tusculani,
1361 772 1417 816 qui
1445 778 1521 817 post
1547 770 1708 816 aliquot⁴⁹
1729 785 1830 807 annos
1858 774 1944 808 cives
1965 776 2040 808 Ro-

191 823 279 854 mani
307 823 419 856 effecti
429 820 454 840 ⁵⁰
474 828 556 855 sunt.
610 823 687 856 Alio
709 823 832 864 modo,
859 834 962 866 quum
989 823 1024 855 id
1051 834 1157 868 genus
1180 822 1354 856 hominum
1383 824 1556 863 delinitur„
1585 836 1726 868 quorum
1755 826 1865 859 civitas
1892 826 2041 860 universa

189 874 222 906 in
249 874 412 907 civitatem
441 876 628 908 Romanam
655 871 787 916 venit⁵¹‚
826 879 862 907 ut
888 875 1028 915 Aricini,
1065 874 1211 918 Cerites,
1245 875 1422 920 Anagnini.
1476 876 1612 915 Tertio,
1653 888 1754 919 quum
1781 877 1814 909 id
1842 889 1947 922 genus
1974 878 2041 911 ho-

192 925 316 958 minum
344 926 514 967 definitur,
543 926 599 970 qui
626 926 668 959 ad
695 926 860 960 civitatem
888 927 1075 959 Romanam
1103 926 1147 959 ita
1173 923 1379 968 veneruntffl,
1406 927 1453 959 uti
1464 923 1489 943 5³
1511 927 1689 972 municipia
1715 933 1820 962 essent
1846 941 1904 962 sua
1931 930 2040 963 cuius-

190 988 255 1020 que
283 978 421 1011 civitatis
448 983 479 1010 et
507 978 678 1016 coloniae,
713 983 747 1010 ut
770 978 942 1017 Tiburtes,
977 975 1224 1021 Praenestini⁵⁴‚
1256 978 1384 1017 Pisani,
1421 975 1641 1022 Urbinatesffi,
1675 980 1814 1021 Nolani,
1846 981 2041 1015 Bononien-

190 1024 284 1067 ses5s',
320 1026 521 1074 Nepesiniffl,
555 1029 695 1069 Sutrini,
726 1026 951 1062 Lucrensesffl.

90 1088 211 1122 Mater
240 1088 400 1132 Matuta,
435 1101 562 1130 manes,
597 1101 713 1130 mane,
744 1089 1009 1130 matrimonium,
1043 1094 1150 1122 mater
1178 1089 1342 1129 familiae,
1378 1094 1571 1133 matertera,
1607 1089 1777 1132 matrices,
1804 1091 1962 1124 materiae
1989 1091 2042 1124 di-

191 1146 264 1174 ctae
292 1141 461 1181 videntur,
488 1146 524 1173 ut
550 1140 593 1173 ait
615 1141 769 1183 Verrius,
796 1141 874 1184 quia
900 1137 995 1173 sint⁵⁹
1017 1141 1123 1182 bona,
1151 1141 1264 1184 qualia
1290 1141 1415 1174 scilicet
1442 1141 1503 1173 sint
1513 1137 1548 1181 ⁶⁰,
1576 1153 1662 1184 quae
1689 1146 1761 1174 sunt
1771 1138 1795 1158 ‘⁵¹
1816 1148 1961 1184 matura,
1989 1143 2041 1176 vel

190 1192 302 1236 potius
329 1204 347 1224 a
374 1197 495 1233 matre,
535 1204 621 1236 quae
649 1197 695 1225 est
723 1192 859 1237 originis
888 1188 1084 1225 Graecaeffl.

90 1251 200 1285 Modo
226 1252 393 1296 quodam,
434 1252 468 1284 id
495 1258 543 1285 est
568 1253 695 1285 ratione
721 1252 875 1286 dicuntur
902 1253 1013 1285 omnia
1039 1253 1099 1286 ista
1109 1249 1150 1285 ⁶³:
1191 1252 1431 1293 commoditas,
1473 1252 1687 1294 commodus,
1729 1252 1942 1294 commodat,
1984 1264 2043 1287 ac-

192 1303 403 1340 commodat.
445 1304 597 1343 modice,
625 1303 807 1346 modestia,
834 1304 1042 1345 moderatio,
1069 1304 1288 1339 modificatio.

813 1443 1120 1486 LIBER
1196 1444 1317 1486 XII.

1571 1523 1583 1544 ε,

90 1524 264 1561 Naeuiaffl
287 1535 334 1561 est
362 1539 512 1570 carmen,
539 1529 631 1572 quod
659 1529 691 1562 in
718 1530 835 1562 funere
862 1529 1021 1563 laudandi
1049 1530 1156 1575 gratia
1183 1534 1334 1563 cantatur
1362 1529 1405 1561 ad
1433 1524 1592 1560 tibiamss.
1647 1527 1749 1568 Sunt,
1783 1529 1840 1571 qui
1867 1540 1908 1562 eo
1935 1529 2040 1563 verbo

193 1580 292 1612 tinem
320 1580 498 1624 significari
529 1585 655 1625 putant.
715 1581 862 1621 Quidam
893 1582 1008 1614 volunt
1034 1583 1186 1614 naeniam
1213 1581 1290 1614 ideo
1319 1581 1404 1623 dici,
1452 1578 1547 1623 quod
1575 1579 1650 1611 voci
1679 1578 1816 1611 similior
1842 1580 2047 1624 querimonia

191 1628 372 1664 flentium⁶⁶
395 1632 444 1664 sit.
498 1631 644 1673 Quidam
678 1632 767 1665 aiunt
801 1633 937 1665 naeniae
969 1633 1108 1667 ductum
1135 1643 1258 1666 nomen
1285 1633 1327 1664 ab
1357 1631 1494 1664 extremi
1521 1629 1662 1663 intestini
1689 1631 1872 1671 vocabulo3
1920 1632 2044 1666 Graeci

92 1763 180 1792 modo
195 1764 252 1793 Gu.
265 1768 291 1797 1.
313 1781 355 1787 -—
376 1766 424 1802 38)
446 1766 702 1805 aestimabantur]
717 1768 855 1796 extimab.
871 1769 926 1796 (ἆυ.
942 1771 968 1798 1.
999 1778 1044 1794 ex-

92 1810 141 1834 ist.
157 1817 202 1845 pr.
224 1823 266 1828 —
287 1805 333 1845 39)
357 1807 453 1846 lotae]
477 1808 582 1836 lautae
599 1809 637 1837 M.
660 1826 703 1831 —
722 1809 767 1849 41»)
791 1809 852 1848 vel]
876 1821 934 1838 om.
954 1811 981 1838 L.
1003 1826 1043 1830 —-

92 1850 140 1885 41)
159 1848 224 1888 qui]
248 1859 304 1879 om.
323 1850 352 1877 L.
376 1866 415 1872 --
435 1854 480 1888 42)
505 1851 654 1890 urbanus]
679 1852 795 1880 urbano
813 1854 841 1880 S.
876 1863 933 1882 om.
950 1853 1005 1880 Gu.
1019 1854 1043 1882 1.

92 1907 133 1913 -·
155 1893 202 1929 43)
227 1891 325 1930 quem]
349 1892 396 1920 Sic
411 1893 442 1921 B.
456 1894 486 1922 S.
523 1905 617 1931 quam
635 1895 713 1933 vulg.
737 1911 777 1916 —-
800 1894 846 1934 411)
870 1895 968 1934 quod]
987 1904 1044 1922 om.

1092 1784 1126 1788 --
1151 1768 1197 1804 59)
1220 1768 1294 1801 sint]
1318 1765 1366 1794 Sic
1381 1765 1412 1792 L.
1427 1765 1460 1793 B.
1476 1764 1531 1794 Gu.
1544 1766 1572 1795 2.
1590 1765 1618 1792 S.
1649 1771 1722 1793 sunt
1737 1766 1817 1804 vulg.
1840 1782 1880 1788 --
1903 1768 1947 1804 60)
1971 1768 2043 1805 sint]

1089 1809 1138 1838 Sic
1157 1809 1188 1837 L.
1206 1809 1238 1838 Β.
1257 1809 1294 1837 Μ.
1314 1808 1369 1836 Gu.
1389 1810 1415 1838 1.
1430 1809 1459 1837 2.
1475 1808 1505 1836 S.
1552 1812 1625 1835 sant
1644 1808 1743 1846 vulg,
1771 1808 1853 1848 quod
1876 1819 1932 1839 om.
1949 1809 1980 1837 L.
2003 1826 2044 1831 -—-

1089 1850 1136 1891 61)
1160 1850 1243 1889 sunt]
1259 1852 1321 1878 sint
1337 1850 1367 1878 L.
1388 1865 1430 1870 —
1453 1848 1499 1888 62)
1526 1849 1669 1889 Graecae]
1686 1848 1783 1891 μήτηρ
1799 1851 1868 1880 add.
1880 1851 1912 1880 B.
1935 1867 1975 1873 —
1999 1851 2044 1890 63)

1090 1895 1193 1922 omnia
1211 1893 1293 1932 ista]
1315 1894 1347 1921 A
1363 1891 1450 1920 modo
1473 1891 1533 1920 dic.
1556 1903 1632 1921 omn.
1653 1894 1715 1921 ista
1734 1894 1815 1932 vulg.
1859 1893 1916 1922 Sed
1932 1899 1965 1923 ut
1980 1904 2043 1930 nos,

93 1934 123 1961 L.
146 1950 187 1956 -
209 1936 257 1971 45)
280 1934 411 1974 dicitur]
434 1945 491 1964 om.
506 1936 538 1964 B.
565 1953 607 1959 —
637 1936 682 1976 46)
701 1938 830 1974 fuerunt
850 1939 986 1965 omnium
1002 1946 1047 1963 re·
1090 1937 1132 1964 sic
1155 1936 1211 1965 Gu.
1230 1939 1259 1967 2.
1305 1934 1397 1964 Modo
1421 1934 1555 1973 quodam
1576 1934 1612 1963 id
1630 1941 1673 1963 est
1691 1937 1817 1965 ratione.
1862 1935 1921 1965 dic.
1943 1939 2046 1965 omnia

92 1976 173 2015 rum]
200 1978 336 2004 omnium
350 1988 449 2005 rerum
461 1979 578 2014 suerint
595 1980 627 2008 B.
649 1995 691 2001 —-
713 1979 762 2019 47)
785 1981 873 2009 Rom,
890 1982 965 2015 ciffi]
990 1980 1046 2008 civ.
1090 1980 1152 2006 ista
1168 1988 1188 2005 α
1205 1977 1293 2005 modo
1315 1978 1390 2006 Scal.
1435 1977 1526 2005 Modo
1553 1977 1685 2016 quodam
1705 1980 1724 2006 i.
1740 1990 1763 2006 e.
1785 1984 1844 2010 rat.
1864 1978 1943 2008 unde
1957 1980 2045 2018 fiunt

94 2020 180 2048 Rom.
192 2019 225 2048 B.
248 2036 288 2041 -—
311 2022 360 2057 48)
374 2020 517 2059 fuerant]
540 2021 693 2060 quondam
712 2022 778 2051 add.
791 2023 870 2060 vulg.
917 2022 974 2050 Sed
989 2031 1046 2049 om.
1090 2020 1290 2049 commoditas
1309 2021 1340 2050 L.
1384 2019 1468 2050 Mod.
1485 2020 1576 2059 quod.
1594 2019 1629 2048 id
1647 2026 1689 2049 est
1708 2026 1766 2049 rat.
1782 2021 1841 2051 dic.
1858 2024 1961 2050 omnia
1984 2024 2046 2050 ista

93 2061 180 2090 codd.
202 2066 231 2090 et
253 2062 320 2092 edit.
346 2072 392 2101 pr.
423 2079 462 2084 -
492 2061 541 2103 49)
569 2064 707 2102 aliquot]
730 2066 852 2103 aliquo-r
874 2065 906 2092 B.
933 2080 973 2085 —-
998 2066 1043 2099 50)
1090 2063 1212 2091 amodo
1235 2064 1268 2092 B.
1314 2062 1405 2091 Modo
1430 2074 1457 2101 q.
1475 2064 1493 2091 i.
1510 2074 1533 2092 e.
1554 2064 1671 2092 ratione
1691 2062 1837 2093 dicuntur
1857 2066 1919 2093 ista
1942 2067 2044 2093 omnia

93 2105 204 2144 eſj'ecti]
220 2106 305 2142 sacti
322 2105 354 2133 B.
379 2121 420 2126 —
443 2106 490 2141 51)
514 2105 606 2146 venit]
631 2107 679 2135 Sic
696 2108 726 2135 L.
743 2108 781 2137 Μ.
798 2108 854 2136 Gu.
871 2110 897 2137 1·
911 2109 939 2137 2.
956 2116 1001 2144 pr.
1018 2106 1046 2134 S.

93 2149 203 2175 venerit
224 2148 306 2185 vulg.
353 2146 467 2175 devenit
488 2148 518 2178 B.
548 2164 585 2171 —
617 2151 664 2183 52)
689 2152 846 2184 venerunt]
870 2148 1047 2176 ‹levetzerunt

92 2190 124 2218 B.
147 2207 189 2211 —
212 2191 258 2226 53)
280 2189 339 2228 ιιίι]
364 2191 413 2218 Sic
430 2190 459 2218 B.
479 2190 515 2218 M.
535 2191 592 2220 Gu.
605 2194 633 2223 2.
649 2193 676 2219 S.
713 2198 746 2219 ut
765 2192 794 2220 L.
813 2192 868 2220 Gu.
881 2194 906 2221 1.
924 2201 968 2229 pr.
1002 2193 1046 2218 sic

93 2234 140 2260 uli
159 2232 240 2270 vulg.
262 2249 304 2254 —-
326 2230 373 2271 54)
396 2234 519 2269 Praem]
544 2239 570 2261 et
586 2235 696 2263 Praen.
717 2235 747 2262 B.
769 2250 812 2255 —
834 2232 882 2273 55)
913 2234 1045 2262 Urbina-

93 2278 144 2311 les)
168 2275 216 2302 Sic
234 2275 264 2305 L.
279 2275 312 2302 B.
330 2275 388 2303 Gu.
401 2277 463 2306 1.2.
478 2285 523 2314 pr.
564 2276 730 2314 Arpinates
745 2277 825 2314 vulg.
853 2293 887 2298 —
913 2274 962 2316 56)
984 2278 1047 2304 Bo-

93 2317 261 2356 nonim-s-es]
284 2317 504 2345 Bobutinenses
521 2318 550 2346 L.
567 2328 614 2357 pr.
652 2319 895 2347 Bobontimenses
912 2319 943 2347 B.
981 2321 1046 2347 Bu.-

93 2360 274 2389 butiniensea
294 2362 351 2388 Gu.
370 2363 395 2391 1.
417 2377 458 2382 -—
480 2362 528 2397 57)
552 2361 713 2400 Nepesini]
736 2372 794 2390 om.
812 2362 867 2390 Gu.
886 2365 911 2393 1.
935 2377 977 2383 —
999 2359 1046 2401 58)

1090 2105 1178 2134 modo
1191 2106 1234 2144 fit
1249 2104 1392 2134 commod.
1411 2105 1450 2135 M.
1496 2105 1588 2134 Modo
1611 2117 1638 2144 q.
1656 2107 1676 2134 i.
1692 2118 1713 2135 e.
1729 2109 1846 2136 ratione
1866 2106 1924 2138 die.
1941 2109 2044 2136 omnia

1091 2151 1152 2177 ista
1167 2148 1253 2176 modo
1271 2150 1311 2176 sit
1328 2147 1473 2177 commod.
1490 2148 1558 2177 edit.
1574 2150 1669 2187 princ.
1693 2166 1732 2171 —
1757 2150 1802 2190 64)
1819 2149 1954 2190 Naeuia]
1972 2149 2041 2177 cod.

1090 2192 1169 2231 Lips.
1185 2190 1262 2220 hanc
1278 2191 1404 2229 glossam
1422 2191 1462 2219 ita
1480 2190 1612 2220 exhibet:
1642 2193 1763 2220 Naeuia
1779 2203 1899 2221 carmen
1909 2191 2041 2229 funebre

1089 2237 1123 2262 in
1142 2234 1277 2271 defuncti
1293 2233 1427 2270 laudem,
1459 2233 1543 2272 quod
1556 2234 1634 2262 tibia
1648 2236 1789 2272 canitur,
1813 2246 1871 2274 quo
1886 2234 1971 2262 vcrlao
1988 2237 2041 2260 aut

1081 2277 1161 2315 finis
1188 2277 1396 2316 significatur,
1436 2287 1542 2304 nomen
1570 2277 1659 2305 lzahet
1686 2277 1724 2305 ab
1747 2279 1885 2306 intestino
1906 2280 2040 2307 extremo,

1090 2318 1172 2359 quod
1189 2320 1298 2348 Graeci
1319 2318 1423 2347 dicunt
1448 2315 1596 2360 (lacuna)
1622 2326 1648 2347 et
1665 2320 1774 2348 ultima
1787 2329 1843 2347 vox
1857 2316 2039 2346 chordarum

1090 2364 1179 2390 nenia
1199 2362 1380 2401 appellatur.
1402 2377 1443 2384 ·—-
1466 2364 1514 2399 65)
1538 2361 1582 2390 ad
1599 2361 1727 2399 tibiam]
1750 2372 1769 2389 a
1785 2361 1862 2389 tibia
1875 2360 1905 2387 B.
1930 2373 1965 2379 -
1989 2358 2034 2390 66)

95 2404 231 2439 Sutrini,
254 2401 432 2441 Lucrenses]
456 2404 549 2431 Lacr.
568 2406 650 2433 Sutr.
670 2404 701 2433 B.
747 2406 897 2433 Lucenses
915 2404 944 2432 L.
961 2404 999 2433 M.
1015 2405 1045 2433 S.
1079 2405 1244 2444 flentium]
1258 2405 1390 2443 flentum
1406 2405 1463 2434 Gu.
1483 2407 1506 2435 1.

146 2463 310 2491 GRAMMAT.
336 2473 398 2490 mr.
421 2462 455 2490 ll.

1595 2454 1627 2487 Ο
