2263 2668
526 704 1061 759 PRAEFATIO
1113 704 1565 759 EDITORIS.

77 1085 162 1150 Ex
194 1122 280 1165 quo
314 1109 465 1149 codiee
497 1121 632 1148 manu
667 1116 846 1149 exaram
878 1108 1116 1150 Piuschius
1149 1110 1311 1167 Asperi
1350 1118 1490 1151 artem
1528 1109 1840 1163 emendaverit,
1894 1113 2015 1153 haud

77 1218 306 1268 indicavit,
338 1230 473 1271 quare
507 1216 716 1257 credibile
751 1225 834 1268 est,
876 1218 1049 1258 nullum
1081 1220 1136 1259 ab
1169 1219 1242 1259 illo
1274 1219 1439 1260 librum
1470 1227 1643 1276 praeter
1675 1233 1768 1270 eos,
1802 1219 1879 1274 qui
1908 1229 2013 1262 111110

81 1325 185 1367 edili
226 1334 368 1376 erant,
429 1324 487 1365 ad
527 1339 659 1366 usum
699 1340 790 1366 esse
831 1335 1047 1367 vocatum.
1118 1326 1233 1367 Mihi
1272 1327 1452 1383 quidem
1482 1336 1656 1385 praeter
1686 1327 2018 1382 Ascensianam,

80 1449 195 1490 quae
229 1448 330 1475 cum
360 1433 529 1474 Veneia
563 1434 619 1474 ad
653 1434 844 1491 singulas
877 1437 969 1476 sere
1000 1436 1163 1476 litteras
1197 1436 1447 1492 conspirare
1479 1438 1606 1488 solet,
1644 1436 2018 1491 quemadmodum

77 1543 124 1584 in
156 1543 251 1583 aliis
286 1541 595 1584 Grammaticis
628 1544 730 1584 salis
763 1558 861 1584 sum
894 1544 1097 1596 edoctus,
1152 1545 1274 1585 nulla
1306 1544 1363 1585 ad
1393 1558 1576 1585 manum
1606 1545 1687 1584 suit
1719 1545 1861 1586 editio.
1936 1544 2018 1588 Co-

84 1653 181 1693 dice
223 1660 370 1692 autem
407 1650 502 1692 MS.
541 1666 649 1692 usus
698 1665 797 1692 sum
839 1650 1065 1703 Gofflano,
1128 1654 1361 1693 chartaceo
1408 1651 1608 1705 quidem,
1670 1652 1749 1693 sed
1795 1668 1927 1707 quem
1966 1670 2017 1695 ex

79 1761 242 1818 optimo
275 1768 315 1801 et
346 1759 652 1814 antiquissimo
686 1761 925 1817 exemplari
958 1776 1050 1802 esse
1085 1760 1354 1817 descriptum
1384 1759 1487 1800 satis
1519 1768 1699 1815 apparel
1710 1774 1720 1811 ;
1755 1761 1878 1801 cuius
1911 1775 2017 1802 con-

78 1869 248 1911 serendi
277 1868 541 1910 beneficium
571 1868 788 1925 praestitit
826 1869 937 1910 mihi
967 1869 1228 1917 Diibiier11S‚
1276 1866 1355 1907 Vir
1387 1865 1686 1919 Clarissimus,
1746 1869 1819 1909 cui
1849 1870 2011 1924 gratiae

80 1991 106 2018 a
137 1991 207 2018 me
241 1984 362 2016 actae
394 1985 541 2027 sumo,
581 1985 772 2031 quantae
807 1976 1045 2032 excogitari
1077 1984 1259 2032 possunt
1290 1975 1523 2015 maximae.
1582 1974 1726 2016 Etiam
1756 1976 1828 2017 hic
1862 1977 2012 2032 Asper,

81 2086 155 2127 cui
188 2098 430 2140 cognomen
459 2084 645 2126 Iunioris
678 2084 878 2125 additum
910 2098 999 2124 esse
1031 2092 1135 2140 puto
1168 2096 1194 2123 a
1223 2082 1561 2134 recenlioribus,
1621 2093 1670 2125 111
1702 2100 1805 2126 eum
1836 2087 1891 2127 ab
1924 2087 2014 2144 pri-

80 2209 154 2236 sco
186 2193 260 2234 illo
293 2190 590 2233 Grammalico
623 2192 942 2241 discernerent,
985 2192 1059 2246 qui
1091 2191 1422 2232 commentarios
1454 2192 1500 2231 in
1531 2191 1770 2233 Salustium
1801 2202 1842 2234 et
1873 2193 2014 2250 Virgi-

78 2304 189 2345 lium
221 2300 498 2357 conscripsil,
548 2308 588 2339 01
620 2314 752 2353 quem
783 2299 906 2339 toties
938 2299 984 2339 in
1013 2299 1307 2340 testimonium
1339 2308 1493 2340 vocant
1527 2298 1776 2352 Charisius,
1826 2301 2012 2341 Priscia-

79 2426 188 2459 nus,
252 2409 429 2450 Servius
462 2407 505 2446 in
540 2407 862 2447 commentariis
897 2407 949 2447 ad
985 2407 1238 2463 Virgilium,
1299 2416 1336 2448 el
1370 2408 1634 2465 Pompeius,
1695 2408 1730 2446 is
1763 2406 1936 2459 quando
1971 2414 2006 2444 el

1490 2478 1521 2517 Q
1540 2488 1559 2519 ‘1
1584 2480 1601 2498 *
