2263 2668
571 105 663 139 ARS
689 106 752 139 DE
778 104 964 139 NOMINE
990 103 1056 137 ET
1083 103 1256 141 VERBO.
1310 105 1455 140 SEGM.
1481 105 1537 138 lX.
1950 103 2026 138 349

84 201 178 246 perio
211 195 403 244 comperiffl.
464 198 503 232 In
535 198 596 231 has
621 198 692 232 fere
718 199 861 243 syllabas
888 198 999 231 omnia
1024 197 1142 240 verba,
1182 209 1269 241 quae
1295 203 1433 243 quartae
1460 197 1702 244 coniugationis
1727 207 1844 230 norma
1871 197 2025 241 comple-

85 255 202 294 ctitur,
242 252 274 284 in
299 249 480 296 praeterito
506 249 666 284 desinunt.

1144 334 1202 369 IX.

251 404 284 438 l.
336 403 406 437 Sed
440 415 482 437 ne
517 403 597 447 quid
633 403 854 448 ambiguitatis
886 399 987 436 esse²⁸
1013 402 1117 447 possit
1148 400 1344 442 lectoribus,
1385 413 1451 434 non
1478 398 1788 435 dissimulabimus²¹⁴
1814 400 1858 434 de
1882 400 1946 433 illis
1973 400 2027 433 ‹li-

87 467 180 497 cere,
207 467 293 499 quae
320 455 436 488 rationi
462 451 713 500 refraganturffi.
768 455 851 488 Sunt
877 454 961 487 enim
990 455 1108 495 verba,
1136 465 1222 497 quae
1248 453 1398 497 personis
1408 451 1432 470 ²⁸⁵
1452 453 1626 495 deficiunt,
1655 459 1687 487 et
1712 452 1947 497 impersonalia
1974 451 2027 484 di-

87 513 218 545 cuntur;
251 507 314 540 alia
336 506 462 545 modis3
494 506 558 539 alia
581 507 801 551 temporibus3
837 505 899 538 alia
923 506 1228 550 coniugationibus;
1261 504 1325 536 alia
1348 505 1538 549 participiis.
1589 506 1642 538 De
1669 504 1722 537 his
1749 515 1968 547 exponemus,
1996 507 2028 535 et

87 560 231 604 primum
259 558 302 590 de
327 557 619 602 impersonalibus;
645 569 732 601 quae
758 563 814 590 aut
836 553 1033 590 secundae²⁷
1054 562 1128 590 suut
1154 556 1412 601 coniugationis,
1440 562 1496 588 aut
1520 557 1651 599 tertiae,
1678 561 1836 600 quantum
1864 566 1904 588 ex
1929 554 2025 587 tertia

86 621 228 655 persona
263 609 482 652 contemplari
514 609 602 642 licet.
663 610 760 650 Quae
795 609 959 642 secundae
993 608 1235 653 coniugationis
1267 604 1383 649 summ,
1429 618 1542 640 eorum
1575 608 1640 640 alia
1665 607 1887 641 accusativum
1914 616 2026 638 casum

87 661 238 701 trahunt,
270 665 307 693 ut
330 660 453 704 pudet,
487 661 617 701 taedet,
654 661 766 705 piget,
800 661 966 704 poenitet,
992 660 1140 699 miseret,
1168 660 1281 697 decet;
1318 658 1383 690 alia
1409 658 1574 699 dativum,
1602 665 1636 692 ut
1662 659 1760 699 licet,
1787 658 1909 701 liquet,
1936 657 2027 690 libet.

87 713 200 746 Unum
227 716 290 751 est,
332 712 424 754 quod
450 723 527 745 casu
553 723 619 744 non
647 708 769 756 eget²⁵³,
812 717 953 755 oportet.
1014 712 1058 744 Et
1084 711 1194 743 onmia
1227 710 1439 754 praeteritum
1467 711 1499 742 in
1526 712 1574 744 uit
1601 706 1778 755 syllabas³⁰
1804 709 1951 748 mittunt,
1993 713 2029 740 ut

87 764 225 808 puduit,
252 763 380 807 piguit,
413 764 594 808 poenituit,
630 764 737 803 licuit,
775 763 886 803 libuit,
921 763 1049 801 decuit3
1089 768 1222 807 praeter
1249 758 1355 801 tria³¹‚
1389 772 1530 803 quorum
1557 762 1625 794 duo
1653 761 1812 795 deficiunt
1836 758 2028 804 praeterito,

88 816 193 858 liquet
218 819 251 847 et
276 815 406 853 taedet3
432 826 534 848 unum
562 815 655 858 quasi
681 814 843 858 passivam
870 814 975 847 habet
1001 814 1274 854 declinationem,
1302 813 1451 852 miseret,
1479 824 1553 845 nam
1581 814 1746 846 misertum
1775 808 1856 845 est³²
1879 811 2027 844 dicimus.

88 867 184 900 Licet
208 871 319 898 tamen
329 862 354 882 ³³
381 871 413 899 et
438 867 519 899 libet
544 867 586 899 ad
615 866 702 899 hanc
727 865 972 899 similitudinem
999 866 1142 910 proferri
1168 869 1322 910 possunt,
1363 864 1487 897 licitum
1515 869 1580 905 est,
1621 865 1748 897 libitum
1776 868 1834 896 est.
1887 863 1931 895 Et
1957 867 2030 894 tae-

89 918 148 951 det
169 919 201 950 in
223 918 409 961 composita
435 914 588 962 figura³⁴,
623 923 810 962 pertaesum
839 922 895 950 est.
947 917 1083 950 Tertiae
1109 916 1350 961 coniugationis
1377 915 1612 959 impersonalia
1640 916 1784 948 dativum
1812 926 1870 948 ca-
1899 911 2027 958 [1718]

89 981 162 1003 sum
189 974 372 1009 assumunt,
406 974 442 1002 ut
468 965 674 1013 contingitffi,
710 969 835 1008 evenit,
870 969 1008 1009 accidit,
1042 968 1186 1012 expedit.
1240 967 1416 1009 Quaedam
1444 967 1571 1011 primae
1598 966 1839 1011 coniugationis
1866 966 2031 1009 imperso—

89 1021 177 1053 nalia
202 1021 428 1064 reperiuntur,
466 1026 502 1052 ut
528 1020 631 1062 iuvat,
674 1024 835 1063 praestat;
876 1016 997 1063 quae³⁶
1023 1020 1122 1053 etiam
1155 1019 1250 1053 aliter
1276 1018 1436 1051 declinari
1463 1024 1611 1063 possunt.
1671 1018 1740 1052 Sed
1769 1016 1879 1050 onmia
1904 1022 1970 1048 tam
1998 1015 2031 1047 in

89 1068 234 1105 futuro³²
261 1072 446 1116 imperativi
472 1072 584 1113 modi,
630 1083 729 1114 quam
756 1071 923 1113 infinitivi,
965 1082 1029 1106 nec
1055 1082 1122 1104 non
1149 1071 1247 1104 etiam
1273 1070 1481 1116 gerundivis,
1517 1065 1810 1115 participialibus38
1837 1073 1870 1101 et
1894 1067 2031 1113 partici-

89 1124 154 1168 piis
179 1123 347 1165 utriusque
373 1119 565 1167 temporis³⁹
592 1119 795 1155 deficiuntffl.

254 1174 288 1209 2.
341 1170 548 1207 Defectiva⁴¹
573 1174 606 1206 in
632 1174 741 1206 modis
767 1178 840 1207 sunt
864 1173 962 1207 haec.
1014 1173 1167 1216 Quaeso,
1199 1168 1441 1216 quaesumus⁴²‚
1475 1172 1568 1216 quod
1595 1173 1737 1216 primam
1763 1181 1941 1215 personam
1967 1168 2031 1201 ha-

90 1227 147 1259 bet
172 1225 205 1258 in
232 1225 391 1270 singulari
417 1230 450 1259 et
475 1225 596 1270 plurali
625 1225 794 1259 indicativi
827 1226 920 1259 modi
953 1225 1128 1267 duntaxat,
1171 1225 1250 1259 licet
1276 1235 1445 1269 quaesere
1471 1224 1595 1257 lectum
1605 1220 1630 1240 ⁴³
1656 1224 1696 1257 sit
1721 1223 1813 1267 apud
1841 1221 2030 1256 Sallustium

903 335 1090 368 Suom.

91 1356 149 1388 est5
174 1355 289 1380 mutare
305 1355 402 1380 tamen
415 1352 513 1390 nolui,
537 1353 604 1391 quia
621 1353 776 1392 probabile
792 1357 851 1390 est,
875 1352 916 1381 sic
931 1353 1039 1381 Gram—

89 1394 229 1424 maticum
250 1395 413 1433 scripsisse.
458 1396 527 1424 Post
551 1406 577 1424 v.
592 1398 706 1435 repperi
725 1397 754 1424 in
770 1396 825 1424 Gu.
845 1396 943 1424 statim
967 1395 1039 1423 haec

90 1441 269 1476 sequuntur=
307 1437 454 1466 Omnibus
481 1438 608 1475 syllabis
629 1439 812 1466 desinuntur
834 1437 911 1477 (sic)
938 1440 1040 1466 onmia

90 1479 194 1516 rerba,
224 1490 302 1517 quae
325 1481 429 1507 tertiae
449 1482 675 1520 coniugationis
695 1492 802 1509 norma
823 1481 1039 1519 complectitur.

91 1521 151 1550 Sed
171 1532 287 1559 neque
307 1522 513 1560 ambiguitas
533 1535 593 1551 esse
606 1525 704 1562 possit
723 1529 777 1553 cet.
808 1523 833 1552 A
850 1523 958 1562 quibus
974 1533 1040 1552 ver-

89 1565 136 1593 bis
150 1573 259 1592 novum
273 1569 453 1602 segmentum
470 1565 584 1604 incipit.
605 1583 647 1588 —
668 1569 713 1603 23)
730 1567 833 1594 Possit
847 1577 907 1594 esse
923 1566 955 1596 V.
971 1566 1039 1595 Asc.

90 1607 122 1635 P.
144 1622 186 1627 —
207 1608 251 1640 24)
267 1608 515 1636 Dis-simulamus
531 1609 586 1637 Go.
608 1625 651 1630 —
672 1611 718 1643 25)
737 1610 909 1647 Resragant
926 1609 980 1636 (ιό.
997 1625 1040 1629 -

91 1651 137 1682 26)
151 1648 186 1676 In
197 1650 336 1687 personis
351 1650 404 1679 Gu.
423 1650 477 1680 Go.
492 1650 526 1679 V.
537 1650 602 1679 Asc.
627 1651 683 1679 Sed
701 1652 852 1689 sequentia
871 1651 1039 1687 ostendunt,

90 1695 173 1720 recte
194 1691 223 1719 in
244 1690 275 1719 P.
300 1692 434 1720 omissam
461 1702 523 1722 esse
544 1693 806 1732 praepositionem.
838 1711 873 1716 —
906 1697 950 1728 27)
973 1694 1039 1721 Aut

90 1739 160 1762 sunt
176 1732 323 1762 secundae
339 1734 371 1762 V.
386 1735 453 1762 Asc.
470 1735 501 1763 P.
548 1737 632 1774 Quae
654 1742 709 1764 aut
727 1735 873 1764 secundae
890 1737 1039 1774 coniuga-

92 1777 181 1804 tionis
197 1781 253 1803 aut
269 1778 385 1804 etiam
401 1779 506 1805 tertiae
521 1788 578 1807 om.
591 1785 662 1806 sunt
680 1780 735 1808 Gu.
767 1779 837 1807 Inde
855 1779 891 1807 ab
908 1778 955 1807 his
971 1788 1039 1806 ver-

90 1819 148 1846 bis:
181 1818 268 1855 Quae
283 1825 337 1847 aut
352 1819 497 1848 secundae
513 1826 585 1849 sunt
600 1823 826 1860 coniugationis
842 1827 897 1849 aut
914 1826 971 1850 cet.
989 1820 1038 1848 in-

91 1861 165 1899 cipit
184 1870 301 1889 rursum
316 1861 385 1890 cod.
404 1863 458 1891 Gu.
479 1873 681 1902 papyraceus,
710 1874 795 1902 quem
816 1864 940 1892 alterum
965 1862 1039 1891 dici-

92 1913 170 1938 mus3
203 1902 391 1942 praefixaque
415 1909 459 1933 est
479 1906 635 1945 inscriptio
650 1906 733 1935 talis:
766 1908 862 1935 Focae
877 1906 912 1933 de
929 1907 1039 1943 imper-

91 1945 257 1973 sonalihus.
280 1961 321 1966 —
349 1944 396 1985 2³)
422 1948 508 1983 Quae
529 1948 678 1976 secundae
703 1951 778 1978 coni.
801 1954 882 1977 sunt.
929 1949 1039 1975 Desunt

91 1988 165 2016 haee
181 1987 269 2015 verba
288 1987 316 2014 in
335 1989 470 2017 omnibus
486 1992 655 2028 praetor-P„
676 1992 724 2029 qui
742 1991 820 2019 unde
837 1991 959 2024 habeat,
984 1998 1038 2017 ne-

90 2031 207 2060 scimus.
242 2030 411 2058 Necessaria
428 2036 524 2060 tamen
540 2033 687 2062 videntur.
710 2049 752 2055 —
773 2032 819 2071 29)
847 2031 939 2069 Quod
951 2032 1038 2058 casi-

90 2073 146 2101 bus
160 2083 218 2100 non.
232 2070 346 2109 indiget
362 2072 418 2102 Go.
458 2074 551 2111 Quod
572 2086 647 2103 casu
666 2087 724 2103 notz
742 2074 855 2112 ilzilige!
873 2075 907 2104 V.
923 2074 990 2101 Ase-
1007 2073 1036 2101 P-

88 2131 132 2138 -—
161 2118 206 2151 30)
236 2114 269 2142 ln
292 2115 351 2141 uit
375 2113 492 2144 divisas
514 2118 648 2155 syllaba-s·
669 2118 698 2145 P.
744 2117 779 2145 Iu
802 2119 859 2144 uit
885 2115 1037 2155 syllabam

91 2158 146 2185 Gu.
162 2159 188 2188 2.
206 2157 260 2184 Go.
278 2156 313 2185 V.
329 2156 393 2185 Asc.
427 2157 462 2186 In
479 2161 536 2187 uit
553 2170 609 2188 om.
629 2171 658 2188 v.
672 2160 822 2197 syllabam
839 2160 896 2188 (ιύ.
915 2161 940 2189 1.
976 2159 1036 2186 Re-

89 2199 192 2237 scripsi
208 2198 351 2236 syllabas.
378 2215 412 2220 —
439 2201 486 2238 31)
508 2202 666 2230 Praeterea
683 2212 813 2240 quornm
830 2201 882 2229 Go.
914 2201 1038 2228 Praeter

88 2242 161 2269 liaeo
178 2243 239 2269 tria
255 2252 281 2280 q.
294 2242 349 2271 Gu.
365 2244 390 2272 l.
410 2258 454 2263 —
475 2246 520 2278 32)
547 2245 627 2272 ,Nam
642 2246 780 2271 misertus
794 2254 862 2270 sum
878 2244 933 2270 Gu.
948 2245 974 2274 1.
996 2258 1038 2264 —

88 2285 137 2321 33)
161 2285 201 2312 Et
224 2289 323 2312 tamen
342 2283 411 2311 libet
437 2285 502 2312 licet
519 2286 574 2317 Gu.
592 2289 617 2317 1.
663 2287 709 2314 Et
731 2287 797 2314 licet
822 2291 922 2313 tamen
939 2291 965 2313 et
981 2285 1036 2314 G0.

88 2326 163 2354 'sum
185 2332 223 2354 ut
242 2327 321 2354 laam
341 2328 408 2354 sim.
425 2328 480 2355 Gu.
500 2331 525 2359 1.
558 2345 593 2349 —
624 2329 668 2361 34)
692 2329 723 2355 Ιιι
746 2329 911 2366 composita
928 2329 1037 2366 figura

83 2370 234 2406 formal
247 2374 321 2407 pert.
335 2369 390 2398 Gu.
403 2372 428 2400 1.
449 2385 488 2391 —-
511 2373 555 2405 35)
575 2371 705 2409 Conligit
725 2373 778 2399 Gn,
794 2375 818 2403 1.
833 2386 873 2392 —
888 2373 934 2408 36)
951 2371 1037 2409 Quae

1082 1357 1109 1380 et
1123 1353 1214 1380 aliter
1231 1351 1330 1380 G0.V.
1341 1350 1406 1379 Asc.
1417 1351 1448 1380 P.
1473 1352 1512 1379 Et
1528 1362 1604 1389 quae
1617 1352 1709 1378 eliam
1722 1350 1809 1377 aliter
1826 1350 1882 1379 Gu.
1896 1351 1920 1380 l.
1948 1349 2034 1386 Quae

1082 1401 1109 1423 et
1132 1393 1311 1433 alliquid
1338 1393 1542 1422 declarari
1561 1399 1691 1432 possunt
1714 1393 1767 1421 Gu.
1783 1395 1812 1424 2.
1833 1408 1875 1413 --
1905 1393 1950 1425 37)
1975 1389 2034 1419 Sed

1083 1439 1312 1475 omniasuturo
1335 1442 1399 1464 tam
1413 1438 1483 1475 imp.
1500 1437 1530 1464 P.
1576 1437 1649 1464 Tum
1665 1436 1837 1474 imperativi
1852 1444 1946 1472 quam
1960 1433 2033 1471 infl-

1083 1481 1173 1509 nitivi
1187 1479 1270 1507 morli
1282 1480 1313 1509 P.
1360 1480 1462 1516 Quam
1485 1479 1610 1517 infiniti
1631 1480 1687 1507 Go.
1709 1494 1752 1500 —
1776 1480 1820 1511 38)
1846 1475 2034 1505 Gerundivis

1082 1523 1151 1551 dedi
1167 1532 1205 1551 ex
1222 1523 1277 1550 Gu.
1295 1525 1321 1553 1.
1353 1522 1454 1549 Gerun
1465 1520 1522 1548 dii
1540 1521 1812 1559 velparticipialia
1826 1520 1880 1548 Go.
1913 1520 2033 1547 Gerun-

1083 1565 1138 1593 dia
1149 1564 1353 1603 participalia
1369 1564 1425 1592 Gu.
1442 1567 1472 1595 2.
1516 1562 1680 1591 Gerzmdii's
1691 1562 1904 1601 participialis
1919 1561 1954 1590 V.
1969 1571 2032 1599 ger.

1077 1607 1319 1646 participalibus
1346 1605 1413 1635 Asc.
1459 1605 1588 1633 Verbum
1612 1605 1862 1644 participialibus
1892 1604 1975 1633 deest
2002 1603 2034 1631 iu

1083 1651 1140 1678 Gu.
1158 1653 1186 1681 1.
1208 1665 1250 1670 —
1272 1651 1319 1683 39)
1342 1648 1523 1685 l'articipiis
1539 1649 1700 1686 praeteriti
1719 1653 1745 1675 et
1761 1648 1870 1685 futuri
1892 1647 2034 1684 temporis

1082 1694 1112 1721 P.
1132 1692 1310 1730 participiis
1327 1691 1487 1728 utriusque
1502 1689 1560 1727 def.
1579 1700 1635 1720 om.
1656 1691 1797 1728 temporis
1814 1689 1869 1718 Gu.
1887 1691 1914 1719 1.
1928 1689 2033 1726 parti-

1081 1736 1164 1773 cipia
1187 1735 1347 1771 utriusque
1364 1738 1450 1770 temp.
1466 1732 1520 1761 Gu.
1535 1735 1563 1763 2.
1581 1733 1760 1771 participiis
1782 1732 1944 1769 utriusque
1956 1735 2032 1757 tem—

1075 1777 1224 1816 poribus
1241 1776 1293 1802 Go.
1313 1775 1490 1812 participiis
1514 1776 1672 1813 utriusque
1692 1775 1833 1811 temporis
1850 1773 1883 1802 V.
1900 1775 1965 1803 Asc.
1991 1788 2032 1793 —-

1080 1824 1125 1854 40)
1148 1817 1288 1856 Sequitur
1304 1817 1333 1844 in
1351 1817 1405 1845 Gu.
1421 1819 1448 1848 2.
1478 1816 1573 1847 Finis.
1611 1818 1701 1845 Tum:
1724 1815 1821 1845 Focae
1835 1815 1871 1843 de
1885 1815 1982 1843 verbis
2000 1826 2032 1843 m

1081 1860 1179 1889 niudis
1197 1859 1376 1899 deffectiva
1399 1875 1439 1880 --
1466 1860 1511 1892 41)
1534 1860 1695 1898 Defecliva
1712 1859 1800 1888 verba
1817 1860 1849 1886 in
1867 1858 1922 1887 Gu.
1943 1861 1967 1888 1.
1993 1875 2025 1879 -

1081 1904 1128 1940 42)
1154 1904 1348 1941 Quaesumus
1363 1901 1494 1930 additum
1510 1912 1546 1930 ex
1561 1902 1618 1931 Gu.
1629 1905 1655 1934 1.
1683 1903 1729 1931 Ex
1745 1901 1847 1930 eodem
1863 1900 2031 1930 adiicienda

1080 1946 1201 1974 suerunt
1224 1954 1273 1974 vv.
1294 1946 1326 1973 in
1347 1944 1504 1983 singulari
1525 1950 1552 1973 et
1570 1945 1702 1984 plurali.
1743 1945 1818 1973 Nam
1848 1953 2032 1983 quaesumus

1080 2005 1225 2043 scriptum
1244 2015 1286 2044 qs,
1310 2014 1347 2033 ex
1360 2004 1546 2042 ignoratione
1562 2004 1731 2044 compendii
1749 2004 1899 2039 omissum,
1915 2002 2031 2040 reliqua

1080 2057 1180 2076 secum
1200 2047 1299 2076 traxit.
1324 2063 1360 2067 —-
1383 2045 1431 2087 43)
1453 2048 1541 2075 Licet
1561 2049 1697 2086 quaesi
1721 2047 1902 2075 relictum
1918 2046 1958 2072 sit
1975 2045 2030 2073 Go.

1081 2090 1136 2118 Gu.
1151 2092 1195 2126 2.,
1219 2089 1274 2118 nisi
1295 2088 1374 2127 quod
1391 2089 1446 2118 Gu.
1460 2092 1488 2121 2.
1510 2091 1609 2128 quasi.
1654 2090 1711 2118 Pro
1730 2100 1867 2128 quaesere
1881 2090 1912 2116 in
1929 2088 1985 2116 Gu.
2004 2091 2030 2118 t.

1080 2143 1224 2170 quaerere.
1257 2131 1332 2160 Tum
1350 2141 1398 2160 vv.
1414 2137 1440 2159 et
1462 2133 1596 2160 Tullium
1611 2143 1668 2162 om.
1687 2133 1742 2161 Gu.
1762 2135 1787 2163 1.
1824 2132 1976 2159 Caeterum
1993 2129 2030 2157 cl'.

1080 2176 1140 2204 Cic.
1155 2175 1185 2203 in
1201 2175 1279 2202 Arat.
1295 2177 1360 2211 18.,
1392 2174 1442 2202 ubi
1466 2175 1514 2203 alii
1531 2186 1670 2214 quaesere
1684 2175 1733 2203 alii
1750 2184 1889 2213 quaerere
1905 2172 2029 2201 infiniti-

1078 2227 1148 2244 vum
1172 2221 1341 2255 posuerunt-
1389 2217 1433 2245 Ex
1454 2217 1513 2246 hoc
1535 2218 1601 2247 loco
1618 2228 1759 2257 quaesere
1774 2217 1850 2245 inter
1869 2216 2025 2251 fragmenta

1079 2259 1208 2288 Sallustii
1229 2259 1329 2298 posuit
1345 2259 1481 2290 Gerlach.
1504 2271 1571 2300 pag.
1587 2263 1660 2293 247.
1705 2260 1750 2289 Cs.
1766 2263 1918 2299 praeterea
1939 2255 2025 2284 etiam

1078 2302 1182 2331 Festus
1197 2312 1220 2330 s.
1235 2312 1263 2331 v.
1281 2302 1408 2340 Quaeso.
