2263 2668
390 180 464 216 226
1012 179 1151 214 SEXTI
1177 180 1378 217 POMPEII
1404 181 1544 218 FEST1

387 275 546 322 gnificare
573 272 710 305 videtur
735 273 960 317 interruptio,
994 273 1203 319 abruptiove
1230 276 1310 308 dum
1339 277 1441 308 verba
1468 275 1633 309 ancilibus
1659 276 1839 309 movendis
1859 278 1997 321 praeit,
2024 276 2054 309 si
2080 277 2169 309 inte-

251 332 287 357 's.
306 331 361 357 avis
388 328 449 360 rim
475 325 545 357 vis*
568 324 708 365 canerit,
746 327 819 356 tum
846 333 957 368 aeque
984 329 1088 370 atque
1115 328 1289 372 (inspicio,
1326 328 1468 371 augurio
1496 333 1684 361 rumentum
1712 328 1819 361 estod.
1873 328 2096 373 Rhegium
2121 328 2170 361 εὶ-

216 383 250 407 ἰῖ
275 382 378 415 regione
387 375 557 422 gng'ficare
583 380 741 419 oportere
769 376 812 408 ait
827 371 846 423 Η
867 375 998 410 Verrius
1023 377 1058 409 id
1086 379 1320 423 municipium,
1348 379 1441 421 quod
1467 380 1499 411 in
1525 379 1612 411 freto
1636 391 1654 411 e
1678 383 1807 423 regno·
1830 378 1965 412 Siciliae
1989 385 2052 412 est:
2090 378 2168 425 [80]

227 434 262 458 Ὗ.
289 426 544 471 ῥῆξαι,ψιοηίαιιι
570 426 606 460 id
633 427 760 460 dictum
788 433 836 460 est
862 439 882 459 a
908 429 1112 472 rumpendo,
1139 430 1233 473 quod
1260 437 1308 462 est
1328 430 1460 464 Graece
1488 433 1639 477 ρἀταῖαι
1651 432 1675 470 *‚
1708 441 1749 463 eo
1776 430 1913 473 quidem
1939 431 2065 475 magis,
2091 431 2170 474 quia

216 475 420 534 'If—Rg¹.⁰¹¹d⁰¹¹vin
442 478 556 511 Gallia
576 477 744 522 Cisalpina
772 479 828 512 ubi
854 479 966 512 forum
987 480 1110 524 Lepidi
1136 482 1261 523 fuerat,
1296 481 1444 526 Regium
1471 487 1619 515 vocatur.
1672 481 2169 525 Rhondesicadionque*

219 518 265 568 ff}
285 517 379 575 ἓξὲξ.
390 541 466 564 cum
494 529 579 562 dixit
603 530 770 571 Lucilius,
815 542 881 573 quo
909 531 1043 564 nomina
1069 533 1215 577 riparum
1227 535 1254 548 *²*
1276 534 1404 576 posuit,
1446 539 1514 566 tam
1540 533 1694 566 infestum
1721 533 1782 566 sibi
1809 544 1931 578 corpus
1958 539 1992 566 et
2016 533 2171 565 valitudi-

217 577 378 636 mintrpira-
390 593 467 615 nem
493 581 658 622 referens,
691 593 792 625 quam
820 582 901 615 levis
929 582 1021 626 sed†
1043 585 1141 617 saluti
1167 584 1402 629 navigantium.
1455 585 1701 618 Rhinocero
1712 590 1792 618 tem
1820 585 1959 628 quidam
1987 596 2056 617 esse
2082 584 2172 617 aiunt

216 620 511 677 sss.‘¹;i1‘{¹¹¹e⁵-bovem
531 633 747 678 Aegyptium.
801 634 960 667 Redem
969 639 1113 679 ptores
1140 637 1278 680 proprie
1303 642 1404 679 atque
1430 637 1564 679 antiqua
1591 637 1829 671 consuetudine
1856 637 2070 675 dicebantur,
2113 636 2171 678 qui

240 684 328 745 4⁵5¹*
351 718 362 739 t
389 696 465 719 cum
492 684 573 728 quid
599 685 736 729 publice
762 685 970 727 faciendum,
998 690 1090 730 ut††
1112 687 1343 732 praebendum
1367 688 1583 720 condixerant
1594 691 1618 727 ¹⁴,
1646 688 1913 731 effecerantque,
1940 694 2011 721 tum
2034 687 2171 720 demum

215 721 379 774 {emidffie-
389 736 549 781 pecunias
577 737 796 781 accipiebant.
832 749 909 770 nam
937 738 1112 782 antiquitus
1138 751 1250 772 emere
1277 751 1340 783 pro
1369 740 1522 784 accipere
1549 741 1746 783 ponebatur.
1783 746 1816 773 at
1842 739 1878 772 hi
1904 750 1991 773 nune
2017 739 2172 773 dicuntur

233 787 640 843 n{2¹¹Rsedi-redemptores,
685 788 743 831 qui
776 789 855 831 quid
890 790 1117 824 conduxerunt
1151 791 1398 835 praebendum,
1445 792 1682 834 utendumque.
1744 791 1973 825 Redibitur
2003 792 2112 823 tum*⁸
2135 790 2170 822 id

267 837 346 877 bitum
389 840 530 884 proprie
557 838 694 881 dicitur,
730 840 823 883 quod
849 841 1018 874 redditum
1045 848 1110 883 est,
1137 843 1432 886 improbatumque
1459 846 1524 886 εΗ·
1551 844 1608 886 qui
1634 843 1745 884 dedit,
1773 843 1931 886 idemque
1956 853 2064 875 rursus
2090 852 2168 875 coa-

258 887 301 917 †f.
321 886 345 912 ei
389 896 460 925 ctus
487 896 534 924 est
560 891 688 924 habere
713 891 768 935 id,
814 892 907 935 quod
941 898 1016 926 ante
1051 893 1177 927 habuit.
1238 894 1465 927 Rediviam
1499 895 1655 938 quidam,
1700 894 1756 926 alii
1789 895 1950 928 reluvium
1985 892 2170 937 appellant,

215 941 279 972 ††f.
307 940 377 966 luere
387 954 464 977 cum
491 943 580 977 circa
607 943 727 988 unguis
754 944 835 977 cutis
861 956 895 977 se
922 945 1072 987 resolvit,
1109 946 1186 989 quia
1212 957 1309 978 ruere
1319 949 1365 988 -Η-
1390 953 1437 979 est
1471 948 1609 979 solvere.
1662 946 1803 979 Titinius
1829 946 1862 978 in
1889 945 2021 979 Setina:

491 1003 703 1036 lassitudo
730 1014 979 1044 conservum
1007 1003 1222 1046 rediviae,
1260 1012 1299 1038 et
1326 1006 1469 1050 flagri.

388 1068 422 1096 et
444 1063 575 1096 Livius:

490 1122 653 1156 Scabra
679 1124 717 1156 in
746 1124 948 1169 legendo,
993 1125 1276 1159 reduviosave
1304 1125 1542 1159 offendens.

215 1181 250 1234 ”3¹
278 1180 674 1224 Nm'iusRedhostire,
713 1184 838 1217 referre
864 1185 1015 1230 gratiam.
1068 1187 1212 1220 Navius*
1237 1188 1270 1220 in
1293 1186 1411 1231 Lupo:

243 1222 380 1282 s'iffffieoe
494 1243 571 1276 Vel
595 1243 749 1276 Veiens
776 1254 916 1288 regem
945 1246 1133 1280 salutant
1160 1248 1330 1281 iubae**

215 1299 378 1331 †f.Amu1ium
492 1295 700 1328 Albanum
728 1295 938 1339 mulium-1·
962 1298 1164 1332 comitem
1192 1310 1329 1332 senem
1357 1298 1598 1341 sapientem

490 1351 637 1380 contra
663 1345 883 1379 redhostis
912 1348 1118 1383 Meualus.

390 1402 422 1430 et
443 1397 563 1430 Accius
589 1398 622 1430 in
646 1397 913 1442 Amphitryone:

216 1451 379 1482 ††s.redho-

258 1487 345 1511 stitum
491 1457 597 1491 cedo
625 1458 785 1501 ecquid
812 1464 851 1492 te
877 1458 1183 1493 redhostitium
1199 1462 1241 1498 Η-
1265 1471 1357 1494 cum
1382 1471 1449 1492 eas
1477 1470 1558 1491 sem
1586 1456 1803 1490 obiectet*
1828 1456 2011 1491 facilius.

217 1520 466 1550 *Lcumineanam
495 1522 527 1550 et
554 1516 718 1551 hostire
747 1529 810 1562 pro
837 1531 981 1562 aequare
1008 1524 1199 1563 posuerunt.
1253 1519 1377 1552 Ennius
1402 1519 1434 1551 in
1458 1517 1688 1562 Cresphonte:

217 1564 242 1580 ⁵⁰
269 1555 381 1580 oblectet
493 1568 642 1611 Audis,
676 1575 799 1612 atque
827 1570 988 1603 auditis
1016 1570 1323 1604 hostimentum
1351 1570 1592 1614 adiungito.

391 1624 423 1652 et
448 1620 481 1652 in
504 1620 660 1653 Hectoris
687 1621 797 1664 lytris:

219 1667 379 1693 “Rhostiris
491 1682 596 1714 quae
622 1683 711 1704 mea
738 1672 926 1706 cominus
953 1671 1201 1714 machaera,
1238 1678 1366 1715 atque
1393 1672 1515 1704 hasta
1541 1670 1760 1714 hospius*·
1785 1680 1915 1702 manu.

389 1726 422 1756 et
445 1723 608 1756 Pacuvius
635 1723 668 1755 iu
686 1723 842 1757 Teucro:

491 1774 581 1807 Nisi
607 1784 790 1809 coerceo
817 1776 1147 1819 protervitates,
1185 1779 1314 1818 atque
1341 1774 1484 1807 hostio
1511 1774 1731 1807 ferociam.

232 1810 374 1877 sslfistffiffi'e
391 1825 725 1865 Redantruare†
748 1826 870 1860 dicitur
896 1827 929 1859 in
952 1826 1119 1860 Saliorum
1147 1826 1419 1867 exultationibus,
1447 1837 1524 1861 cum
1550 1825 1684 1870 praesul
1711 1823 1909 1868 ampiruavit
1920 1824 1974 1863 ††,
2001 1820 2094 1865 quod
2117 1824 2174 1857 est,

239 1879 367 1944 ÷pirfxiaawll¹s
393 1882 499 1909 motus
527 1877 649 1919 edidit,
683 1879 738 1911 ei*
766 1878 955 1911 referuntur
980 1877 1123 1912 invicem
1150 1878 1250 1912 iidem
1277 1882 1396 1911 motus.
1449 1877 1613 1911 Lucilius:

265 1947 298 1970 Ὗ,
319 1951 345 1970 et
495 1930 668 1971 praesul
696 1926 718 1978 Η
746 1935 788 1962 ut
814 1930 1048 1974 ampiruet,
1084 1930 1182 1963 inde
1209 1930 1363 1975 vulgus
1389 1928 1675 1973 redamplavit
1691 1928 1728 1959 **.
2094 1921 2173 1968 [81]

226 1979 271 2003 '‘f.
291 1980 429 2019 tedam-at
456 1979 630 2013 Pacuvius:

259 2018 355 2038 truavit
979 2033 986 2039 .

226 2047 389 2077 †1‘.Pr0me-
499 2030 845 2070 Proaertrenda†
872 2037 1024 2077 gratia.

226 2081 376 2158 ††:Z¹‹;2:¹p
500 2079 628 2114 Simul
655 2094 745 2117 cum
773 2083 936 2117 videam
964 2084 1118 2117 Graios
1145 2082 1253 2116 nihil
1280 2083 1563 2116 mediocriter

260 2160 346 2183 truare
502 2131 852 2177 redantruare††‚
896 2136 1138 2179 opibusque
1165 2134 1330 2168 summis
1357 2135 1569 2179 persequi.
2021 2180 2028 2186 .
2079 2178 2087 2186 .

262 2178 366 2218 ·f.111'.
400 2176 650 2216 Redivivum
677 2191 723 2218 est
750 2198 789 2220 ex
817 2190 942 2220 vetusto
968 2191 1174 2221 renovatum.
1229 2186 1349 2221 Cicero
1376 2186 1436 2219 lib.
1458 2185 1509 2220 L*
1530 2186 1562 2218 in
1586 2183 1735 2217 Verrem.
1788 2182 1936 2216 Utrum
1967 2185 2174 2213 exrstnna-

401 2228 454 2262 fis
480 2230 612 2266 minus
639 2238 775 2278 operis
802 2249 892 2272 esse
919 2250 1067 2273 vanam
1098 2239 1336 2273 columnam
1370 2237 1554 2272 efficere
1587 2236 1635 2269 ab
1668 2235 1840 2279 integro
1874 2243 2021 2266 novam
2054 2228 2173 2264 nullo

400 2363 524 2390 canerit.
587 2362 644 2392 Hic
687 2375 755 2394 sane
800 2369 899 2407 lapsus
937 2370 1038 2398 locum
1076 2370 1263 2410 antiquitatis
1303 2382 1420 2410 gaes-re.
1463 2371 1509 2399 Ur
1519 2381 1542 2400 ε,
1574 2387 1611 2392 —
1651 2368 1684 2410 2)
1708 2367 1910 2408 Spoponditve
1931 2369 2009 2394 recte
2030 2361 2107 2390 Scal.
2130 2376 2172 2382 —-

402 2403 620 2435 subobscurum
634 2428 643 2442 ,
689 2408 818 2437 reddidit
853 2412 1065 2441 obscuriorem.
1114 2415 1143 2442 U
1148 2425 1194 2442 rs.
1223 2429 1265 2436 -—
1307 2416 1337 2451 3)
1363 2413 1474 2453 quibus
1503 2424 1548 2451 pe
1567 2413 1696 2452 palatas
1719 2417 1762 2439 est
1784 2411 1815 2439 in
1839 2409 1900 2438 Vet.
1932 2406 2003 2436 Cod.
2026 2407 2171 2432 testantur

403 2442 433 2484 1)
460 2445 696 2487 Redarguisee]
735 2450 856 2480 videtur
892 2454 1082 2484 scribendum
1100 2478 1108 2492 ,
1146 2455 1264 2485 Redar-
1308 2456 1383 2486 Ven.
1407 2457 1454 2484 Sc.
1478 2472 1519 2478 —
1540 2456 1571 2495 4)
1596 2456 1716 2485 Nacta-r
1737 2455 1768 2482 in
1784 2452 1847 2481 Vet.
1861 2449 1932 2479 Cod-
1947 2457 2010 2478 esse
2023 2451 2171 2475 testantur
