2263 2668
497 143 562 178 DE
581 139 978 179 SIGNIFICATIONE
1006 139 1292 179 VERBORUM.
1352 143 1499 179 LIBER
1522 142 1617 180 ΧΙΠ.
1954 145 2030 182 543

77 238 251 270 Muneribus
274 236 350 275 nati,
383 236 414 265 id
436 241 495 273 est,
529 237 646 267 theatro
668 237 818 272 Marcelli,
856 233 907 264 cui
933 234 992 263 suit
1015 233 1157 265 Octaviae
1182 237 1317 276 porticus
1341 238 1496 276 contigua,
1534 236 1615 266 unde
1637 246 1699 266 eam
1719 237 1865 276 porticum
1886 236 2030 268 Marcelli

76 283 213 312 nominat
234 280 350 310 Festus.
388 279 515 318 Vestigia
539 281 601 309 eius
624 281 701 310 inter
723 282 752 309 S.
769 278 924 308 Nicolaum
946 277 978 305 in
1002 287 1122 306 carcere
1145 284 1173 308 et
1196 281 1225 308 S.
1240 280 1361 309 Mariam
1384 279 1415 309 in
1437 280 1570 319 porticu,
1594 280 1645 308 ubi
1669 280 1753 308 locus
1775 286 1813 309 ex
1836 279 1930 308 ruinis
1951 282 2029 309 emi·

77 325 206 355 nentior.
253 323 354 352 Altera
377 327 473 351 autem
498 323 550 353 Cn.
574 323 708 359 Octavii,
735 321 852 352 duobus
875 319 1044 349 nominibus
1069 320 1134 349 aliis
1157 323 1304 362 appellata
1330 334 1346 352 a
1369 328 1535 359 structura,
1561 320 1729 359 Corinthia,
1759 333 1774 350 a
1797 322 1932 361 pictura,
1955 322 2030 352 Per·-

75 369 125 399 sei,
169 367 243 396 Nam
267 365 317 395 Cn.
341 365 484 394 Octavius
506 364 544 394 de
568 367 656 395 Perse
679 364 870 394 Macedoniae
890 372 959 401 rege
981 363 1166 402 triumphum
1189 375 1293 403 agene,
1331 375 1368 394 ex
1392 366 1538 395 manubiis
1566 375 1629 394 eam
1657 365 1807 402 condidit,
1840 369 1870 394 et
1891 375 1940 394 res
1963 375 2031 395 suas

76 415 174 449 gestas
196 411 228 438 in
251 417 283 437 ea
307 407 508 447 depingendus
532 410 668 444 curavit,
700 407 780 437 unde
802 407 906 436 merito
929 406 1135 434 amoenissima
1159 417 1174 435 a
1198 406 1311 437 Velleio
1334 407 1475 446 habetur,
1505 408 1556 447 qui
1578 407 1662 436 addit
1684 417 1747 436 eam
1768 408 1799 436 in
1822 407 1908 436 Circo
1930 408 2029 439 fuisse.

74 453 194 482 Circum
218 451 395 480 Flaminium
417 451 548 489 intellige
571 462 609 480 ex
632 449 743 488 Plinio,
766 455 852 480 etex
874 448 995 478 Victore
1018 449 1047 476 in
1070 449 1190 486 regione
1210 450 1263 480 IX.
1300 451 1412 480 Extant
1433 451 1555 488 vestigia
1577 451 1656 479 intra
1679 450 1779 478 aedem
1802 450 1833 479 S.
1856 450 1971 479 Nicolai
1992 450 2031 481 de

76 493 228 531 Calcaria,
263 499 293 523 et
321 494 429 523 turrim
459 495 658 532 argentinam,
696 494 852 522 columnae
874 490 947 520 semi
969 491 1095 519 obrutae
1118 502 1184 520 cum
1209 493 1354 533 capitellis
1376 493 1544 524 Corinthiis.
1590 493 1708 532 Duplex
1730 493 1934 521 columnarum
1957 493 2031 523 ordo

75 539 151 575 fuit,
175 536 349 566 auctoribus
371 541 400 565 et
421 536 517 565 Plinio
541 541 571 566 et
593 537 724 565 Victore.
770 536 870 572 Quare
892 531 1006 573 duplex
1027 533 1115 562 etiam
1140 535 1238 565 dicta:
1270 546 1337 564 cum
1361 542 1436 565 esset
1457 535 1596 565 incendio
1620 535 1801 571 deformata,
1825 535 1856 563 in
1879 536 2031 565 meliorem

75 581 203 610 formam
227 579 263 608 ab
289 581 420 617 Augusto
443 579 569 608 reducta
592 584 645 608 est.
679 578 767 609 Dae.
814 577 972 606 Decemvir.
1004 576 1231 608 Decemvirum.
1279 577 1382 608 Goth.

245 620 390 662 Ogygia
415 623 570 651 moenia.
614 621 747 658 Thebae,
784 620 821 649 ab
845 621 947 658 Ogyge
968 617 1174 657 antiquissimo
1196 630 1265 659 rege
1288 625 1356 649 ante
1379 620 1540 656 Cadmum,
1575 619 1656 649 unde
1682 618 1788 659 Ogygii
1810 619 1883 648 dicti
1905 618 2032 657 antiqui.

75 663 222 704 Hesych:
244 661 386 705 ’.Ωγυγίου
408 666 541 695 παλαίου
561 668 617 694 etc.
651 665 741 693 Item:
766 660 890 703 Ὠγύγια
913 659 1020 701 ἀρχαῖα
1042 663 1118 701 τείχη
1126 674 1135 700 ,-
1158 662 1229 692 inde
1253 662 1368 703 Ogygia
1389 662 1485 700 mula,
1511 662 1626 703 Ogygia
1654 663 1746 703 Tyrus
1769 662 1928 701 Dionysio3
1954 660 1995 701 00
2016 676 2033 686 —

74 707 119 747 gii
140 714 251 736 montes
274 707 413 737 Pindaro,
453 707 526 736 Vide
549 707 662 736 Erasini
686 706 798 744 adagia.
843 705 932 734 Dac.
1970 727 1971 730 ,

246 748 426 780 Occasus.
471 750 675 779 Glossarium:
716 747 865 785 Occasus,
901 744 1083 786 σύμπτωσις.
1128 747 1265 777 Putarem
1290 747 1418 776 Ennium
1446 747 1616 786 scripsisse:
1656 746 1694 775 Ut
1724 745 1812 775 datus
1835 753 1876 774 est
1898 756 2033 782 occasus,

76 790 225 820 Hor-atius
245 789 368 820 inclutu’
389 790 478 822 saltu.
520 791 710 821 Describebat
733 791 845 819 Ennius
867 790 1058 819 Horatiorum
1083 794 1112 818 et
1135 791 1337 820 Curiatiorum
1360 795 1518 819 certamen.
1545 788 1648 819 Scal.
1691 789 1804 828 Supple
1827 798 1861 817 ex
1886 788 2032 826 epitome:

76 844 200 864 occasus
221 834 369 871 imeritus,
399 833 446 866 vel
467 833 538 865 solis
559 835 664 864 mersio
688 845 752 863 cum
777 838 833 862 etc.
878 832 976 861 Verba
998 832 1103 861 Ennii:
1798 831 1801 833 ’

615 876 679 906 Hic
703 877 821 906 occasu'
844 873 926 904 datu’
947 880 1009 914 est3
1030 881 1062 904 at
1085 872 1233 904 Horatius
1253 873 1377 904 inclutu'
1400 872 1497 903 saltu’.

76 917 130 947 Vel
151 918 245 947 forte:

608 960 674 991 Hic
695 961 814 992 occasu'
838 959 920 990 ‘latu'
943 967 1005 999 est,-
1035 967 1066 989 at
1088 958 1239 990 Horatius
1260 958 1389 989 inclutus
1411 966 1486 990 astu.

76 1001 118 1030 De
140 1000 265 1031 Horatio
286 1003 340 1041 qui
363 1008 430 1033 astu
452 1003 599 1033 Curiatios
622 1005 782 1043 superavit.
813 1003 869 1033 Da
879 1014 902 1033 c.
949 1001 1084 1033 Inclutus
1104 1001 1184 1032 saltu
1206 1002 1244 1031 ad
1267 1002 1462 1031 imitationem
1485 1000 1567 1029 illius
1591 999 1740 1029 Homerici
1763 996 1859 1035 πόδας
1882 996 1962 1035 ὠκύς
1985 998 2034 1029 ὀὶ,-

74 1048 156 1073 cmm
178 1044 431 1119 VldeOugbisum.
479 1087 612 1118 Occisus.
654 1088 699 1118 Ex
720 1087 809 1117 Festo
831 1087 930 1117 scribe
950 1098 970 1116 a
993 1085 1142 1118 caedendo
1165 1094 1192 1117 et
1215 1087 1285 1117 ictu.
1315 1085 1418 1115 Fulv.
1446 1085 1523 1115 Urs.
1571 1082 1772 1114 OCCISUM.
1799 1082 1874 1112 SEI.
1899 1081 2036 1112 HOMI-

73 1127 179 1158 NEM.
213 1128 407 1162 FULMEN.
437 1129 565 1160 lOBIS.
597 1129 776 1161 OCCISIT.
806 1129 882 1160 EM.
913 1129 1072 1160 SUPRA.
1105 1127 1264 1159 GENUA.
1300 1126 1506 1158 TOLLITO.
1538 1125 1684 1156 HOMO.
1716 1124 1791 1155 SEI.
1821 1124 2034 1155 FULMINE.

77 1169 266 1201 OCCISUS.
288 1172 395 1202 ESIT.
417 1173 471 1202 EI.
492 1172 641 1203 IUSTA.
663 1172 831 1203 NULLA.
852 1171 981 1202 FIERI.
1008 1170 1255 1203 OPORTETO.
1298 1172 1452 1210 Scriptum
1474 1168 1623 1210 ἀρχαϊκῶς
1645 1169 1724 1198 Iobis
1748 1179 1802 1207 pro
1825 1168 1923 1206 Iovis,
1950 1168 2034 1206 quod

74 1214 178 1252 potius
196 1214 391 1244 librariorum
412 1216 585 1256 impunitati,
609 1220 638 1245 et
657 1216 839 1255 depravatae
860 1215 1104 1255 pronunciationi
1127 1215 1165 1244 ad
1185 1214 1393 1251 scribendum,
1416 1213 1596 1251 ubicumque
1619 1212 1720 1250 fulgur
1742 1210 1891 1240 hominem
1915 1210 2037 1240 occide·-

73 1261 138 1294 rat,
163 1256 206 1285 ibi
227 1258 436 1296 sepeliebatur.
482 1258 704 1289 Artemidorus:
736 1255 774 1289 οὗ
796 1256 853 1298 γὰρ
878 1259 910 1289 οἱ
928 1257 1174 1298 κεραυνωθέντες
1195 1258 1418 1297 μετατίθενται,
1445 1252 1511 1286 ἀλλ’
1535 1254 1615 1286 ὅπου
1637 1252 1676 1285 ἂν
1698 1252 1757 1285 ὑπὸ
1782 1256 1838 1284 τοῦ
1860 1250 1958 1293 πυρός
1979 1265 2036 1287 καρ-

73 1301 287 1338 ταληφθῶσιν,
310 1299 446 1332 ἐνταῦθα
468 1299 650 1332 θάπτονται.
693 1301 807 1330 Plinius
831 1301 863 1329 in
887 1300 1042 1330 catholicis
1065 1301 1216 1339 fulgurum
1241 1297 1298 1340 (11,
1322 1298 1406 1339 55.):
1437 1297 1596 1328 Hominem
1619 1298 1663 1327 ita
1686 1297 1887 1326 exanimatum
1912 1296 2038 1325 cremari

68 1340 125 1383 fas
147 1353 206 1371 non
228 1349 286 1379 est,
309 1342 399 1373 condi
420 1351 498 1373 terra
521 1343 623 1383 religio
647 1342 748 1372 tradit.
785 1343 1015 1382 Sepeliebantur
1036 1348 1134 1377 autem
1157 1343 1194 1372 ab
1218 1343 1418 1381 aruspicibus.
1466 1343 1577 1369 Seneca
1602 1340 1638 1369 de
1663 1339 1825 1368 Clementia
1849 1338 1899 1367 lib.
1913 1338 1948 1367 l.:
1971 1336 2038 1367 Eo·-

71 1385 139 1424 quis
160 1395 259 1424 regum
281 1385 335 1414 erit
356 1393 448 1423 tutus,
486 1387 569 1416 cuius
592 1396 650 1415 non
673 1384 803 1415 membra
826 1387 975 1425 aruspices
997 1384 1171 1424 colligant?
1212 1383 1327 1424 Quodsi
1349 1385 1403 1414 Dii
1423 1382 1605 1423 placabiles,
1642 1388 1669 1410 et
1690 1383 1776 1421 aequi
1799 1380 1908 1410 delicta
1927 1387 2038 1419 poien—

72 1427 144 1455 1ium
173 1437 232 1456 non
259 1428 358 1456 statim
384 1427 563 1468 fulminibus
590 1435 816 1469 persequuntur,
850 1433 905 1457 etc.
931 1426 1034 1458 Scal.
1072 1428 1212 1457 Necatus.
1252 1427 1336 1456 Adde
1360 1437 1452 1465 supra
1473 1425 1548 1455 Neci
1571 1424 1666 1454 datus.
1705 1424 1739 1453 A
1762 1422 1909 1453 caedendo
1932 1421 2038 1454 dictus·

72 1470 97 1497 A
119 1469 273 1541 caedendi)
297 1475 326 1499 et
348 1471 422 1500 ictu.
455 1471 519 1501 Nec
540 1482 630 1511 supra
653 1472 755 1500 ianua.
785 1471 847 1500 Nec
869 1481 962 1510 supra
983 1481 1100 1509 gamma
1121 1470 1256 1501 tollenda
1279 1475 1333 1500 est.
1364 1468 1468 1500 Homo
1491 1467 1518 1497 si
1539 1467 1653 1497 occisus
1674 1474 1716 1495 est
1735 1464 1871 1507 fulmine.
1903 1465 1945 1495 Cf.
1960 1464 2036 1493 Plin.

71 1512 99 1541 11
139 1512 191 1544 54.
274 1512 347 1544 oth.

106 1534 115 1550 ³
241 1553 414 1586 October.
462 1553 598 1585 October.
635 1555 777 1584 Menzana
807 1563 882 1592 quae
911 1554 950 1582 sit
979 1554 1061 1593 apud
1089 1554 1284 1593 Sallentinos,
1325 1553 1528 1593 quaerendum
1558 1556 1610 1581 est.
1639 1550 1729 1581 Ant.
1752 1550 1849 1589 Aug.
1894 1549 2037 1588 Suspicor

72 1596 230 1635 legendum
253 1596 341 1626 Mem·
365 1607 445 1626 zana
476 1607 532 1635 pro
555 1597 740 1634 Menzanae,
776 1595 834 1626 hoc
862 1599 921 1632 est,
957 1596 1030 1635 μηνὶ
1060 1598 1143 1632 ζανοῖ.
1179 1592 1239 1628 ἀπὸ
1262 1599 1318 1627 τοῦ
1343 1594 1439 1634 ζηνός.
1485 1595 1524 1623 Ut
1547 1604 1646 1622 mense
1668 1593 1747 1622 [ovis
1771 1592 1948 1630 cognomine
1970 1591 2036 1620 Iovi

72 1639 172 1668 hostia
198 1639 414 1668 immolaretur.
455 1639 510 1667 Vel
540 1639 642 1677 potius
673 1641 764 1675 ζανᾶς
793 1638 873 1677 apud
896 1637 982 1673 illos,
1014 1648 1101 1677 quem
1131 1639 1180 1667 alii
1207 1640 1298 1668 nores
1323 1641 1404 1675 ζανᾶ.
1444 1636 1552 1666 Mirum
1578 1641 1678 1665 autem
1701 1634 1896 1664 Plutarchum
1919 1635 1950 1662 in
1973 1635 2037 1662 Ro-

72 1681 197 1710 manicis
220 1681 446 1719 quaestionibus
468 1681 597 1720 (quaest.
613 1683 697 1720 97.),
721 1681 823 1710 Idibus
846 1681 1074 1718 Decembribus,
1098 1690 1158 1710 non
1182 1681 1336 1711 Octobrib.
1361 1679 1507 1709 immolari
1530 1679 1652 1707 solitum
1672 1678 1758 1707 illum
1783 1687 1893 1716 equum
1916 1677 2035 1706 dixisse.

74 1722 175 1754 Scal.
223 1721 351 1753 October
372 1735 478 1764 equus,
511 1724 581 1762 quia
603 1734 705 1753 mense
728 1723 853 1753 Octobri
876 1733 930 1761 per
952 1734 1061 1762 equum
1085 1724 1174 1753 Troia
1196 1728 1294 1764 capta.
1338 1723 1400 1752 Alii
1420 1733 1480 1752 non
1503 1721 1682 1761 quotannis,
1712 1720 1765 1750 sed
1788 1721 1892 1758 quinto
1915 1728 2035 1758 quoque

74 1776 152 1795 anno
173 1766 321 1794 unmolari
343 1767 465 1796 solitum
489 1766 604 1796 dicunt.
649 1768 783 1805 Propert.
806 1766 856 1795 lib.
870 1766 925 1803 IV,
949 1765 999 1805 (1,
1022 1765 1104 1806 20.):

698 1808 810 1848 Qualia
832 1819 910 1838 nunc
933 1816 1017 1838 curto
1040 1807 1136 1837 lustra.
1157 1815 1304 1837 novantur
1325 1818 1408 1848 equo,

73 1851 174 1889 Neque
197 1849 297 1879 idibus
318 1850 521 1887 Octobribus,
543 1851 593 1880 sed
616 1852 716 1881 idibus
732 1851 944 1881 Decembribus
967 1855 1091 1880 auctore
1113 1850 1286 1880 Plutarcho.
1309 1850 1400 1880 Dac.
1435 1847 1651 1877 suburanenses
1672 1855 1699 1875 et
1718 1845 1931 1876 sacravienses.
1969 1844 2029 1880 Qui

72 1894 261 1922 Suburanam
283 1897 314 1922 et
336 1903 451 1922 sacram
474 1895 551 1922 viam
575 1894 720 1924 incolunt.
743 1894 798 1923 Da
808 1905 833 1925 c.
867 1892 1061 1934 Eiusdemque
1083 1892 1197 1929 cauda,
1220 1903 1295 1932 quae
1320 1891 1429 1922 Caviar
1450 1890 1573 1930 proprie
1595 1889 1759 1921 dicebatur.
1791 1889 1866 1919 Vide
1892 1886 2029 1917 Caviares

72 1935 200 1972 hostiae,
223 1935 275 1963 ubi
299 1937 405 1975 quinto
429 1946 549 1975 quoque
572 1946 652 1967 anno
673 1938 705 1966 in
726 1937 872 1966 sacrificio
894 1936 1022 1976 positam
1044 1936 1120 1965 dicit
1135 1936 1249 1966 Festus.
1285 1934 1334 1964 Ita
1356 1934 1453 1976 effigie
1473 1934 1504 1962 in
1525 1932 1608 1972 equi,
1631 1942 1688 1972 pro
1710 1932 1755 1961 ita
1774 1932 1808 1961 in
1827 1930 1924 1972 effigie
1942 1929 2030 1969 equi,-

72 1989 140 2007 nam
163 1983 280 2007 veteres
303 1989 390 2018 saepe
412 1980 650 2018 transponebant
671 1990 770 2010 voces.
798 1979 885 2008 Dac.
933 1977 993 2017 Qui
1014 1979 1174 2019 quotannis
1195 1976 1365 2018 quadrigas.
1404 1977 1452 2004 Sic
1474 1975 1650 2014 in.lllyrico
1674 1979 1837 2014 quaternos
1863 1981 1955 2010 equos
1972 1971 2028 2000 Ne-

71 2026 168 2061 ptuno
197 2026 390 2050 consecratos
421 2022 451 2050 in
479 2031 560 2051 mare
583 2032 666 2052 nono
687 2031 810 2062 quoquo
833 2031 911 2051 anno
933 2021 1091 2050 iaciebant.
1128 2021 1203 2049 Vide
1227 2020 1368 2060 Hippius.
1394 2018 1484 2048 Dae.
1532 2017 1592 2055 Oui
1612 2018 1643 2046 in
1665 2026 1770 2055 carnpo
1790 2014 1919 2045 Martio.
1955 2013 2029 2044 Vide

70 2065 149 2093 infm
172 2063 310 2093 Panibus.
347 2063 395 2092 Ad
424 2071 531 2094 turrem
553 2064 739 2095 Mamiliam.
777 2064 860 2094 Adde
889 2073 980 2102 supra
1002 2062 1148 2093 Mamilia
1175 2064 1274 2092 zurris.
1310 2060 1422 2092 Gauda.
1463 2059 1572 2100 Quodn
1599 2059 1648 2088 vel
1675 2058 1763 2088 coda.
1802 2056 1858 2086 Ab
1879 2055 1939 2086 Ilio
1960 2063 2029 2086 sune

71 2105 198 2136 oriundi.
240 2106 314 2136 Vide
343 2116 434 2145 supra
457 2106 565 2148 Equus.
608 2105 775 2139 Deserarur.
813 2107 983 2136 Differatur.
1018 2105 1188 2136 Menzanae
1208 2104 1283 2135 Iovi.
1324 2104 1386 2141 Qui
1406 2104 1463 2140 sit,
1499 2101 1714 2142 quaerendum.
1753 2099 1842 2130 Meni
1862 2107 1940 2129 zona
1961 2099 1981 2129 i.
2000 2108 2026 2129 e.

71 2159 173 2179 mense
193 2148 284 2178 Iovis.
331 2147 437 2178 Goth.
1569 2163 1572 2169 ι
1777 2165 1779 2168 ⁴

238 2189 469 2222 occidamus
492 2189 653 2221 Plautus
672 2191 808 2230 posuit.
839 2191 933 2220 Plauti
955 2191 1071 2226 locum,
1095 2190 1221 2229 opinor,
1243 2188 1384 2227 intelligit
1401 2187 1538 2217 Pseudol.
1554 2187 1585 2225 1,
1604 2188 1642 2223 3,
1664 2183 1741 2226 (20.)
1764 2184 1815 2214 ubi
1828 2184 1906 2213 male
1920 2182 2023 2214 hodie:

756 2231 787 2269 I,
813 2244 914 2273 puere,
937 2231 1115 2263 accedamus
1135 2231 1194 2262 hac
1215 2231 1341 2262 obuiam.
1482 2247 1485 2255 ι

70 2275 304 2306 Rescribendurn
333 2274 521 2312 occidamus,
551 2274 625 2305 haec
643 2274 779 2312 obuiam,
819 2286 880 2304 non
909 2285 982 2305 vero
1011 2276 1091 2314 apud
1116 2275 1235 2304 Festum
1264 2272 1455 2311 accedamus,
1488 2276 1523 2302 ut
1542 2271 1697 2301 Gulielmo
1720 2270 1818 2300 visum
1847 2272 1900 2299 est.
1931 2266 2018 2300 Duco

69 2319 269 2348 Scribendum
294 2324 352 2347 tam
377 2318 458 2357 apud
481 2319 597 2347 Festum
621 2329 708 2357 quam
733 2318 814 2357 apud
838 2319 974 2347 Plautum
998 2316 1205 2348 accedamus.

237 2360 454 2391 Occentare.
498 2361 593 2390 Verba
621 2362 673 2401 qui
700 2359 785 2389 illum
813 2361 956 2390 videntur
983 2360 1124 2390 mutanda
1148 2360 1178 2389 in
1200 2357 1378 2400 querellam,
1417 2361 1451 2387 ut
1473 2356 1587 2396 antiqui
1609 2355 1787 2385 scribebant.
1810 2347 2015 2396 Εὔα-ΠΝ·

71 2402 286 2434 Occenwsoine.
320 2404 482 2444 Reperitur
501 2403 562 2433 hoc
584 2403 709 2433 verbum
730 2403 763 2432 in
784 2404 850 2433 ΧΠ.
873 2404 999 2441 tabulis,
1026 2408 1062 2432 ut
1088 2402 1235 2432 referebat
1258 2403 1363 2431 Cicero
1384 2400 1496 2432 mlv,
1519 2399 1557 2430 de
1577 2399 1796 2440 republ.·test1e
1816 2395 1888 2431 Aug·
1911 2390 1961 2421 hb·
1974 2389 2013 2422 Π·
