2263 2668
353 187 428 220 204
977 186 1116 220 SEXTI
1143 187 1342 223 POMPEII
1370 190 1509 224 FESTI

352 284 433 311 stum
470 284 525 310 est.
587 279 738 313 Pacem
765 292 784 312 a
812 279 967 324 pactione
1002 282 1235 317 condicionum
1268 288 1362 328 putat
1390 284 1511 318 dictam
1539 284 1670 318 Sinnius
1698 284 1838 330 Capito,
1884 299 1970 331 quae
1997 291 2126 335 utrique

353 331 434 362 inter
461 341 495 361 se
522 331 652 374 populo
680 332 719 364 sit
746 332 964 364 observanda.
1027 334 1174 368 Penem
1190 334 1214 377 ¹,
1262 336 1384 379 antiqui
1417 337 1540 370 codam
1567 337 1748 378 vocabant,
1797 349 1815 370 a
1843 349 1908 381 qua
1935 342 2126 386 antiquitate

351 381 447 413 etiam
474 392 560 414 nunc
589 382 658 415 offa
684 383 823 427 porcina
849 394 925 416 cum
959 385 1066 417 cauda
1102 386 1134 418 in
1168 388 1255 420 cenis
1288 388 1378 431 puris
1414 388 1508 421 offa
1545 389 1693 434 penita
1727 394 1873 423 vocatur.
1912 395 1944 423 et
1968 394 2126 437 peniculi,

198 436 234 460 ‘t
255 432 421 474 tergetquis
448 432 666 466 calciamenta
692 440 883 479 terguntur,
911 436 1003 478 quod
1032 449 1050 470 e
1076 437 1169 471 codis
1196 439 1347 472 extremis
1373 440 1541 473 faciebant
1567 441 1708 485 antiqui,
1736 441 1791 484 qui
1818 446 1975 486 tergent*
1996 456 2043 478 ea.
2072 445 2124 480 di-

179 486 437 525 ‘neuneu-ctum
467 490 515 516 est
543 484 679 518 forsitan
708 498 726 518 a
754 486 944 531 pendendo.
997 488 1138 521 Naevius
1164 489 1196 522 in
1223 490 1480 524 Tunicularia*:
1506 530 1508 532 Ι

228 521 291 545 lana
451 534 730 570 Theodotum
759 539 1023 583 compellas,
1051 541 1119 583 qui
1147 553 1240 574 aras
1269 543 1580 586 compitalibus

452 586 603 621 sedens
630 589 669 620 in
697 590 833 630 cella,
862 591 1202 626 circumtectuas
1229 595 1451 638 tegetibus

453 637 581 670 Lares
610 639 803 674 ludentis
831 642 930 685 peni
956 643 1092 687 pinxit
1116 644 1296 685 bubulo,

348 688 513 731 significat
547 691 702 734 peniculo
735 693 873 737 grandi,
909 693 945 726 id
973 699 1021 727 est
1047 695 1143 729 coda.
1200 697 1384 740 Propius
1421 697 1602 729 sobrino
1638 695 1721 728 mihi
1759 700 1806 728 est
1837 697 2025 730 consobrini
2056 699 2122 732 mei

192 742 229 767 *L
246 737 324 766 filius?
348 739 455 782 filius,
486 746 518 773 et
541 744 757 776 consobrinae
775 756 868 777 meae
895 745 964 777 filia
978 749 1001 788 *,
1029 752 1061 779 et
1087 747 1188 790 patris
1212 748 1276 780 mei
1304 749 1529 788 consobrinus,
1558 752 1591 780 et
1613 749 1723 780 matris
1741 743 1762 796 Η
1777 759 1870 781 meae
1897 759 2018 782 conso·
2038 748 2120 796 [41]

348 790 468 824 brinus.
522 793 774 828 Possessi02
802 801 849 828 est
875 801 910 829 ut
933 797 1050 830 definit
1081 799 1199 831 Gallus
1226 800 1356 839 Aelius,
1383 811 1458 833 usus
1485 800 1622 843 quidam
1656 799 1747 844 agri,
1782 803 1838 831 aut
1872 800 2021 842 aedifici,
2055 812 2122 834 non

192 843 320 869 ’ΐ-Α-ὀε
347 842 416 886 ipse
443 842 580 886 fundus,
609 852 666 879 aut
681 859 772 892 ager.
801 859 867 880 non
895 849 980 882 enim
1008 850 1170 894 possessio
1191 852 1261 883 est*
1288 852 1387 884 rebus
1409 863 1495 895 quae
1520 851 1611 895 tangi
1637 855 1773 895 possunt
1827 876 1834 882 .
1889 876 1896 883 .
1950 852 2007 895 qui
2030 851 2121 894 dicit,

216 895 253 919 *f·
273 894 294 919 is
345 905 379 926 se
405 895 593 938 possidere,
622 897 696 930 his*
723 911 800 932 vere
827 904 938 944 potest
964 901 1084 935 dicere.
1113 902 1223 945 itaque
1249 903 1281 935 in
1308 903 1461 950 legitimis
1483 903 1666 937 actionibus
1693 913 1791 935 nemo
1813 913 1853 934 ex
1878 901 1929 935 his
1956 903 2013 946 qui
2038 914 2122 948 pos-

345 946 520 979 sessionem
544 960 635 982 suam
657 961 777 984 vocare
805 951 921 995 audet,
948 953 1007 985 sed
1030 953 1073 985 ad
1102 953 1311 987 interdictum
1341 955 1446 996 venit,
1470 960 1506 987 ut
1526 956 1666 988 Praetor
1687 954 1739 986 his
1766 953 1875 986 verbis
1899 958 2025 988 utatur:
2048 955 2121 988 Uti

345 1008 451 1032 nunc
475 1001 741 1045 possidetis,
771 1015 860 1036 eum
883 1003 1056 1037 fundum
1094 1005 1136 1046 Q.
1167 1005 1207 1037 D.
1231 1007 1270 1039 A.
1309 1006 1422 1050 quod
1458 1018 1532 1040 nec
1559 1007 1614 1047 vi,
1648 1017 1724 1039 nec
1752 1005 1883 1045 clam,
1917 1017 1995 1040 nec
2020 1018 2119 1051 pre-

344 1049 460 1082 cario
489 1051 602 1085 alter
624 1053 672 1086 ab
702 1054 842 1087 altero
876 1056 1117 1100 possidetis
1150 1057 1208 1090 ita
1245 1058 1528 1102 possideatis3
1561 1057 1768 1091 adversus
1805 1068 1850 1089 ea
1883 1057 1967 1090 vim
1995 1058 2119 1100 fieri,

342 1105 449 1134 veto.
503 1103 811 1139 Praefecturae
847 1119 905 1140 eae
932 1109 1191 1152 appellabantur
1218 1109 1250 1142 in
1279 1110 1390 1152 Italia,
1418 1111 1452 1143 in
1478 1110 1596 1154 quibus
1623 1114 1655 1142 et
1681 1109 1729 1142 ius
1757 1108 1945 1150 dicebatur,
1974 1113 2007 1142 et
2033 1121 2120 1143 nun-

341 1150 439 1185 dinae
462 1155 662 1198 agebantur,
698 1163 729 1190 et
756 1163 825 1191 erat
852 1159 1016 1202 quaedam
1044 1172 1156 1193 earum
1180 1161 1222 1193 R.
1251 1162 1288 1194 P.
1317 1173 1425 1206 neque
1455 1166 1565 1195 tamen
1599 1161 1808 1206 magistratus
1835 1171 1910 1193 suos
1937 1160 2117 1194 habebant.

203 1206 239 1231 ’ἱ
252 1214 315 1240 quas
340 1203 373 1235 in
400 1207 488 1247 qua*
517 1205 566 1239 his
592 1208 724 1252 legibus
751 1210 912 1254 praefecti
940 1211 1153 1245 mittebantur
1180 1214 1372 1256 quotannis,
1400 1213 1456 1257 qui
1482 1214 1530 1247 ius
1557 1213 1715 1246 dicerent.
1739 1223 1880 1256 quarum
1903 1223 2028 1257 genera
2043 1213 2119 1246 fue—

167 1258 206 1282 ·s.
226 1261 415 1298 nurnerorunt
441 1256 527 1290 duo:
556 1259 714 1303 alterum,
741 1261 772 1293 in
800 1273 880 1305 quas
906 1263 1057 1296 solebant
1080 1264 1128 1296 ire
1149 1266 1310 1309 praefecti
1333 1270 1490 1309 quattuor
1515 1265 1631 1310 viginti
1658 1275 1714 1297 sex
1741 1264 1846 1296 virum
1874 1263 1943 1296 nu*
1965 1275 2029 1308 pro
2051 1275 2118 1309 po-

229 1301 273 1326 qur
339 1306 411 1350 puli
434 1308 596 1354 suffragio
624 1313 725 1345 creati
751 1318 860 1354 erant,
891 1314 922 1346 in
950 1314 1036 1348 haec
1063 1316 1207 1360 oppida:
1235 1316 1405 1362 Capuam,
1425 1316 1565 1358 Cumas,
1593 1316 1789 1357 Casilinum,
1818 1315 2030 1359 Volturnum,
2057 1316 2117 1348 Li-

167 1359 487 1403 ‘s.Calatiamternum,
516 1362 685 1404 Puteolos,
713 1364 871 1405 Acerras,
894 1366 1094 1408 Suessulam,
1123 1368 1287 1409 Atellam,
1313 1369 1517 1402 Calatium:*
1544 1369 1699 1408 alterum,
1731 1367 1763 1399 in
1792 1377 1873 1409 quas
1899 1366 2007 1408 ibant,
2033 1378 2116 1410 quos

183 1404 315 1463 *sgn‘ffl’b
339 1411 479 1443 Praetor
506 1414 648 1447 urbanus
664 1416 756 1458 quod
784 1417 898 1449 annis*
925 1418 958 1450 in
981 1430 1133 1462 quaeque
1152 1419 1228 1454 loca
1245 1421 1376 1453 miserat
1398 1420 1547 1464 legibus,
1573 1425 1609 1452 ut
1623 1418 1780 1459 Fundos,
1805 1417 1969 1459 Formias,
1997 1417 2115 1459 Caere,

182 1473 312 1499 ·f.Vena-
340 1461 528 1497 Venareum
548 1469 570 1505 *,
599 1466 758 1500 Allieas**
791 1469 1002 1511 Privernum,
1035 1470 1245 1515 Anagniam,
1280 1472 1516 1513 Frusinonem,
1551 1472 1675 1513 Reate,
1710 1469 1915 1512 Saturniam,
1950 1469 2115 1510 Nursiam,

167 1507 328 1568 *tsstffli'i'fas
339 1513 519 1558 Arpinum,
547 1517 677 1561 aliaque
703 1521 888 1564 complura.
942 1522 1111 1564 Parret,
1145 1523 1239 1566 quod
1264 1528 1312 1556 est
1338 1524 1370 1556 in
1397 1523 1567 1565 formulis,
1611 1521 1728 1555 debuit
1753 1526 1787 1555 et
1811 1520 1980 1566 producta
2003 1521 2115 1566 priore

216 1561 221 1567 '
336 1565 464 1608 syllaba
491 1570 712 1611 pronuntiari,
756 1577 788 1603 et
815 1583 880 1604 non
907 1573 1043 1617 gemino
1072 1585 1087 1605 r
1115 1574 1232 1616 scribi,
1272 1580 1308 1607 ut
1342 1575 1438 1608 fieret
1469 1579 1610 1619 paret,
1645 1573 1738 1618 quod
1766 1577 1813 1606 est
1842 1571 2044 1614 inveniatur,
2080 1578 2115 1606 ut

337 1625 528 1662 comparet,
557 1627 709 1665 apparet.
763 1623 935 1657 Portum
972 1625 1006 1657 in
1032 1625 1106 1657 X11.
1134 1636 1198 1669 pro
1235 1625 1338 1658 domo
1374 1626 1519 1670 positum
1548 1637 1662 1659 omnes
1697 1625 1768 1658 sere
1795 1624 2018 1657 consentiunt:
2046 1624 2115 1658 cui

208 1670 292 1696 ·f.is
336 1669 629 1705 testimonium
672 1673 881 1717 defuerit,
926 1675 1021 1708 his*
1055 1677 1201 1709 tertiis
1230 1677 1380 1710 diebus
1413 1678 1465 1711 ob
1500 1682 1671 1723 portum
1705 1676 2016 1720 obvagulatum
2043 1676 2114 1708 ito.

336 1719 462 1753 Patro
473 1722 585 1755 cinia
613 1725 778 1768 appellari
806 1732 926 1771 coepta
953 1733 1043 1769 sunt,
1071 1739 1147 1761 curn
1174 1729 1272 1773 plebs
1301 1729 1474 1762 distributa
1500 1735 1547 1763 est
1572 1729 1656 1762 inter
1676 1733 1807 1773 patres,
1835 1732 1871 1760 ut
1894 1737 2010 1760 eorum
2038 1727 2114 1771 opi-

336 1770 397 1804 bus
423 1777 493 1806 tuta
521 1779 611 1810 esset.
663 1776 881 1811 Posticam
915 1779 1074 1812 lineam
1101 1779 1134 1812 in
1162 1780 1250 1825 agris
1284 1781 1470 1815 dividendis
1502 1782 1574 1815 Ser.
1601 1780 1769 1825 Sulpicius
1802 1778 1986 1824 appellavit
2019 1774 2099 1827 abl}

337 1825 504 1858 exoriente
521 1826 594 1859 sole
609 1826 658 1860 ad
678 1829 902 1872 occidentem,
920 1842 1012 1876 quac
1032 1831 1219 1876 spectabat
1233 1843 1300 1876 qua
1338 1861 1344 1867 .
1392 1860 1398 1866 .
1441 1859 1448 1865 .
1502 1860 1509 1867 .
1563 1859 1570 1865 .
1624 1861 1631 1867 .
1685 1858 1692 1864 .
1748 1860 1754 1865 .
1809 1857 1816 1864 .
1872 1857 1878 1863 .
1931 1855 1938 1862 .
1992 1857 2000 1865 .
2029 1828 2112 1876 [42]

399 1880 1524 1928 .tur.............rique

579 1904 1806 1970 abil...............‘taeib·..

428 2030 453 2069 l)
479 2036 613 2076 Peuma]
645 2039 775 2069 Glossar.
802 2052 890 2070 caena
911 2052 987 2081 pura
1019 2042 1202 2083 παρασκευή,
1246 2043 1383 2082 solitum,
1407 2044 1486 2084 quod
1506 2044 1668 2074 Tusculani
1692 2043 1803 2073 atribu
1822 2042 1933 2078 Pollia,
1957 2051 2015 2070 una
2036 2051 2111 2069 con-

340 2069 558 2117 nooodssssat0v‚
604 2081 757 2119 Augus-tin.
774 2084 803 2112 in
826 2085 902 2113 ioan.
920 2085 1130 2123 Acceleratam,
1153 2087 1202 2115 in—
1246 2086 1377 2116 demnati
1400 2092 1509 2118 essent.
1538 2088 1615 2116 Urs.
1638 2104 1680 2109 —
1701 2085 1733 2127 4)
1750 2084 2027 2132 ParareJ'Pat-are
2039 2093 2109 2131 mst-

341 2117 423 2149 q¹¹¹t2
455 2118 519 2145 vult
539 2120 661 2160 intelligi
684 2126 883 2164 sepulturam,
913 2138 949 2156 ne
974 2128 1202 2168 advesperasee-
1244 2140 1320 2166 ηιιε,
1346 2129 1418 2169 quid
1435 2131 1486 2167 sit,
1510 2135 1613 2159 notum
1628 2140 1665 2159 ex
1681 2129 1781 2166 Livio,
1805 2133 1834 2157 et
1854 2128 1927 2158 alus.
1952 2127 2108 2173 Sallustius

340 2159 404 2187 ret*
429 2160 546 2193 quand0
569 2163 625 2191 iam
651 2173 773 2206 propter
798 2180 993 2208 parasceven,
1024 2181 1112 2210 quam
1132 2183 1201 2201 cae·
1245 2172 1276 2200 in
1300 2172 1435 2210 Iugurth.
1468 2174 1537 2202 Post
1559 2172 1628 2201 Auli
1650 2172 1775 2208 foedus,
1800 2176 1830 2200 et
1847 2170 1999 2200 exercitus
2012 2172 2107 2198 nostri

339 2206 407 2224 nam
423 2208 528 2236 puram
545 2203 642 2233 ludaei
658 2208 746 2238 latine
761 2213 899 2241 usitatius
914 2213 993 2251 apud
1010 2224 1062 2243 nos
1079 2220 1199 2252 vocant,
1244 2215 1362 2244 foedam
1379 2215 1495 2254 sugam,
1526 2215 1665 2244 Metellus
1686 2220 1714 2244 et
1736 2214 1854 2243 Silanus
1875 2222 1935 2242 coa.
1957 2211 2018 2242 deS.
2039 2219 2106 2249 pro·

339 2239 435 2288 ἠθεῖε
454 2242 511 2271 ²³¹³
537 2245 647 2283 ‘¹¹quid
668 2260 725 2278 nou
750 2252 867 2283 licebat.
901 2256 982 2285 Urs.
1005 2272 1047 2278 —
1069 2255 1099 2298 2)
1123 2259 1197 2286 Pos-
1243 2257 1358 2286 vincias
1374 2258 1453 2287 inter
1470 2268 1500 2287 se
1519 2262 1711 2297 paraverunt.
1756 2257 1859 2285 Cicero
1877 2254 1929 2284 lib.
1948 2257 1974 2285 1.
1998 2253 2034 2282 ad
2049 2253 2106 2300 ᾼῑ-

337 2282 461 2322 Seffllffi]
488 2285 641 2316 Petronius
665 2292 788 2325 Arbiter.
842 2297 881 2324 Ut
904 2298 927 2325 si
950 2298 1044 2327 nollet
1069 2300 1195 2330 alienam
1238 2300 1340 2328 ticum.
1384 2302 1421 2329 Se
1446 2305 1624 2340 paraturum
1649 2310 1714 2329 cum
1738 2299 1857 2337 collega.
1887 2297 1959 2326 licet
1984 2296 2104 2324 SeWfflS

336 2333 398 2372 rem
421 2324 541 2356 domino
570 2330 711 2369 reddere,
746 2336 783 2363 ad
813 2337 1005 2368 interdictum
1027 2342 1152 2372 veniret.
1176 2343 1195 2371 i.
1237 2343 1269 2372 in
1292 2342 1344 2371 lib.
1369 2346 1396 2374 1.
1442 2344 1512 2372 Aen.
1537 2343 1718 2382 partiturum
1737 2342 1822 2379 legat.
1843 2339 1952 2369 Livius.
1998 2337 2104 2366 Decre—

336 2366 451 2414 ari-ms,
477 2369 515 2398 ad
530 2371 708 2403 Praetorem.
739 2377 814 2404 Um
840 2397 881 2402 --
906 2382 936 2418 3)
960 2383 1120 2423 Papiria]
1141 2386 1193 2413 Pa·
1237 2389 1349 2413 verunt
1372 2391 1490 2424 patres,
1512 2390 1545 2414 ut
1568 2385 1711 2414 Consules
1734 2385 1811 2413 inter
1833 2393 1864 2412 se
1886 2382 2102 2418 compararent,

335 2418 408 2455 P¹f⁸¹³
433 2412 530 2441 stibus
551 2414 581 2442 in
605 2426 674 2452 δι’-ΨΟ
697 2417 872 2451 Tusculano,
904 2423 977 2451 Livi·
1007 2424 1057 2455 lib.
1074 2428 1101 2456 9.
1137 2427 1195 2455 Ne·
1237 2428 1453 2457 sortirenturve
1482 2428 1664 2466 provincias.
1701 2427 1783 2455 Item.
1823 2424 2022 2454 Decreverunt
2045 2430 2101 2467 pa—

332 2460 439 2480 lumem
464 2464 500 2482 ex
523 2457 603 2485 tribu
620 2458 714 2487 Pollia
736 2461 924 2492 candidatum
947 2465 1093 2504 Papiriam
1115 2468 1194 2498 serre
1236 2474 1315 2505 tres,
1361 2474 1393 2497 ut
1420 2470 1592 2508 provincias
1623 2467 1839 2501 Macedoniam,
1878 2468 1964 2501 atque
1987 2462 2100 2491 stabam
