2263 2668
736 101 963 138 EXEMPLA
999 100 1095 135 ELO
1101 101 1365 138 CUTIONUM.

83 199 232 233 Devertit
255 197 393 231 domum
404 194 439 233 ²⁴.
467 196 536 231 Cic.
563 208 626 241 pro
649 197 825 231 Deiotaro:
851 197 899 231 Et
924 196 1064 229 domum
1089 196 1204 241 Regis
1227 197 1371 243 hospitis
1394 199 1445 232 tui
1469 198 1681 235 devertisset.

1947 116 2020 150 225

1736 203 1884 239 Devertit
1906 208 1939 241 in
1956 210 2020 243 do-

185 261 285 282 mum.
313 249 407 282 Idem
431 260 494 294 pro
518 249 646 281 Milone
656 246 695 282 ²⁵:
724 250 884 283 Deverlit
905 248 939 281 in
960 248 1081 280 villam
1104 248 1258 292 Pompei.

83 302 212 346 Deflgit
239 301 271 333 in
293 301 350 333 illa
374 313 419 333 re.
457 300 526 333 Cic.
549 300 582 332 in
605 300 702 333 Catil.
718 298 794 334 l.²⁰':

833 299 938 346 Quod
962 310 1040 332 eam
1075 310 1214 332 necesse
1240 303 1348 344 putas
1371 301 1477 334 etiam
1508 302 1542 334 in
1573 305 1721 338 consulis
1751 317 1899 352 corpore
1930 310 2022 356 d‘fi‘

184 363 283 397 gere.
336 352 463 396 Defigit
483 352 538 383 illa
559 363 604 384 re.
631 352 724 396 Yirg.
752 352 835 385 Aen.
863 347 988 385 Xll.²⁷:
1016 350 1192 396 Desigunt
1217 351 1342 383 tellure
1365 351 1495 385 hastas.

82 404 184 438 Disco
210 415 249 436 ex
271 404 341 436 illo.
369 404 462 447 virg.
485 403 568 435 Aen.
589 400 712 436 xlljffl:
740 403 865 443 Disce,
891 402 1006 442 Puer,
1039 403 1201 435 virtutem
1230 413 1274 435 ex
1298 413 1372 444 me,
1409 414 1595 449 verumque
1628 405 1794 441 laborem.
1846 409 1948 444 Disco
1979 411 2022 445 de

186 455 254 487 illo.
282 455 416 487 Terent.
447 450 579 486 Eun.²⁹:
613 454 659 486 Ut
683 454 749 487 sibi
771 455 890 488 liceret
917 454 1053 486 discere
1076 454 1115 486 id
1138 454 1184 486 de
1204 465 1269 486 me.

82 506 227 540 Deflexit
249 506 292 538 de
313 505 497 549 proposito.
527 504 598 538 Cic.
620 505 743 549 Philip.
761 506 850 541 XVI.
861 502 901 537 ³⁰:
927 505 1130 538 Laterensis
1143 516 1186 538 ne
1207 504 1394 549 vestigium
1424 506 1562 549 quidem
1586 506 1738 553 deflexit.

82 558 275 602 Disceptata
293 557 330 589 lis
348 561 403 589 est.
432 556 503 590 Cic.
526 555 651 600 Philip.
672 555 813 590 XVIJH:
838 555 918 589 Non
942 560 992 589 est
1018 556 1081 589 illa
1105 557 1271 590 dissensio
1294 554 1494 600 disceptata
1517 558 1614 591 bello.

82 609 235 654 Deporto
261 608 407 640 domum.
440 607 510 640 Cic.
534 607 577 640 de
601 608 688 652 Rep.
714 604 805 641 11.³²:
842 607 928 641 Cam
960 607 1060 640 aliud
1086 608 1173 640 nihil
1202 608 1344 641 domum
1374 619 1475 640 suam
1502 610 1729 654 deportasset.
1762 609 1960 654 Deportavit
1990 613 2024 646 in

184 659 279 692 illud.
307 659 401 692 Idem
423 658 466 691 de
490 659 651 691 Praetura
673 655 846 692 urbana³³:
873 658 976 692 Haec
999 670 1065 692 non
1091 659 1234 693 domum
1256 670 1376 700 suam,
1403 670 1512 704 neque
1538 662 1571 693 in
1593 660 1796 694 suburbana
1818 663 2023 706 amicorum,

184 710 249 744 sed
272 710 426 743 Romam
448 710 482 742 in
501 709 682 754 publicum
707 711 916 756 deportavit.

81 762 232 796 Discedit
254 762 373 796 Roma.
402 761 472 795 Cic.
500 761 532 793 ir.
557 762 650 796 Verr.
677 759 844 796 Act.1.³⁴:
877 761 963 796 Cum
986 761 1075 794 haec
1093 760 1301 806 frequentia
1323 762 1442 794 Roma
1470 762 1675 796 discesserit.

1902 761 2021 811 [510]

82 814 284 858 Defungitur
304 813 365 845 his.
395 812 464 847 Cic.
492 813 523 845 in
548 810 822 846 Frumentaria³⁵z
860 812 984 846 Tribus
1006 813 1160 846 decumis
1183 824 1254 858 pro
1280 825 1351 847 una
1379 812 1644 858 defungeretur.
1681 814 1774 859 Virg.
1805 814 1890 849 Aen.
1914 813 2024 855 vl,³⁶:

190 865 222 898 O
247 865 390 898 tandem
408 865 549 909 mugnis
564 865 696 909 pelagi
720 865 885 910 defuncte
902 864 1056 909 periclis.

81 917 247 960 Desperat
267 916 355 949 hanc
380 927 461 950 rem.
491 915 560 949 Cic.
579 916 621 949 de
638 913 867 960 Suppliciisffl:
900 915 1109 960 Desperatis
1135 915 1206 947 iam
1230 915 1386 949 omnibus
1407 915 1520 949 rebus.

81 968 233 1001 Dilectus
260 967 349 1001 huic.
375 967 469 1011 Virg.
494 967 639 1011 Georg.:
667 968 830 1000 Dilectae
858 966 998 1000 Thetidi
1022 964 1238 1010 Alcyonesffi.

83 1019 183 1064 Dego
202 1020 294 1051 illam
320 1030 400 1051 rem.
426 1019 521 1062 Yirg.
552 1019 634 1051 Aen.
658 1016 763 1052 1V.³⁹:
799 1018 883 1052 Sine
907 1019 1050 1052 crimine
1072 1018 1181 1051 vitum
1206 1018 1365 1063 Degere.
1397 1016 1467 1051 Cic.
1498 1029 1560 1062 pro
1592 1013 1761 1051 Roscio⁴⁰z
1802 1017 1900 1050 Inter
1917 1016 2025 1063 seras

185 1071 297 1103 satius
317 1074 366 1103 est
385 1073 538 1103 aetutem
562 1069 708 1114 degere.

82 1122 245 1155 Desuetus
267 1121 327 1154 his.
356 1121 448 1165 Virg.
472 1122 554 1154 Aen.
577 1119 683 1154 vl.⁴¹:
712 1120 761 1153 Et
781 1121 853 1154 iam
875 1121 1022 1154 desueta
1050 1121 1237 1165 triumphis
1258 1119 1430 1164 Agmina.

84 1173 217 1206 Diffidit
239 1173 296 1205 illi.
333 1172 426 1216 Virg.
448 1173 529 1204 Aen.
555 1172 612 1207 111.
622 1169 662 1205 ⁴²:
700 1172 788 1205 Cum
810 1173 881 1205 iam
899 1172 1083 1217 diffideret
1102 1173 1220 1205 armis.
1250 1171 1319 1206 Cic.
1344 1182 1408 1215 pro
1434 1170 1588 1204 Cluentio
1598 1167 1638 1202 ⁴³:
1665 1169 1897 1216 Diffidentem
1922 1169 2025 1203 rebus

185 1224 264 1257 suis.
291 1223 409 1256 Salust.
437 1220 582 1257 Catil.⁴⁴:
607 1223 683 1257 Sibi
697 1224 912 1268 patriaeque
934 1223 1113 1270 dissidere.

82 1291 237 1325 Defende
263 1291 354 1326 illam
386 1303 457 1324 rem
482 1302 545 1335 pro
574 1292 616 1324 ab
639 1292 698 1324 illa
719 1304 764 1325 re.
794 1292 889 1337 Virg,
916 1293 999 1325 Aen.
1024 1292 1064 1324 X.
1075 1288 1115 1324 ⁴5:
1148 1289 1270 1331 Hunc,
1299 1300 1378 1330 oro,
1409 1289 1563 1335 defende
1579 1289 1754 1335 furorem.

1807 1288 1958 1322 Defende
1981 1289 2023 1322 ab

183 1344 240 1376 illa
259 1354 304 1376 re.
331 1343 425 1376 Idem
447 1340 616 1376 Bucolqffi:
642 1343 739 1376 Dum
760 1348 899 1376 teneras
928 1343 1083 1388 defendo
1106 1354 1129 1376 a
1144 1342 1295 1387 ιἵνίἑζονθ
1324 1345 1464 1385 myrtos,

81 1391 304 1429 Discrucior¹²
325 1394 431 1428 huius.
453 1394 587 1427 Terent.
616 1395 787 1440 Adelph:
813 1395 1020 1428 Discrucior
1043 1395 1160 1429 animi.

81 1447 210 1482 Dubius
231 1442 371 1479 huius⁴⁸.
399 1445 518 1480 salust.
542 1445 624 1479 Hist.
648 1447 724 1480 IIL:
752 1446 889 1480 Dubius
913 1446 1056 1481 consilii.

83 1575 140 1603 que
163 1565 237 1595 Cod.
260 1564 433 1596 delectatus.
455 1581 496 1588 -
518 1566 563 1602 21)
588 1567 723 1594 Desiste
738 1566 797 1594 hac
814 1576 844 1594 re
859 1565 893 1595 A.
912 1565 950 1596 M.
968 1566 1031 1594 Sal.

83 1609 167 1636 Hist.
193 1610 233 1637 II.
257 1609 285 1640 4.
309 1609 342 1638 A.
368 1609 407 1637 M.
431 1609 576 1647 Fragmm.
600 1609 652 1637 lib.
676 1609 714 1638 II.
740 1611 787 1640 19.
819 1609 898 1638 Gerl.
921 1625 963 1630 -—
984 1611 1032 1644 22)

88 1652 150 1679 Ter.
164 1651 256 1681 Phor.
277 1653 305 1682 4.
327 1653 355 1683 3.
370 1654 420 1683 29.
434 1651 468 1680 A.
487 1652 526 1680 M.
549 1651 681 1679 Ulterius
701 1651 730 1679 Ιι.
754 1651 784 1681 d.
810 1651 930 1679 linibus
946 1661 1031 1678 men-

83 1693 153 1721 dose
175 1693 247 1722 Co'd.
267 1694 320 1722 Gu.
342 1710 383 1715 —
405 1697 450 1727 23)
477 1694 563 1733 Vz'rg.
580 1695 657 1726 Am.
681 1695 757 1725 XII.
780 1697 829 1725 60.
848 1694 882 1722 A.
906 1693 944 1722 Μ.
965 1693 1031 1721 Nu-

82 1745 196 1764 merum
217 1735 285 1764 libri
303 1736 354 1764 XI.
371 1735 491 1765 exhibet
512 1736 585 1766 cod.
610 1737 664 1765 Gu.
683 1736 734 1775 qui
756 1736 834 1765 idem
851 1738 882 1764 in
902 1736 1032 1773 eloquu—

82 1778 163 1806 tione
178 1783 325 1817 praestat:
357 1778 496 1807 desistere
507 1779 562 1807 lzoc
572 1780 685 1816 faeere.
711 1795 753 1801 -
776 1780 820 1816 24)
847 1778 917 1808 cod.
936 1779 970 1806 A.
993 1778 1032 1806 M.

82 1821 239 1859 utrobique
260 1822 409 1857 Dim-tlt,
433 1822 533 1850 eadem
556 1822 704 1861 scriptura
726 1822 813 1850 etiam
828 1821 860 1849 in
876 1821 1031 1859 exemplis.

82 1863 173 1891 Recte
198 1863 269 1892 Cud.
294 1863 349 1894 Gu.
370 1865 451 1903 quod
476 1865 619 1894 dedimus.
642 1865 710 1903 Cap.
739 1867 767 1896 6.
794 1869 868 1892 orat.
892 1874 947 1902 pro
969 1862 1030 1892 Dei.

83 1905 191 1942 legitur
208 1904 409 1936 devertis-ses.
432 1907 504 1937 Cod.
527 1907 559 1936 A.
574 1907 612 1935 M.
632 1907 762 1945 hospitis
780 1908 847 1942 sui;
870 1915 968 1934 veram
985 1905 1031 1933 le-

85 1948 212 1975 ctionem
232 1949 280 1975 tui
305 1948 424 1977 exhibet
450 1950 520 1977 cod.
546 1950 601 1977 Gu.
624 1966 667 1971 —
689 1948 736 1989 25)
759 1951 821 1977 Pro
841 1949 907 1977 Mtl.
929 1950 976 1978 20.
997 1947 1030 1974 A·

84 1989 123 2018 M.
138 1991 233 2028 Pomp
246 1991 279 2017 εἰ
292 1990 360 2018 dedi
375 2001 390 2019 e
407 1991 478 2020 cod.
497 1992 552 2020 Gu.
567 1991 700 2030 Pompeii
714 1994 746 2019 A.
761 1991 799 2020 Μ.
819 2008 853 2012 -
880 1994 923 2023 26)
949 1988 1030 2016 Idem.

85 2033 118 2060 in
143 2031 209 2060 Cat.
234 2034 255 2061 Ι.
279 2034 308 2063 6.
335 2032 369 2061 A.
391 2033 430 2061 M.
454 2034 528 2062 Tum
552 2034 623 2062 Cod.
646 2035 701 2062 Gu.
725 2032 809 2072 quud
832 2038 894 2060 tam
918 2040 1030 2058 neeesse

79 2080 177 2113 putas
201 2086 259 2102 esse
293 2075 324 2102 in
360 2076 494 2103 consulis
519 2087 639 2114 corpore
668 2076 770 2113 defige.
794 2091 835 2096 —
862 2076 907 2107 27)
944 2074 1028 2109 Virg.

84 2117 159 2146 Aen.
175 2118 249 2146 λη.
268 2119 335 2148 130.
351 2117 383 2145 Α.
400 2117 437 2145 Μ.
460 2134 501 2140 -
523 2117 569 2152 25)
595 2118 676 2146 Mem
692 2113 766 2147 XII.
782 2117 852 2148 435.
869 2116 902 2143 A.
918 2115 955 2142 Μ.
978 2114 1031 2142 vv.

84 2170 243 2198 verumque
259 2159 386 2187 laborem
397 2160 495 2188 addidi
509 2170 522 2188 e
536 2161 605 2188 Cod.
622 2161 677 2188 Gu.
693 2176 734 2181 ——
755 2159 801 2195 29)
816 2158 879 2186 Ter.
889 2156 966 2186 Eun·
978 2160 1004 2188 2·
1014 2159 1033 2188 2

84 2206 135 2235 31.
153 2203 187 2230 A.
202 2202 240 2230 M.
261 2219 295 2223 -
320 2204 368 2235 30)
390 2202 549 2231 Numerum
570 2202 646 2231 XVI.
668 2207 791 2238 uterque
816 2199 886 2227 Cod.
906 2198 1033 2228 exhibet.

85 2245 142 2273 Sed
157 2244 186 2272 in
206 2244 336 2272 numeris
355 2243 525 2272 exhibendis
541 2255 600 2273 non
616 2251 791 2281 magnopere
812 2242 899 2269 fidem
921 2240 1031 2269 habent

84 2286 116 2316 hi
140 2287 232 2315 Codd.
255 2303 296 2308 —
319 2285 364 2324 31)
388 2286 548 2314 Numerum
563 2287 653 2315 XVII.
670 2285 740 2313 cod.
762 2284 796 2312 A.
812 2284 852 2312 M.
873 2283 922 2311 sed
943 2283 1030 2319 XVI„

86 2339 172 2368 quem
192 2328 273 2365 dedi,
297 2329 367 2356 Cod.
394 2330 450 2357 Gu.
473 2328 547 2357 Tum
567 2328 733 2356 (lessensio
755 2326 825 2356 cod.
844 2327 874 2355 A.
889 2326 926 2354 Μ.
946 2326 1032 2354 Recte

87 2371 251 2400 dissensio
276 2371 346 2399 cod.
373 2371 428 2399 Gu.
458 2386 499 2393 —-
527 2374 571 2403 32)
594 2369 677 2398 Idem
702 2369 737 2406 de
764 2369 838 2407 Hel).
864 2370 906 2398 II.
943 2370 1031 2401 1003.

130 2424 152 2451 G
158 2433 290 2452 nmmr.
314 2433 369 2450 LA'r
375 2444 381 2451 .
406 2421 426 2451 I.

1075 1565 1108 1593 A.
1133 1563 1171 1592 M.
1194 1563 1423 1601 Deportavisset
1441 1560 1512 1589 Cod.
1528 1559 1560 1589 A.
1577 1559 1615 1588 M.
1639 1575 1680 1581 —-
1702 1561 1746 1592 33)
1769 1557 1832 1586 Act.
1846 1557 1878 1586 in
1894 1557 1976 1589 Verr.
1987 1559 2022 1589 II.

1074 1607 1124 1637 lib.
1149 1607 1169 1635 I.
1193 1608 1242 1637 20.
1263 1605 1336 1633 Edd.
1356 1603 1496 1631 exhibent
1516 1602 1595 1640 apud
1614 1601 1675 1629 Cic.
1700 1600 1894 1638 ‹lepor-tusses,
1914 1617 1954 1622 -—
1975 1600 2023 1639 34)

1075 1648 1159 1678 Idem
1180 1650 1211 1676 in
1231 1648 1312 1675 Verr.
1338 1646 1408 1674 Act.
1426 1647 1448 1673 I·
1475 1647 1522 1676 18.
1545 1644 1579 1673 A.
1602 1644 1641 1672 M.
1663 1660 1706 1665 --
1727 1641 1774 1683 35)
1799 1642 1881 1671 Idem
1902 1644 1933 1670 in
1947 1644 2025 1671 Fra-

1075 1692 1224 1720 mentm-ia
1249 1691 1296 1720 16.
1327 1689 1361 1716 A.
1384 1687 1422 1715 M.
1454 1686 1514 1714 Cic.
1536 1685 1733 1714 Frumentum
1755 1684 1853 1712 tribus
1872 1689 1926 1713 cet.
1952 1685 2023 1713 Cod,

1076 1735 1131 1763 Gu.
1153 1750 1194 1755 —
1215 1731 1261 1771 36)
1290 1730 1374 1767 Virg.
1395 1729 1469 1756 Aen.
1497 1729 1549 1759 VI.
1574 1731 1623 1760 83.
1651 1728 1685 1755 A.
1702 1726 1740 1754 M.
1763 1742 1803 1746 —
1830 1725 1877 1763 37)
1904 1726 1964 1755 Cic.
1988 1726 2024 1754 cle

1075 1776 1182 1814 Suppl.
1206 1776 1233 1804 6.
1263 1773 1295 1800 A.
1318 1771 1357 1799 M.
1376 1771 1412 1799 In
1436 1771 1515 1799 Verr.
1543 1771 1610 1799 Act.
1639 1769 1675 1797 II.
1704 1767 1755 1795 lib.
1782 1767 1815 1796 V.
1840 1771 1868 1799 6.
1900 1766 1968 1796 Iam
1990 1769 2023 1797 in

1074 1818 1223 1857 plerisque
1247 1814 1312 1843 edd.
1329 1814 1388 1842 Cic.
1408 1813 1564 1842 omittitur.
1586 1827 1628 1834 —-
1662 1808 1709 1850 38)
1733 1810 1840 1838 Omnia
1857 1810 1938 1847 haec,
1959 1812 2024 1839 elo-

1076 1860 1178 1899 quntio
1199 1867 1266 1886 cum
1288 1856 1440 1895 exemplo,
1463 1858 1494 1883 1'11
1516 1854 1587 1885 Cod.
1608 1855 1644 1882 A.
1665 1853 1704 1881 M.
1729 1852 1944 1881 desiderantur.
1964 1854 2024 1881 Lo-

1076 1913 1125 1930 cus
1147 1901 1226 1937 Virg.
1253 1903 1295 1927 est
1325 1899 1429 1936 Georg.
1453 1898 1479 1930 I.
1499 1899 1570 1929 399.
1594 1912 1635 1918 —
1658 1893 1706 1933 39)
1735 1896 1821 1933 Visg.
1843 1895 1919 1925 Aen.
1945 1897 2022 1925 IIII.

1074 1945 1144 1975 550.
1167 1944 1203 1971 A.
1218 1941 1256 1970 M.
1282 1941 1315 1969 In
1334 1940 1468 1978 exemplo
1495 1938 1608 1978 degerit
1632 1937 1704 1966 Cod.
1732 1938 1786 1967 GU.
1809 1954 1850 1958 —
1880 1938 1927 1975 40)
1959 1937 2022 1967 Cic.

1068 1997 1126 2025 pro
1145 1986 1273 2020 Roscio,
1295 1984 1344 2015 52.
1368 1983 1400 2011 A.
1416 1982 1454 2011 M.
1492 1998 1529 2004 —
1568 1981 1614 2019 41)
1643 1981 1727 2019 l‘irg.
1756 1980 1830 2007 Aen.
1867 1980 1919 2009 VI.
1950 1981 2022 2012 815.

1073 2032 1107 2057 A.
1128 2027 1167 2056 M.
1184 2028 1290 2055 Etiam
1305 2025 1376 2054 cod.
1395 2026 1451 2053 Gu.
1475 2042 1515 2046 —
1537 2023 1584 2062 42)
1609 2022 1692 2052 Idem
1717 2024 1773 2051 III.
1793 2023 1845 2053 51.
1869 2022 1904 2050 A.
1920 2021 1958 2050 M.
1980 2039 2023 2044 —

1074 2069 1120 2109 43)
1142 2071 1251 2098 Locum
1276 2078 1337 2097 non
1357 2067 1502 2096 indicavit
1527 2067 1559 2098 A.
1583 2066 1622 2095 M.
1653 2081 1695 2088 --
1723 2064 1770 2102 44)
1794 2064 1857 2093 Sal.
1884 2064 1948 2092 Cat.
1971 2067 2021 2096 32,

1076 2112 1109 2142 A.
1127 2112 1165 2141 M.
1194 2112 1262 2150 Cap.
1284 2113 1334 2143 31,
1360 2111 1440 2139 Cort.
1463 2108 1601 2138 Gerlach.
1630 2125 1671 2130 —-
1700 2108 1748 2144 45)
1774 2107 1858 2143 th.
1880 2106 1954 2134 Aen.
1978 2107 2020 2134 X.

1076 2156 1147 2187 905.
1169 2154 1202 2182 A.
1226 2154 1264 2183 M.
1286 2169 1327 2174 -—
1348 2152 1394 2192 46)
1419 2151 1502 2182 Idem
1521 2151 1585 2181 Ecl.
1608 2151 1678 2180 VII.
1705 2152 1733 2181 6.
1758 2149 1791 2177 A.
1810 2149 1848 2178 M.
1869 2149 1899 2177 In
1920 2159 2021 2177 exem-

1077 2197 1127 2236 plo
1143 2197 1265 2226 sortasse
1290 2195 1435 2232 defendo
1458 2194 1645 2223 scribendum
1669 2197 1722 2221 est.
1757 2208 1799 2213 -
1834 2189 1880 2231 47)
1903 2192 2021 2219 Discu-

1073 2241 1131 2268 ἰὶυν
1153 2239 1224 2268 Cod.
1240 2239 1296 2268 Gu.
1319 2239 1378 2268 Ter.
1391 2237 1479 2267 Adel.
1501 2240 1530 2269 4.
1554 2237 1584 2268 4.
1610 2240 1635 2267 1.
1653 2235 1686 2264 A.
1708 2234 1746 2263 M.
1769 2234 1930 2262 Discutim·
1949 2234 2020 2260 cuzi-

1074 2283 1115 2310 νηί
1140 2282 1211 2310 cod.
1236 2282 1291 2310 Gu.
1313 2297 1355 2302 —
1376 2281 1420 2315 48)
1444 2280 1572 2308 Dubius
1594 2279 1687 2306 huius
1706 2281 1784 2306 recte
1812 2274 1928 2303 exhibet
1950 2273 2019 2302 cod.

1075 2325 1131 2353 Gu.
1163 2325 1226 2354 Sal.
1251 2325 1335 2352 Hist.
1361 2325 1418 2352 HI.
1452 2326 1501 2354 13.
1528 2323 1562 2350 A.
1588 2321 1625 2350 M.
1648 2321 1793 2358 Fragmm.
1820 2317 1870 2345 lib.
1897 2316 1946 2345 III.
1969 2318 2016 2346 33.

1076 2366 1211 2397 Gerlach.
1228 2366 1283 2397 Vv.
1305 2365 1432 2395 Dubius
1454 2364 1576 2394 consilii
1598 2364 1705 2393 desunt
1728 2359 1808 2400 apud
1823 2360 1856 2387 A.
1872 2358 1911 2387 M.

1521 2406 1586 2441 Ff
