2263 2668
237 105 286 139 92
660 100 801 134 PAULI
828 101 949 136 DIAc.
978 102 1235 137 EXCERPTA
1260 103 1324 137 EX
1350 104 1438 138 LIB.
1466 104 1609 140 POMP.
1638 107 1779 141 FESTI

235 198 435 238 Miracula,
476 207 562 239 quae
588 205 675 227 nunc
704 191 829 238 digna¹
855 194 1096 231 admiratione²
1119 197 1278 237 dicimus,
1320 199 1445 241 antiqui
1472 199 1504 231 in
1531 202 1630 235 rebus
1657 199 1832 246 turpibus³
1853 205 2036 238 utebantur.

235 250 363 282 Mirior
390 248 545 281 dicebant
572 244 862 290 comparativum*
885 259 904 279 a
926 249 1026 284 miro.
1080 247 1280 282 Titinnius⁵:
1322 250 1469 293 NIirior,
1498 252 1617 296 inquit,
1646 253 1708 287 tibi
1730 255 1860 287 videor.

235 300 469 333 Miscelliones
495 298 726 341 appellantur,
761 299 818 341 qui
846 310 912 330 non
940 305 1050 333 certae
1078 305 1152 334 sunt
1178 303 1377 342 sententiae,
1411 303 1470 335 sed
1496 305 1662 337 variorum
1691 305 1935 350 mixtorumque
1960 306 2188 342 iudiciorum⁵.

233 352 403 385 Misenum
429 349 696 394 promontorium
725 361 744 381 a
773 349 904 383 Miseno
929 349 1095 385 tubicine⁷
1119 353 1254 387 Aeneae
1281 354 1327 387 ibi
1353 355 1484 398 sepulto
1513 353 1582 388 ests
1603 357 1821 401 appellatum.

235 403 423 436 Miseralm·
450 402 492 441 is„
527 401 584 444 qui
612 402 826 444 conqueritur
854 403 961 435 aliena
989 404 1214 438 incommoda.

231 454 418 486 Miseretur
444 453 487 491 is,
526 453 584 495 qui
610 453 766 485 miserum
793 454 954 488 sublevat.

229 505 374 537 »uiseret
398 515 453 536 me
481 504 600 536 eadem
629 504 738 537 forma
766 505 904 547 dicitur,
940 519 1006 551 qua
1029 507 1142 552 piget,
1176 502 1359 552 poenitet⁹‚
1387 507 1509 541 taedet.

228 555 443 588 Miracidion
456 553 479 572 ¹⁰
500 556 628 600 primae
655 556 913 590 adolescentiae.

229 607 345 640 Melus
371 604 559 640 feminine¹¹
585 608 743 641 dicebant
753 605 785 641 ¹².
839 610 982 643 Ennius:

603 666 761 701 l⁷ivam¹³
783 681 829 702 an
856 671 992 704 moriar
1018 670 1119 704 nulla
1145 670 1179 703 in
1205 680 1262 702 me
1289 673 1338 703 est
1366 674 1485 705 metus.

228 727 363 760 Meua-i
389 731 495 760 castra
522 727 691 770 dicuntur,
726 729 819 772 quod
846 731 946 764 metis
973 730 1160 776 diriguntur
1170 727 1203 764 ¹⁴¹.

225 783 413 820 Medelix¹⁵
437 788 528 831 apud
557 787 664 823 Oscos
692 801 813 824 nomen
840 791 1048 836 magistratus
1073 796 1128 824 est.
1182 790 1324 823 Ennius:

596 847 795 883 Summusffi
819 851 866 884 ibi
894 852 1034 896 capitur
1060 847 1258 891 meddioeff,
1302 850 1474 884 occiditur
1501 848 1639 887 allerst',

223 905 472 939 Meditrinalia
500 907 589 941 dicta
616 909 683 944 hac
711 911 754 944 de
781 923 889 947 causa.
944 911 1023 944 Mos
1051 918 1121 946 erat
1147 911 1272 945 Latinis
1296 911 1448 955 populiS‚
1483 922 1551 954 quo
1579 912 1634 945 die
1660 911 1732 956 quis
1759 913 1906 957 primum
1931 916 2080 957 gustaret
2106 923 2180 945 mu-

324 962 408 990 stum
422 955 455 999 ¹⁹,
496 959 609 993 dicere
637 963 752 995 ominis
779 963 904 1008 gratia:

597 1021 701 1055 Vetus
727 1035 852 1056 novum
879 1024 995 1056 vinum
1024 1022 1118 1065 bibo,
1162 1023 1272 1056 veteri
1281 1019 1306 1040 ²⁰
1329 1034 1416 1057 novo
1443 1022 1564 1056 morbo
1574 1021 1596 1041 ²¹
1621 1024 1773 1057 medeor.

321 1080 350 1111 A
378 1079 497 1122 quibus
525 1081 632 1115 verbis
660 1083 758 1115 etiarn
768 1080 793 1100 ²²
816 1083 1018 1117 Meditrinae
1045 1081 1164 1117 deae²³
1188 1095 1310 1117 nornen
1320 1080 1345 1100 ²⁴
1368 1089 1572 1128 conceptum
1582 1080 1617 1124 ²⁵,
1668 1085 1804 1128 eiusque
1831 1095 1925 1118 sacra
1951 1082 2179 1117 Meditrinalia

321 1130 410 1163 dicta
437 1136 519 1164 sunt.

218 1188 473 1224 Medioaeimum
485 1188 509 1208 ²⁶
537 1193 715 1227 mediocre.

217 1240 441 1283 Medullitus,
477 1255 515 1276 ex
543 1244 662 1277 intimis
689 1245 853 1280 medullis.

218 1291 455 1327 Meditullium
483 1294 604 1329 dicitur
631 1309 697 1330 non
725 1297 872 1331 medium
901 1303 1027 1339 terrae,
1076 1298 1134 1331 sed
1161 1298 1282 1342 procul
1311 1310 1330 1331 a
1358 1299 1458 1339 mari,
1504 1299 1596 1341 quasi
1624 1293 1864 1338 nffiditellium,
1909 1298 1951 1330 ab
1977 1307 2037 1339 eo,
2081 1295 2173 1339 quod

319 1350 366 1378 est
392 1346 505 1379 tellus.

216 1404 385 1439 Jledibile
412 1407 622 1441 medicabile.

216 1463 507 1500 ΛΙεάίἰεννεαηι27
530 1468 667 1509 melius,
707 1479 807 1512 quam
835 1465 1146 1502 mediterraneam²¹³
1166 1469 1303 1502 Sisenna
1330 1469 1396 1504 dici
1422 1474 1527 1514 putat.

217 1523 423 1560 Merendam
451 1529 576 1571 antiqui
605 1529 761 1562 dicebant
785 1540 849 1573 pro
878 1529 1040 1573 prandio,
1084 1529 1178 1573 quod
1205 1525 1364 1564 scilicet²⁹
1385 1529 1497 1563 medio
1525 1529 1580 1562 die
1606 1534 1782 1573 caperetur
1792 1524 1827 1559 ³⁰.

216 1581 370 1629 Mergae
396 1585 591 1628 furculae³¹‚
625 1589 744 1632 quibus
772 1589 881 1622 acervi
908 1589 1042 1635 frugum
1070 1589 1171 1632 fiunt,
1207 1590 1316 1625 dictae
1344 1602 1363 1621 a
1390 1590 1581 1623 volucribus
1608 1589 1750 1634 mergis,
1784 1588 1862 1632 quia
1872 1584 1908 1629 ³²,
1935 1592 1972 1620 ut
1995 1582 2079 1619 illi³³
2098 1582 2167 1619 se³⁴

296 1699 324 1732 1)
348 1698 453 1738 digna]
469 1707 542 1729 sunt
555 1701 622 1731 add.
636 1702 668 1730 B.
691 1717 733 1722 ——
756 1702 786 1738 2)
810 1700 1026 1737 admiratione]
1042 1703 1165 1730 amirat.
1209 1701 1238 1732 d.
1259 1702 1293 1733 B.
1316 1712 1392 1740 quae
1413 1704 1564 1741 scriptura
1587 1711 1643 1741 per
1659 1712 1674 1729 c
1691 1701 1778 1730 etiam
1802 1711 1892 1740 supra
1915 1705 1945 1729 et
1966 1700 2043 1729 infra
2065 1700 2165 1728 locum

217 1736 307 1768 Gu.1.
330 1757 369 1762 —
391 1741 419 1781 3)
443 1744 597 1783 turpibus]
616 1744 833 1783 temporalibus
848 1755 893 1783 pr.
915 1760 957 1766 -—
979 1745 1011 1782 4)
1026 1744 1165 1772 dicebant
1207 1744 1296 1773 habet
1318 1745 1348 1773 in
1370 1745 1483 1775 eodem.
1507 1762 1545 1766 ——
1574 1747 1623 1781 24)
1645 1743 1767 1783 nomen]
1789 1744 1846 1772 lzoc
1867 1754 1974 1772 nomen
1997 1743 2054 1771 Gu.
2075 1744 2101 1773 1.
2122 1757 2166 1764 —

215 1779 318 1817 comp]
343 1792 433 1821 comp,
449 1785 506 1815 dic.
519 1787 551 1815 B.
576 1803 613 1808 —
638 1786 665 1826 5)
696 1787 861 1826 Titinnius]
886 1798 942 1815 om.
959 1787 1014 1816 Gu.
1029 1790 1056 1818 1.
1071 1792 1099 1816 et
1114 1798 1164 1816 ex-
1206 1785 1253 1828 25)
1277 1787 1463 1826 conceptam]
1488 1787 1536 1815 Sic
1551 1787 1582 1817 B.
1601 1787 1638 1815 M.
1656 1788 1710 1816 Gu.
1724 1791 1749 1818 1.
1763 1791 1791 1819 2.
1808 1798 1852 1826 pr.
1897 1791 2015 1825 ceptum
2029 1785 2111 1823 vulg.
2124 1800 2163 1805 —

213 1819 292 1849 hibet
308 1824 363 1850 tibi
380 1827 487 1863 inquit.
533 1831 676 1868 inquam,
704 1830 761 1858 tibi
777 1831 853 1858 Scal.
871 1831 939 1858 Dae.
962 1846 999 1851 —
1023 1832 1051 1866 6)
1075 1829 1162 1858 iudi·
1205 1830 1252 1869 26)
1276 1829 1505 1869 JlIedioximum]
1522 1831 1570 1858 Sic
1587 1830 1619 1860 B.
1632 1830 1670 1858 M.
1688 1832 1744 1859 Gu.
1762 1832 1787 1860 1.
1804 1833 1831 1862 2.
1848 1839 1893 1869 pr.
1935 1827 2163 1857 Medioxumum

212 1864 343 1903 riorum]
366 1868 446 1905 vulg.
462 1871 580 1900 additur
599 1878 684 1910 sunt,
708 1873 790 1911 quod
809 1884 865 1902 om.
882 1873 936 1901 Gu.
950 1875 979 1904 2.
1005 1888 1040 1894 -
1065 1876 1092 1911 7)
1117 1878 1163 1901 tu·
1205 1873 1286 1911 vulg.
1309 1890 1350 1894 —-
1372 1872 1418 1911 27)
1444 1872 1668 1908 Aledilerream]
1693 1871 1905 1901 Mediterreum
1922 1873 1950 1900 S.
1972 1887 2014 1893 —
2036 1873 2081 1905 28)
2104 1880 2162 1897 me-

212 1904 325 1944 hicine]
349 1909 395 1936 Sic
411 1909 447 1939 M.
464 1912 519 1942 Gu.
534 1917 561 1945 2.
578 1925 621 1953 pr,
637 1917 664 1943 S.
708 1916 789 1944 tibio.
807 1916 888 1954 vulg.
911 1931 952 1937 —
975 1915 1002 1954 8)
1025 1915 1080 1954 est]
1105 1926 1161 1944 om.
1203 1914 1427 1955 diterraneam]
1451 1915 1702 1944 mediterraneum
1721 1916 1749 1945 S.
1771 1931 1813 1937 ——·
1834 1916 1883 1953 29)
1906 1914 2031 1949 scilicet]
2055 1923 2111 1942 om.
2129 1912 2161 1941 Β.

1202 1975 1243 1979 -
1265 1961 1310 1993 30)
1333 1961 1506 1997 caperetur]
1530 1964 1708 1997 caperentur
1725 1958 1763 1986 M.
1785 1974 1828 1980 --
1850 1955 1896 1995 31)
1909 1955 2079 1994 furculae]
2103 1965 2158 1983 om.

211 1947 243 1975 B·
270 1965 302 1969 —
329 1946 360 1989 9)
377 1954 517 1991 poenitet]
541 1966 596 1984 om.
609 1958 639 1986 B.
655 1968 716 1996 pr„
740 1959 790 1996 qui
807 1958 949 1988 exhibent
958 1959 1045 1996 piget
1060 1963 1085 1986 et
1101 1964 1162 1986 tae-

212 1989 268 2018 det.
304 2008 335 2012 —
371 1991 413 2031 10)
444 1995 641 2036 Miracidion]
673 2001 722 2028 Sic
744 2001 823 2039 vulg.
847 2001 1057 2029 stIiraclzidion
1082 2001 1158 2031 Scal.
1203 2001 1260 2030 Gu.
1273 2003 1301 2032 1.
1324 2017 1367 2022 —-·
1387 2004 1433 2036 32)
1457 2003 1549 2040 quia]
1574 2000 1658 2040 quod
1677 2011 1723 2040 pr.
1744 2017 1787 2022 --
1807 1998 1854 2041 33)
1878 1998 1948 2039 illi]
1971 2000 2044 2028 illae
2061 1998 2094 2028 B.
2119 2013 2157 2019 —-

208 2032 278 2061 Dae·
313 2035 485 2064 Miracllt'on
501 2038 531 2066 B.
568 2041 749 2071 stliraclziton
765 2044 803 2072 M.
819 2044 876 2072 Gu.
886 2046 913 2074 2.
929 2054 975 2082 pr.
1007 2054 1064 2074 om.
1081 2044 1161 2080 glos-
1202 2045 1246 2077 34)
1270 2042 1311 2082 se]
1336 2053 1394 2073 om.
1414 2044 1472 2073 Gu.
1488 2047 1515 2076 1.
1538 2060 1581 2065 —
1602 2043 1648 2083 35)
1672 2041 1806 2082 aquam]
1828 2053 1912 2081 aqua
1930 2042 1986 2071 Gu.
2001 2045 2028 2074 1·
2053 2057 2088 2063 -·
2112 2042 2156 2076 36)

209 2085 270 2103 sam
288 2076 344 2106 Gu.
362 2080 389 2108 1.
415 2094 452 2099 --
479 2077 526 2118 11)
546 2082 701 2121 feminine]
725 2085 771 2112 Sic
789 2087 822 2114 B.
839 2086 876 2115 M.
895 2086 1028 2117 Gu.1.2.
1067 2080 1159 2124 semi-
1196 2089 1435 2124 persequuntur]
1460 2092 1630 2125 sequuntur
1646 2087 1680 2116 B.
1702 2102 1745 2107 —
1767 2086 1815 2124 37)
1837 2084 1900 2124 eas]
1923 2095 1980 2116 om.
1998 2085 2093 2115 Gu.1.
2114 2098 2155 2103 —

207 2119 277 2145 nino
297 2130 403 2157 genere
425 2121 506 2158 vulg.
538 2139 570 2143 —
606 2125 650 2160 12)
675 2126 828 2165 dicebant]
852 2128 970 2156 dicebat
992 2130 1048 2157 Gu.
1069 2132 1094 2160 1.
1116 2147 1158 2151 —-
1201 2129 1249 2167 38)
1272 2128 1467 2169 demergunt]
1492 2129 1617 2168 ‹limet-g.
1636 2129 1667 2157 B.
1685 2129 1724 2159 M.
1743 2129 1798 2157 Gu.
1813 2132 1839 2160 1.
1860 2137 1908 2167 pr.
1929 2144 1973 2150 --
1994 2126 2040 2167 39)
2062 2125 2154 2154 αέδὶί-

208 2158 252 2196 13)
280 2161 406 2198 Vivam]
431 2164 514 2190 Visst!
536 2174 580 2202 ΡΥ·
612 2182 651 2185 —-
689 2168 731 2206 14)
760 2168 956 2209 diriguntur]
981 2170 1158 2209 dirigantur
1200 2171 1338 2208 mabant]
1364 2172 1579 2200 existimabant
1595 2173 1622 2200 S.
1637 2172 1670 2200 D.
1705 2170 1905 2209 festinabant
1916 2171 1951 2200 B.
1970 2171 2027 2200 Gu.
2042 2172 2068 2201 1.
2085 2168 2152 2203 (om.

207 2201 303 2233 Gu.1.
330 2220 362 2225 —
389 2204 433 2245 15)
458 2205 593 2245 Meddix]
609 2207 727 2236 Meddis
742 2210 774 2238 B.
797 2228 835 2232 —
861 2212 904 2251 16)
929 2213 1083 2252 Summus]
1099 2225 1155 2243 om.
1200 2213 1304 2254 deum)
1328 2224 1374 2254 pr.
1395 2231 1438 2237 —
1466 2217 1513 2251 40)
1536 2225 1596 2242 esse
1618 2213 1724 2252 deum]
1749 2214 1797 2242 Sic
1813 2213 1851 2244 M.
1875 2213 1973 2244 Gu.2.
1995 2213 2022 2242 S.
2066 2209 2152 2238 dmm

204 2243 236 2272 Β·
259 2260 300 2265 ’-
327 2245 371 2282 ¹7)
387 2247 517 2286 me‘ldlx]
535 2248 634 2277 medix
649 2250 681 2278 B.
704 2266 746 2271 —
768 2252 811 2290 18)
830 2254 978 2283 occiditur
994 2255 1082 2294 alter]
1100 2267 1155 2285 om.
1199 2267 1260 2284 esse
1280 2257 1360 2295 vulg.
1383 2273 1424 2279 ·—
1446 2259 1494 2294 41)
1518 2256 1597 2285 unde
1613 2256 1654 2296 et]
1680 2262 1707 2284 et
1729 2255 1808 2285 unde
1826 2266 1931 2284 nomen
1952 2256 2021 2283 avis
2035 2250 2150 2281 merula

205 2286 261 2314 Gu.
281 2289 305 2317 1.
329 2304 371 2310 -—
394 2289 439 2331 19)
462 2294 606 2330 mustum]
631 2302 686 2320 om.
705 2292 736 2320 B.
761 2310 798 2313 -—
822 2295 868 2332 20)
892 2298 992 2335 veleri]
1016 2304 1041 2326 et
1060 2300 1091 2326 B.
1114 2316 1152 2320 —
1198 2310 1304 2327 nomen
1319 2310 1381 2328 acc.
1399 2300 1457 2329 Gu.
1474 2304 1499 2331 1.
1522 2316 1564 2322 —
1587 2299 1633 2338 42)
1656 2299 1786 2338 merula]
1808 2298 1902 2327 merla
1919 2297 1957 2326 Μ.
1972 2306 2016 2334 pr.
2039 2309 2079 2316 ·-
2099 2290 2147 2372 43)

203 2328 248 2367 21)
272 2330 383 2369 morbo]
406 2343 462 2361 om.
478 2333 510 2361 B.
532 2351 574 2356 —-
597 2334 643 2373 22)
667 2336 773 2369 eliam]
798 2345 853 2363 om.
872 2337 901 2365 Β,
923 2355 964 2359 —
986 2343 1030 2376 23)
1056 2341 1155 2368 Medi-
1199 2341 1252 2380 est]
1277 2353 1333 2370 om.
1351 2353 1395 2382 pr.
1419 2359 1460 2364 ———
1482 2344 1526 2375 44)
1547 2343 1599 2380 ut]
1623 2347 1655 2370 at
1671 2342 1703 2370 B.
1719 2342 1758 2370 Μ.
1777 2342 1832 2370 Gu.
1848 2344 1876 2371 1.
1923 2348 1959 2366 ac
1975 2347 2018 2376 pr·
2039 2351 2081 2357 ·-
2099 2335 2132 2362 45

202 2372 302 2400 trinae
317 2372 406 2412 deae]
430 2375 612 2412 Medicinae,
637 2387 693 2405 om.
713 2376 799 2407 deae,
825 2378 868 2404 Gn
901 2382 925 2408 1,
975 2382 1155 2410 Media-inae
1198 2384 1406 2422 appellamus]
1429 2385 1615 2423 appellemus
1636 2394 1680 2422 pr.
1711 2400 1750 2404 -
1779 2382 1824 2420 46)
1854 2379 2074 2412 Mercedonius]
2097 2376 2145 2404 Sic
