2263 2668
238 174 313 208 558
666 161 1015 197 COMMENTARII
1040 162 1088 195 IN
1115 160 1259 195 PAULI
1284 160 1482 195 DIACONI
1507 161 1765 197 EXCERPTA

240 265 322 295 denis
345 262 535 293 coenitauere‚
556 262 658 295 postea
682 254 807 284 centenis
829 253 1037 284 obsonitavere.
1062 253 1117 282 Da
1127 264 1152 285 c.
1188 253 1233 283 De
1254 252 1315 294 lege
1338 252 1456 283 Orchia.
1486 254 1530 284 Ne
1552 255 1609 294 legi
1633 254 1769 285 Orchiae.
1796 253 1901 284 Goth.
1932 253 2036 284 Postea
2058 258 2192 286 centenis.

241 309 345 338 Postea
368 303 459 333 denis.
503 297 609 327 Idem.

405 345 589 372 ostentas.
636 339 684 367 Ait
713 338 801 367 etiam
830 338 890 367 dici
920 338 1063 367 feminino
1093 349 1198 377 genere
1222 344 1256 368 ut
1277 337 1372 367 salute
1391 345 1520 376 ostenta,
1558 339 1652 369 Varro
1675 340 1726 369 lib.
1740 340 1793 369 111.
1816 350 1916 368 rerum
1940 338 2128 378 divinarum;
2165 334 2207 370 et*

242 400 331 430 supra
355 390 504 416 Ostentum
527 394 629 412 senem.
677 381 763 410 Dac.

404 427 617 466 Opigenam.
662 424 806 452 Iunonem
830 424 906 452 enim
928 427 1015 452 utero
1039 423 1210 452 laborantes
1232 422 1422 452 invocabant.
1465 424 1555 463 Apud
1578 425 1695 454 Terent.
1719 424 1845 465 (Andria
1861 424 1919 461 Ill,
1945 427 1977 461 1,
2002 422 2078 463 15.):

981 465 1055 495 Iuno
1079 465 1197 495 Lucina
1210 465 1266 508 fer
1289 476 1379 504 opem.

240 516 330 545 Dac.
366 511 450 552 Quae
470 509 637 540 laborantes
658 516 738 537 utero
759 506 874 548 puellas
899 508 957 537 Ter
978 516 1085 538 vocata
1106 508 1201 540 audis.
1240 508 1342 536 Horat.
1368 509 1463 536 Carm.
1477 508 1538 545 ΙΙΙ,
1561 511 1620 547 22,
1643 510 1688 547 (2.
1703 509 1791 548 seq.).
1839 507 1945 538 Goth.

405 561 559 591 oletum.
605 560 680 588 Male
708 559 759 588 hic
781 559 886 587 Festus
915 557 1023 588 oletum
1052 564 1167 590 stercus
1194 560 1358 588 humanum
1387 559 1618 598 interpretatur,
1657 570 1726 589 nam
1753 560 1853 589 locum
1881 560 2009 589 olentem
2037 559 2194 598 significat.

241 609 290 638 Sic
312 611 380 647 post
403 604 562 634 Veranium
586 603 663 631 dixit
687 602 802 631 Persius
825 603 934 636 Sat.1.
958 600 1071 641 (112.):

773 669 815 674 —
859 668 899 674 —
944 650 1008 681 Hic
1030 652 1142 693 inquis,
1165 659 1229 681 veto
1251 651 1406 691 quisquam
1420 651 1519 694 faxit
1542 651 1660 683 oletum.

240 710 298 740 Hic
321 708 465 738 Veranius
488 705 646 743 scripserat
669 703 705 732 de
727 703 816 732 rebus
840 702 1073 743 pontificalibus.
1118 703 1206 732 Dae.

406 758 532 786 Orcus.
578 755 695 785 Orcum,
735 755 807 793 Lege
832 765 897 782 cum
923 754 1039 793 Lipsio:
1063 754 1116 784 Ab
1139 754 1269 794 antiquis
1292 751 1403 783 dictum
1426 766 1547 794 argum,
1571 754 1613 783 ait
1636 755 1713 784 enim
1731 755 1853 784 Verrius
1877 754 1913 783 ab
1936 754 2071 794 urgendo
2091 766 2196 794 urgum

241 803 371 836 dictum,
393 804 496 839 postea
516 810 537 837 g
561 802 673 826 mutato
696 798 726 826 in
751 809 780 833 c,
804 809 905 826 urcum
928 802 955 825 et
978 809 997 825 ιι
1018 797 1050 825 in
1073 808 1090 826 ο
1114 808 1228 832 orcum,
1254 796 1334 834 quod
1356 797 1392 825 ad
1416 802 1541 826 mortem
1566 803 1678 836 urgeat.
1713 798 1771 826 Sed
1793 797 1842 826 hic
1865 798 1972 827 merito
1995 802 2130 826 veterum
2153 803 2196 826 te-

241 844 381 874 stimonia
404 843 507 871 Festus
531 840 694 876 desiderat,
730 840 922 869 verisimilius
944 840 1035 877 igitur
1058 851 1157 869 orcum
1182 849 1244 867 esse
1268 849 1283 866 a
1308 839 1422 868 Graeco
1447 836 1550 877 ὅρκος,
1589 841 1796 877 iuramentum,
1834 840 1915 879 quod
1938 841 2097 869 iuramenti
2119 840 2197 869 Deus

241 889 278 916 sit
301 897 402 922 orcus,
426 885 524 913 Pluto.
547 882 636 913 Dae.
669 883 771 912 Orcus.
801 882 873 911 Vide
894 882 1058 912 Varronem
1083 882 1138 922 (V,
1160 892 1189 920 p.
1204 883 1254 913 73.
1276 879 1341 921 Sp.)
1365 881 1588 922 Exemplorum.
1618 884 1762 922 Exempti.
1797 882 1937 923 Uragum.
1967 884 2087 922 Urgum.
2116 883 2196 923 Lips.

240 930 299 966 111,
325 932 438 968 quaest.
455 930 505 959 20.
554 924 658 954 Goth.

409 966 653 1011 Offendices.
698 967 785 996 Addo
809 977 846 995 ex
869 966 969 995 latinis
991 967 1111 1005 glossis:
1137 964 1311 1007 ‹ffintlice8‚
1336 965 1409 996 nodi
1430 966 1535 1007 quibus
1557 966 1627 996 libri
1647 968 1812 1007 signantur.
1837 966 1937 997 Scal.
1973 967 2097 996 Amenta
2120 967 2197 996 infra

241 1019 374 1044 mentum
397 1011 591 1051 pertinentia,
615 1010 722 1048 quibus
745 1020 837 1048 apex,
860 1009 1049 1038 sacerdotum
1073 1010 1168 1048 pileus
1192 1008 1389 1039 retinebatur.
1434 1010 1505 1038 Item
1529 1010 1586 1038 alia
1610 1012 1731 1048 quaevis
1754 1011 1843 1048 gloSS.
1867 1010 1990 1040 Isidor.:
2020 1009 2197 1052 Offindstes,

242 1055 314 1086 nodi
342 1054 446 1096 quibus
474 1052 545 1082 libri
571 1053 733 1092 signantur.
779 1053 853 1090 Lege
881 1053 973 1081 infra:
1011 1051 1159 1080 Veranius
1184 1050 1303 1081 Cor-iola
1324 1053 1493 1090 existimat,
1524 1058 1579 1083 etc.
1627 1051 1765 1089 Coriohz,
1801 1053 2011 1082 diminutivum
2035 1064 2051 1082 a
2075 1053 2197 1082 corium.

242 1099 330 1128 Dac.
369 1094 516 1127 Clzoriola.
552 1095 679 1124 Coriola,
728 1093 832 1124 Goth.

408 1138 606 1168 Olvatium.
630 1138 687 1174 (Ad
710 1147 776 1176 pag.
791 1137 874 1173 196.)
898 1136 1032 1165 Fortasse
1056 1141 1198 1175 corrupte
1221 1136 1372 1173 legerunt,
1405 1147 1460 1175 pro
1484 1137 1559 1165 Olus
1583 1142 1698 1175 atrum,
1722 1137 1801 1166 unde
1824 1137 1997 1166 coniectura
2021 1137 2116 1166 coacti
2139 1137 2199 1166 sint

242 1182 435 1222 interpretari
450 1182 498 1217 id,
522 1180 603 1219 quod
626 1181 656 1208 in
679 1190 779 1209 rerum
802 1184 908 1208 natura
924 1190 983 1207 non
1000 1185 1052 1209 est.
1073 1177 1173 1208 Scal.
1206 1179 1298 1217 Negat
1313 1179 1445 1217 Scaliger
1467 1180 1497 1208 id
1521 1190 1652 1218 unquam
1675 1180 1766 1208 fuisse
1788 1181 1818 1208 in
1840 1190 1940 1209 rerum
1964 1185 2085 1216 natura,
2109 1184 2199 1218 atque

243 1226 316 1255 adeo
340 1225 511 1263 suspicatur
539 1228 715 1262 corruptum
743 1233 806 1251 esse
833 1232 889 1261 pro
912 1220 1074 1251 olusatrum
1097 1221 1205 1250 herbae
1229 1231 1320 1259 genus
1345 1232 1421 1260 quae
1443 1224 1623 1262 serpentaria
1647 1223 1744 1251 minor
1765 1223 1891 1251 officinis
1915 1227 1944 1251 et
1967 1233 2020 1262 pes
2045 1223 2130 1251 vituli
2153 1222 2199 1251 di-

243 1270 330 1298 citur.
361 1267 418 1295 Sed
436 1267 546 1305 optime
562 1265 707 1294 Meursius
725 1264 866 1294 olvatz'um
886 1265 1007 1302 asserit,
1031 1269 1060 1293 et
1075 1264 1153 1293 Festi
1177 1266 1449 1303 interpretationem
1474 1270 1588 1294 tantum
1610 1264 1815 1303 reprehendit.
1848 1266 2000 1294 Olvatium
2023 1266 2100 1295 enim
2123 1265 2199 1294 nihil

244 1311 325 1340 aliud
349 1320 411 1338 esse
432 1319 520 1347 quam
544 1308 623 1345 quod
647 1308 676 1336 in
701 1308 766 1336 ollis
790 1311 906 1336 coctum
930 1312 988 1343 est,
1012 1312 1045 1336 ut
1069 1307 1234 1335 testantium
1259 1307 1339 1345 quod
1363 1308 1391 1335 in
1415 1311 1500 1336 tosta.
1525 1308 1608 1336 Varr.
1626 1308 1676 1336 lib.
1690 1308 1740 1336 IV.
1759 1308 1796 1336 de
1816 1308 1846 1336 L.
1864 1309 1895 1338 L.
1913 1308 1968 1347 (V,
1988 1318 2019 1347 p.
2034 1310 2102 1339 110.
2120 1306 2199 1346 Sp.):

244 1353 409 1382 testuatium
433 1349 513 1391 quod
534 1352 564 1379 in
588 1357 660 1379 testu
683 1349 771 1380 caldo
794 1348 990 1390 coquebatur,
1025 1357 1055 1378 ut
1078 1350 1165 1378 etiam
1189 1360 1266 1378 nunc
1288 1348 1463 1378 matralibus
1486 1348 1518 1378 id
1529 1350 1665 1391 jaciunt.
1701 1350 1745 1378 Ab
1768 1349 1818 1379 ola
1840 1350 1930 1388 igitur
1953 1361 2008 1389 pro
2032 1349 2095 1379 olla
2118 1349 2198 1379 olva-

244 1397 335 1432 tium‚
360 1398 394 1423 ut
416 1404 432 1421 a
455 1400 542 1429 testa,
567 1394 744 1423 testuatium.
767 1392 856 1422 Dac.
898 1390 1056 1422 Olvatium.
1093 1391 1166 1419 Olus
1189 1396 1294 1420 atrum.
1345 1390 1449 1421 Goth.

410 1435 647 1465 Obiacuisse.
692 1435 783 1473 Lege,
813 1441 881 1464 ante
902 1435 1032 1463 iacuisse.
1056 1433 1110 1462 Da
1120 1445 1145 1463 c.
1192 1433 1275 1462 Adde
1300 1444 1376 1472 quae
1399 1438 1502 1462 notata
1525 1438 1594 1462 sunt
1616 1433 1647 1462 in
1672 1433 1715 1463 Ob
1736 1435 1961 1474 praepositione.
2008 1432 2114 1464 Goth.

410 1476 610 1508 Occultum
633 1476 792 1519 offerre.
836 1477 926 1515 Lege:
957 1475 1104 1506 occultum
1128 1475 1230 1517 efferre
1250 1477 1398 1516 significat
1421 1475 1472 1505 sub
1496 1484 1600 1505 terram
1615 1475 1717 1518 ferre,
1745 1487 1858 1517 ponere.
1903 1476 1992 1507 Dec.

796 1571 911 1604 AD
1015 1569 1644 1605 LIBRUMXIV.

411 1647 643 1685 Praeceptat.
691 1645 782 1686 Saepe
802 1646 956 1686 praecipit.
994 1646 1072 1674 Sunt
1094 1644 1172 1674 enim
1196 1644 1286 1674 verba
1309 1646 1338 1673 in
1362 1650 1394 1674 to
1417 1645 1653 1683 frequentativa,
1678 1649 1712 1673 ut
1733 1645 1868 1685 saepius,
1893 1656 1908 1673 a
1927 1644 2041 1683 supinis
2058 1644 2200 1680 derivata,

246 1703 266 1722 u
287 1693 317 1721 in
341 1702 358 1720 ο
380 1695 510 1725 mutato,
549 1694 583 1718 ut
605 1689 735 1727 scripto,
773 1689 887 1725 edicte,
924 1688 1038 1717 domito
1062 1692 1134 1723 etc..
1171 1687 1207 1717 de
1230 1687 1338 1726 quibus
1362 1687 1430 1717 vide
1453 1687 1640 1716 Priscianum
1661 1687 1736 1717 VIII.
1758 1698 1781 1716 c.
1805 1687 1842 1717 de
1864 1687 2019 1727 speciebus
2043 1686 2202 1716 verborum

246 1736 286 1772 (ο,
302 1735 348 1767 14.
373 1735 397 1772 ᾗ.
410 1734 462 1765 74.
485 1737 555 1763 tom.
570 1732 599 1769 1,
624 1742 689 1770 pag.
702 1731 774 1764 412.
788 1742 868 1770 seqq.
892 1732 969 1768 Kr.).
1017 1728 1121 1759 Goth.

410 1774 463 1805 Pa
482 1786 537 1814 pro
557 1781 650 1814 parte.
675 1773 733 1814 (Ad
749 1785 778 1813 p.
793 1772 876 1812 196.)
901 1774 974 1812 Lege
994 1783 1067 1813 par,
1092 1772 1162 1811 quia
1185 1782 1301 1812 semper
1324 1773 1470 1811 integram
1494 1773 1625 1811 priorem
1641 1772 1784 1812 syllabam
1800 1777 1993 1812 usurparunt.
2023 1771 2089 1800 Hoc
2105 1775 2203 1800 autem

249 1830 265 1848 a
278 1818 465 1848 Doriensibus
487 1817 684 1854 translatum,
707 1817 759 1855 qui
782 1822 930 1846 extremas
953 1825 1062 1845 vocum
1088 1820 1189 1854 partes
1205 1815 1433 1852 abscindebant,
1457 1815 1506 1844 vel
1523 1815 1690 1844 dimidiatas
1709 1820 1825 1844 tantum
1844 1825 1932 1844 voces
1949 1825 2005 1854 pro
2023 1814 2095 1843 totis
2113 1823 2203 1843 usur-

251 1861 364 1899 pabant.
408 1861 457 1889 Sic
481 1861 525 1890 δῶ
547 1870 602 1898 pro
627 1861 725 1899 δῶμα·
755 1863 807 1899 κρῖ
827 1869 883 1898 pro
905 1856 1017 1898 κριθή·
1049 1858 1093 1896 ἕρι
1117 1868 1171 1897 pro
1195 1857 1292 1898 ἔριον,
1317 1863 1346 1887 et
1368 1858 1485 1887 similia.
1529 1859 1578 1887 Sic
1601 1858 1671 1887 Osci
1694 1857 1756 1888 coil
1776 1858 1915 1887 dicebant
1938 1868 1994 1897 pro
2019 1854 2144 1893 coilurn,
2171 1855 2203 1884 id

253 1909 296 1932 est
317 1902 436 1932 coelum.
481 1903 608 1931 Ennius:

870 1962 907 1966 —
954 1960 991 1965 -—
1039 1943 1147 1972 Divum
1172 1940 1277 1971 domus
1298 1941 1458 1972 altisonum
1482 1940 1550 1971 coil.

254 1994 317 2022 Nisi
338 1996 437 2033 potius
459 1995 610 2032 dicamus,
634 1995 689 2023 ista
710 2004 781 2033 par,
804 1997 870 2033 κρῖ,
896 1994 955 2030 διδ,
979 1996 1029 2033 χρῖ
1047 1998 1103 2023 etc.
1127 1994 1316 2032 primigenias
1339 2002 1402 2021 esse
1423 2002 1514 2021 voces
1536 1997 1640 2031 utpote
1662 1992 1875 2031 simpliciores,
1900 1991 2009 2031 quibus
2032 1995 2136 2030 postea
2157 2000 2203 2019 se-

255 2046 346 2075 quens
369 2042 445 2065 aetas
466 2037 578 2066 litteras
600 2037 726 2066 addidit.
769 2037 818 2065 Sic
841 2037 963 2065 Salmas.
986 2037 1016 2065 in
1040 2036 1151 2066 Hellen.
1175 2040 1226 2075 χρῖ
1245 2043 1274 2065 et
1297 2038 1342 2067 δώ
1364 2035 1533 2074 antiquiora
1554 2040 1657 2075 putat,
1683 2046 1770 2074 quam
1793 2038 1917 2074 χρῐμνον
1938 2039 1968 2063 et
1990 2036 2091 2072 δῶμα,
2113 2032 2204 2072 idque

256 2078 329 2108 mihi
351 2088 384 2106 eo
408 2079 590 2117 probabilius
613 2079 749 2115 videtur,
781 2079 863 2117 quod
886 2080 971 2114 Osci,
1005 2089 1133 2116 quorum
1156 2079 1257 2117 lingua
1279 2078 1431 2117 antiquior
1456 2078 1575 2115 Latina,
1606 2076 1666 2108 coil
1688 2078 1844 2114 dixerunt,
1876 2077 1958 2116 quod
1981 2081 2084 2116 postea
2107 2075 2204 2105 Latini

257 2119 373 2150 coilum.
420 2121 450 2147 ln
472 2121 588 2150 schedis
610 2123 755 2161 scriptum
775 2133 815 2162 po
836 2133 891 2161 pro
911 2122 1104 2161 potissimum.
1150 2120 1237 2150 Dac.

423 2161 692 2196 Promenervat.
716 2164 775 2203 (Ad
797 2174 827 2203 p.
841 2164 923 2203 196.)
947 2164 972 2192 A
986 2163 1127 2194 Menerva
1149 2173 1324 2193 menervare
1347 2167 1376 2192 et
1398 2171 1636 2201 promenervare.
1676 2161 1751 2190 Vide
1767 2160 1915 2191 Minerva.
1953 2159 2031 2190 Illud
2053 2161 2121 2189 item
2144 2170 2203 2189 non

259 2204 432 2234 mutandum
456 2209 513 2239 est,
536 2210 567 2232 ut
590 2206 660 2234 viris
682 2207 779 2235 doctis
802 2207 898 2235 visum
923 2207 989 2235 suit.
1025 2207 1097 2234 Nam
1120 2206 1213 2235 hocce
1237 2210 1328 2245 caput
1351 2205 1493 2234 continuo
1516 2209 1584 2243 post
1604 2211 1773 2244 praeceptat
1796 2209 1825 2232 et
1844 2214 1886 2243 pa
1905 2214 1961 2243 pro
1980 2210 2066 2243 parte
2085 2202 2202 2241 legeba-

259 2253 324 2285 tur,
349 2247 399 2276 ubi
422 2246 458 2274 de
480 2247 585 2274 Saliari
608 2249 743 2278 carmine.
767 2249 854 2278 Dac.
899 2250 957 2277 Alii
978 2256 1177 2288 promenerat,
1207 2249 1256 2277 alii
1276 2255 1469 2287 promoverat.
1516 2245 1624 2277 Goth.

424 2287 690 2318 Praedotiont.
733 2291 808 2319 Puto
832 2291 976 2330 scriptum
998 2292 1090 2320 fuisse
1110 2292 1317 2331 praeoptinunt
1340 2290 1387 2318 vel
1409 2290 1509 2329 potius
1529 2289 1744 2328 praeoptinant.
1791 2286 1885 2327 Opto,
1908 2288 2026 2326 optino:
2051 2291 2201 2325 praeopta,

258 2330 446 2371 praeoptino,
471 2335 504 2358 ut
526 2341 614 2369 nego,
637 2332 748 2369 aegino.
794 2334 916 2362 Doctiss.
940 2334 1086 2362 Meursius
1108 2334 1225 2372 legebat
1244 2331 1457 2373 praedopiunt,
1485 2332 1521 2360 ab
1545 2331 1680 2360 obsoleto
1703 2330 1786 2370 opio,
1810 2330 1890 2359 uude
1913 2337 1996 2369 opto,
2019 2333 2052 2357 ut
2073 2327 2110 2356 ab
2132 2328 2201 2367 apio

262 2381 331 2413 apto
353 2378 408 2401 etc.
452 2371 628 2412 Praeopiunt
651 2371 670 2400 d
691 2373 801 2401 inserto
821 2374 1023 2415 praeclopiunt.
1068 2376 1156 2406 Dac.
1937 2385 1943 2390 ⁴

427 2414 639 2454 Prospices.
685 2415 759 2452 Lege
782 2416 936 2455 Prospica.
973 2418 1117 2447 Naevius:
1144 2417 1214 2447 Tibi
1233 2418 1373 2457 prospica
1394 2427 1431 2447 ac
1454 2414 1580 2455 dispice,
1602 2415 1632 2444 id
1656 2419 1700 2444 est
1719 2414 1869 2453 prospice,
1893 2410 2010 2450 dispice.
2054 2409 2143 2440 Dae.
