2263 2668
867 169 956 205 LIB.
970 169 1014 203 11.
1056 168 1199 204 SEGM.
1218 170 1276 206 IV.

1969 182 2043 217 147

265 257 320 291 Ex
345 256 507 290 trochaeo
534 261 569 290 et
592 257 709 292 lonico
735 260 879 304 minore,
911 267 965 296 ut:
997 262 1121 297 doctus
1145 264 1323 305 imitatum
1356 279 1396 302 ex
1421 269 1584 305 trochaeo
1611 276 1644 305 et
1671 272 1786 307 lonico
1813 274 1957 317 maiore,
1993 283 2042 310 ut:

102 309 213 342 victus
237 309 427 342 incesserat
438 305 471 341 ¹⁴.

266 361 319 394 Ex
344 359 505 393 trochaeo
533 364 566 393 et
591 360 737 404 quinque
764 362 914 406 syllabis,
941 375 1082 408 quarum
1107 367 1204 399 tertia
1230 367 1270 401 sit
1296 368 1418 414 longa,
1445 376 1497 406 ut:
1523 372 1584 408 ille
1607 374 1861 421 repugnahilis.

266 412 320 445 Ex
343 410 516 454 tribrachy
541 415 574 443 et
599 408 745 445 isdem¹⁵.

267 462 476 507 Compositio
502 460 679 496 secunda16
706 474 746 496 ex
772 464 1002 508 amphimacro
1031 471 1065 500 et
1091 468 1261 512 spondeo,
1290 474 1340 503 ut:
1367 471 1509 507 dixerat
1533 486 1698 522 magnus.

264 514 318 547 Ex
344 513 574 557 amphimacro
601 519 634 547 et
659 520 854 559 anapaesto,
880 521 933 550 ut:
959 518 1136 553 maximus
1162 517 1328 558 Fidiusfl.

265 566 317 599 Ex
343 564 575 609 amphimacro
603 570 635 599 et
661 566 815 610 dactylo,
840 571 892 601 ut:
917 567 1089 614 BIulcg'ser
1107 569 1297 616 feceratffi.

266 616 477 660 Compositio
503 617 599 649 tertia
609 613 633 633 ¹⁹

660 629 700 650 ex
726 619 877 662 spondeo
905 624 937 652 et
962 632 1093 665 paeone
1120 627 1256 666 quarto,
1283 629 1336 659 ut:
1363 623 1506 660 doctis²⁰
1521 628 1695 674 facilitas.

264 669 316 701 Ex
343 667 494 711 spondeo
523 673 555 701 et
580 668 745 710 bacchio,
771 674 822 703 ut:
848 682 1006 716 magnae
1031 671 1232 719 repulsasffl.

264 720 317 752 Ex
343 719 495 763 spondeo
523 724 556 752 et
581 731 713 764 paeone
739 722 903 764 secundo,
930 728 982 756 ut:
1008 722 1123 759 ιιῑίἰε22
1148 731 1351 761 recesserat.

262 771 317 804 Ex
342 775 522 815 anapaesto
549 776 582 804 et
609 771 723 804 isdem.

265 818 424 863 Quarta²³
451 833 491 854 ex
515 822 766 867 palimbacchio
794 827 826 855 et
856 825 1016 869 spondeo.

262 874 316 906 Ex
342 873 591 917 palimbacchio
619 879 651 907 et
676 879 863 918 anapaesto.

262 925 315 958 Ex
341 924 591 969 palimbacchio
620 930 653 958 et
678 925 823 969 dactylo.

263 976 317 1009 Ex
342 987 473 1020 paeone
499 977 595 1009 tertio
623 981 655 1010 et
680 976 795 1009 isdem.

264 1027 318 1060 Ex
344 1024 630 1072 amphibrachyffl·
650 1032 684 1060 et
706 1027 822 1061 isdem.

266 1075 422 1120 (ξιιίηῐιι25
449 1090 488 1111 ex
514 1078 656 1124 spondio
684 1083 716 1111 et
741 1079 864 1114 iambo.

263 1130 317 1163 Ex
347 1129 490 1174 spondio
518 1135 550 1163 et
574 1129 754 1174 tribrachy.

262 1181 316 1214 Ex
341 1185 519 1225 anapaesto
547 1185 578 1214 et
601 1181 717 1215 isdem.

263 1232 365 1266 Sexta
392 1243 432 1264 ex
458 1233 600 1277 spondio
628 1238 660 1266 et
684 1232 797 1265 iambo
824 1236 857 1264 et
882 1232 1034 1277 spondio.

262 1283 316 1316 Ex
346 1283 508 1327 spondio‚
536 1280 681 1317 iambo²⁶
709 1288 741 1317 et
767 1283 912 1327 dactylo,

262 1335 316 1368 Ex
341 1335 472 1368 duobus
498 1336 616 1369 iambis
643 1339 675 1368 et
701 1334 862 1380 spondeo.

261 1386 315 1419 Ex
339 1386 470 1419 duobus
497 1387 613 1420 iambis
640 1391 673 1420 et
699 1386 846 1430 dactylo.

1908 733 2038 781 [1494]

262 1438 315 1470 Ex
341 1436 545 1482 disyllabis²¹
571 1439 684 1471 iambo
712 1444 745 1471 et
770 1436 942 1483 sponde03
967 1437 1000 1469 in
1020 1437 1196 1481 trisyllabis
1221 1437 1383 1471 trochaeo
1411 1443 1444 1471 et
1469 1436 1671 1472 trochaeoffi.

262 1489 414 1533 Septima
441 1501 481 1522 ex
507 1486 693 1534 spondeo²⁹
721 1494 753 1523 et
780 1488 911 1534 epitrito
937 1488 1094 1523 secundo.

261 1540 315 1573 Ex
340 1541 492 1585 spondeo
521 1547 553 1574 et
579 1541 710 1586 epitrito
735 1542 842 1574 tertio.

262 1591 316 1624 Ex
340 1592 452 1625 iambo
480 1597 513 1625 et
537 1593 653 1626 isdem.

263 1643 316 1676 Ex
341 1644 513 1688 trisyllabo
541 1649 574 1678 et
599 1645 714 1678 isdem.

101 1837 250 1865 incutiens
263 1836 331 1868 Asc.
344 1852 387 1860 —
410 1836 456 1879 14)
473 1838 588 1876 Integer
603 1847 706 1868 versus
723 1836 835 1866 excidit
848 1835 880 1864 in
895 1836 962 1864 Asc.
980 1839 1009 1864 et
1023 1835 1054 1864 P.

100 1888 176 1918 quae
193 1878 276 1909 hunc
291 1880 393 1909 locum
413 1881 455 1909 ita
476 1881 636 1910 exhibent:
665 1882 715 1910 Ex
737 1879 884 1909 Trochaeo
907 1884 933 1906 et
954 1878 1054 1907 Jontco

100 1922 230 1959 minore,
253 1928 303 1960 ut,
327 1925 428 1951 victus
450 1925 620 1952 incesserat.
664 1923 733 1952 Asc.
759 1923 845 1951 etiarn
870 1923 990 1949 victas.
1012 1936 1054 1943 —

100 1963 148 2001 15)
168 1964 239 1993 cod.
255 1964 306 1994 hic
325 1971 355 1994 et
367 1966 479 2005 ubique
501 1967 532 1995 in
550 1977 629 2005 seqq.
646 1965 780 2001 hisdem,-
805 1969 893 2003 atque
909 1965 950 1992 ita
966 1963 1054 1991 etiam

98 2005 166 2035 Asc.
182 2006 213 2035 P.
228 2022 270 2028 ·—
303 2009 346 2045 16)
363 2009 484 2038 Putsch.
497 2009 528 2037 in
543 2010 602 2038 fine
621 2019 725 2038 versus
741 2008 902 2046 Composit.
920 2006 959 2034 Il.
996 2005 1053 2033 Re-

100 2049 178 2078 ctius
203 2048 271 2077 Asc.
295 2050 394 2079 eadem
416 2055 558 2090 tanquam
580 2052 702 2080 titulum
724 2050 835 2089 scripta
857 2047 985 2077 exhibet.
1010 2062 1053 2068 -—

100 2092 149 2128 17)
165 2091 251 2119 Cod.:
270 2093 423 2120 maximus
439 2093 564 2132 disidch.
589 2095 657 2125 Asc.
673 2095 721 2124 R:
744 2093 896 2120 maximus
911 2087 1052 2126 dissidas.

101 2133 271 2162 Certissima
295 2134 467 2164 coniectura
488 2137 628 2175 rescripsi
650 2135 771 2164 Fidius.
788 2150 830 2155 —
868 2135 911 2168 18)
931 2133 1054 2178 Iv'ecerat

100 2176 138 2204 ad
152 2176 231 2205 latus
244 2176 368 2205 inferius
388 2177 460 2206 cod.
477 2179 646 2218 appositum
662 2178 722 2206 huc
741 2175 906 2216 pertinere,
929 2183 976 2202 res
990 2183 1053 2212 ipsa

100 2218 196 2248 docet.
240 2219 328 2247 Deest
349 2218 379 2249 h.
400 2229 429 2248 v.
454 2220 484 2249 in
506 2222 574 2250 Asc.
595 2226 624 2250 et
648 2222 678 2249 P.
704 2220 754 2257 qui
776 2218 892 2254 signum
911 2216 995 2245 vocis
1016 2226 1053 2244 ex

100 2261 232 2299 margine
258 2261 448 2290 arcessendae
465 2273 520 2301 pro
541 2273 666 2292 numero
686 2262 722 2290 II.
751 2260 928 2288 habuerunt.
969 2259 1053 2287 Cete-

99 2314 165 2333 rum
176 2303 246 2334 Cod.
261 2303 440 2342 scripturam
451 2306 597 2343 filulcifer
611 2315 670 2333 non
688 2303 751 2331 sine
768 2312 868 2331 caussa
882 2301 1053 2330 retinui.—

101 2349 144 2382 19)
165 2346 348 2384 Compositio
363 2348 453 2374 tertia
471 2347 502 2375 in
518 2347 584 2376 Asc.
598 2357 653 2386 pro
671 2345 760 2374 titulo
776 2355 864 2384 supra
881 2343 1000 2383 scripta.
1011 2360 1053 2366 —

99 2387 146 2427 20)
170 2390 281 2418 ,Βοείίε
300 2388 373 2418 eod.
400 2388 505 2418 doceat
520 2389 585 2419 Asc.
601 2391 633 2419 P.
658 2388 749 2426 male,
772 2398 809 2417 ex
824 2397 886 2416 non
899 2386 1051 2416 intellecto

1098 1832 1284 1872 compendiO.
1306 1847 1349 1855 ·—
1383 1831 1430 1871 21)
1449 1832 1537 1864 Cod.:
1556 1844 1686 1874 magnae
1703 1834 1788 1863 herso
1805 1836 1954 1874 repulsus.
1986 1835 2043 1864 Sed

1096 1887 1125 1906 v.
1141 1877 1226 1903 hera-o
1242 1874 1363 1914 punctis
1376 1874 1514 1914 deletum,
1529 1882 1709 1917 quapropter
1723 1888 1784 1907 vox
1798 1878 1886 1907 nihili
1899 1878 2044 1906 eiicienda

1096 1918 1162 1947 suit.
1185 1928 1296 1956 magno
1317 1928 1413 1946 errore
1432 1919 1572 1957 repulsus
1588 1921 1664 1949 male
1678 1921 1710 1949 P.
1727 1921 1793 1949 Asc.
1809 1938 1852 1943 —
1883 1919 1932 1961 22)
1956 1921 2043 1949 Ultus

1097 1961 1165 1989 Asc.
1183 1961 1214 1990 P.
1231 1976 1274 1982 —
1302 1959 1349 1998 23)
1365 1960 1487 1990 Numeri
1501 1963 1619 2001 signum
1635 1963 1667 1991 in
1685 1963 1751 1992 Asc.
1766 1974 1822 2003 pro
1838 1963 1938 1992 titulo.
1960 1963 1997 1991 In
2010 1963 2042 1992 P.

1095 2003 1127 2031 in
1142 2003 1201 2031 fine
1215 2013 1327 2040 versus,
1341 2003 1520 2042 importune.
1534 2021 1576 2027 ——
1598 2004 1643 2044 24)
1663 2006 1749 2034 Cod.:
1765 2018 1798 2034 ex
1813 2005 2041 2044 amphibrachi.

1096 2045 1165 2074 Asc.
1181 2046 1227 2076 P.:
1250 2056 1283 2074 ex
1304 2046 1530 2084 amphibracho.
1547 2064 1589 2070 --
1615 2048 1664 2086 25)
1682 2049 1805 2077 Numeri
1827 2049 1942 2086 signum
1965 2048 2042 2077 etin

1095 2088 1162 2117 Asc.
1185 2093 1214 2117 et
1234 2087 1267 2116 in
1289 2088 1321 2117 P.
1343 2089 1375 2116 in
1397 2089 1456 2118 fine
1471 2100 1587 2121 versus,
1626 2091 1662 2119 In
1680 2091 1750 2121 Cod.
1775 2091 1825 2120 hie
1848 2096 1877 2119 et
1899 2091 1931 2119 in
1953 2101 2040 2130 supp.

1097 2130 1195 2159 omnia
1223 2131 1410 2160 continenter
1435 2133 1557 2172 scripta.
1584 2148 1626 2155 ·—-
1668 2134 1716 2172 26)
1745 2131 1872 2163 lambis
1904 2133 1980 2162 male
2011 2134 2040 2162 P.

1094 2190 1137 2196 —
1158 2173 1205 2212 27)
1225 2173 1296 2204 eod.
1314 2174 1381 2202 Asc.
1404 2175 1435 2204 P.
1450 2176 1527 2204 male
1550 2187 1583 2204 ex
1605 2175 1766 2214 disyllabo.
1807 2175 1962 2214 Sequentia
1983 2175 2040 2204 do-

1095 2221 1170 2244 cent.
1186 2232 1228 2238 -—-
1256 2217 1301 2253 28)
1327 2219 1364 2246 In
1379 2218 1549 2255 trisyllabis·
1563 2219 1701 2247 trochaeo
1722 2225 1749 2247 et
1765 2218 1903 2248 trochaeo
1919 2218 1991 2247 Cod.
2015 2224 2040 2246 et

1094 2259 1126 2286 in
1152 2260 1217 2288 tris.
1238 2258 1376 2287 trochaeo
1403 2259 1470 2291 Asc.
1493 2261 1525 2290 P.
1563 2262 1647 2290 Latet
1665 2261 1780 2291 vitium.
1800 2278 1840 2284 ·—
1877 2261 1925 2299 29)
1951 2260 2039 2296 QUO(l

1093 2310 1176 2329 nunc
1194 2301 1339 2340 spondit),
1361 2311 1444 2332 nunc
1460 2303 1591 2342 spondeo
1609 2304 1737 2344 scripsi,
1760 2304 1792 2334 in
1812 2314 1845 2334 eo
1861 2303 1932 2333 cod.
1952 2312 2037 2332 secu-

1093 2348 1141 2373 tus
1156 2354 1231 2374 sum.

1558 2431 1627 2466 T*
