2263 2668
516 131 579 164 DE
606 128 996 164 SIGNIFICATIONE
1024 130 1307 166 VERBORUM.
1367 131 1513 164 LIBER
1538 130 1628 164 XVI.
1676 130 1680 131 ⁷
1972 134 2047 169 643

95 222 183 252 Nunc
204 232 277 252 vero
300 223 321 252 ii
342 227 565 261 recuperatores
588 222 699 252 iudices
723 221 848 263 delegati
869 221 941 250 dicti
963 226 1040 253 sunt.
1072 222 1160 253 Dac.
1207 224 1248 253 Ea
1277 224 1455 263 plerumque
1480 224 1569 253 fiebat
1589 228 1657 263 post
1678 234 1726 253 res
1749 224 1912 254 solenniter
1932 229 2048 266 repeti-

95 270 142 295 tas
163 276 180 294 a
202 266 362 296 fetialibus.
409 264 513 296 Goth.

260 307 528 348 Reciprocare.
574 308 670 337 Verba
694 308 814 336 Pacuvii
841 312 910 335 sunt
938 306 1087 336 mendosa.
1116 308 1207 338 Ant.
1231 309 1326 348 Aug.
1371 309 1416 337 Ex
1439 309 1458 339 1.
1479 319 1517 338 m.
1539 313 1611 348 post
1638 309 1763 338 verbum
1790 320 1908 349 poscere
1935 312 2047 342 adden.

97 350 186 380 dum:
221 351 267 379 usi
293 358 359 380 sunt
387 351 516 390 antiqui,
555 351 625 390 quia
649 362 774 390 procare
802 357 842 379 est
861 360 987 389 poscere.
1022 348 1099 378 Urs.
1143 352 1430 380 contaminatissima
1459 356 1529 380 sunt
1551 352 1623 387 ista,
1658 362 1754 390 neque
1777 352 1847 392 χθὲς
1869 354 1920 385 καὶ
1941 353 2048 396 πρώην

97 393 178 422 labes
205 393 280 422 istae
310 393 380 422 huic
409 393 474 421 loco
503 393 685 422 insederunt.
731 393 823 421 Video
852 393 927 420 enim
955 397 984 419 et
1005 391 1129 421 Paulum
1159 394 1226 423 illas
1256 395 1493 423 adbreviatorem
1522 395 1551 422 in
1579 404 1662 423 suam
1691 395 1842 433 epitomen
1867 399 2047 437 contulisse3

96 440 263 465 monstruni
285 436 426 471 hominis,
448 435 500 473 qui
523 436 604 474 quod
628 446 687 464 non
709 435 906 473 intelligebat,
929 434 1099 472 reliquerit:
1124 437 1203 474 quod
1228 437 1313 466 facile
1337 448 1371 465 ac
1394 438 1482 475 vulgo
1507 441 1610 465 notum
1633 442 1710 473 erat,
1733 438 1763 466 id
1781 449 1884 476 omne,
1908 445 2048 479 tanquam

97 478 218 507 inutiles
240 489 339 508 ramos
361 477 509 508 reciderit.
547 479 641 516 Igitur
663 478 835 514 videamus,
860 488 896 506 an
920 478 959 505 ita
982 477 1135 515 scripserit
1156 479 1275 508 Festus:
1299 479 1445 509 Pacuvius
1469 479 1597 509 Teucro:
1620 478 1736 518 Rapio,
1760 481 1909 520 reciproco
1934 501 1972 506 ——
1994 495 2049 523 pe-

99 519 164 549 dem
187 522 246 549 cito
267 528 318 549 aut
340 520 417 550 ultro
439 521 512 550 citro
534 528 642 550 restem.
679 520 893 560 Reciprocan,
914 531 1026 548 sursum
1051 518 1140 560 deque
1159 523 1278 560 gremiis
1300 522 1473 557 subiectare,
1495 533 1532 551 ac
1554 521 1702 562 adfligere.
1734 523 1806 551 Nam
1823 525 1940 553 sanein
1958 536 2048 556 versu

98 563 198 592 Plauti
225 564 412 602 reciprocare
440 562 517 591 nihil
541 563 622 591 aliud
653 574 741 601 quam
771 573 880 601 susque
909 562 1019 600 deque,
1057 564 1167 600 gremio
1192 570 1291 593 erecto
1315 570 1365 592 aut
1389 564 1545 602 depresso,
1581 569 1694 602 gestum
1717 565 1758 593 ita
1781 575 1978 605 componere,
2014 574 2049 598 ut

97 605 228 642 tolleno,
258 611 310 634 aut
332 606 425 645 pilum
450 606 593 634 Graecum
617 606 763 634 videatur.
807 606 903 644 [gitur
924 604 1000 633 illud
1023 605 1145 634 Pacuvii
1168 605 1333 645 Reciproco
1356 607 1458 635 Festus
1482 608 1620 645 exponit:
1659 606 1737 637 ultro
1760 609 1890 648 citroque
1912 611 2048 640 restitans

96 646 198 688 pedem
222 649 289 679 cito.
320 649 456 677 Fortasse
481 648 701 677 continuandus
723 659 826 676 versus
850 648 984 677 Pacuvii:
1000 664 1034 668 —
1051 646 1161 687 Rapio,
1185 651 1342 689 reciproco,
1363 648 1464 689 pedem
1489 651 1557 687 cito,
1580 657 1611 678 ut
1634 648 1711 679 ultro
1735 651 1809 680 citro
1832 658 1941 680 restem.
1973 652 2049 682 Vide

100 690 280 727 Varronem,
315 692 366 729 qui
393 691 465 719 citat
492 701 598 720 versus
623 692 720 720 Accii:
763 689 895 719 Tendens
924 700 1009 718 nervo
1036 689 1108 718 Tela
1135 692 1283 731 reciproca
1307 690 1427 720 condita
1450 692 1561 732 equino.
1606 693 1681 720 Sunt
1704 698 1800 722 autem
1825 703 1862 721 ex
1884 693 2049 724 Philoctete

99 733 188 770 Attii,
216 738 339 762 auctore
361 734 464 762 Servio
487 734 518 762 in
541 734 721 771 fragmentis.
753 731 855 762 Scal.
900 731 1067 772 Reprocare
1089 733 1196 762 inserta
1220 733 1332 771 syllaba
1357 735 1400 770 ci,
1432 735 1627 773 reciprocare,
1658 739 1691 763 ut
1712 735 1839 774 incitega
1860 746 1916 774 pro
1940 738 2048 775 intega.

99 775 185 804 Varr.
207 775 260 805 lib.
275 775 322 804 VI.
345 775 381 804 de
405 777 435 805 L.
455 777 487 806 L.
512 776 586 816 (VII.
605 787 634 814 p.
647 779 718 808 358.
739 774 817 816 Sp.):
840 774 1006 814 Reciproca
1028 782 1085 812 est,
1110 787 1174 804 cum
1197 776 1274 805 unde
1295 775 1367 816 quid
1387 775 1562 817 proficiunt,
1587 776 1660 805 redit
1682 788 1724 805 eo.
1755 776 1843 815 Quod
1864 777 1902 806 ab
1926 781 2050 819 recipere

97 816 298 857 Reciprocare
314 819 440 857 fictum,
477 826 529 847 aui
558 817 638 859 quod
663 830 782 858 poscere
808 829 933 858 procare
962 816 1081 847 dictum.
1114 817 1169 847 Da
1180 830 1203 849 c.
1249 818 1310 848 Pro
1340 817 1417 847 ultro
1447 820 1576 859 citroque
1597 830 1730 858 poscere3
1767 825 1795 848 et
1818 820 1898 859 apud
1920 821 2050 851 Nonium

100 859 180 899 (pag.
194 861 265 892 165.
290 860 392 899 Mero.)
416 872 471 900 pro
496 862 646 899 Recipere.
692 859 796 890 Goth.

262 901 472 934 Recellere.
519 902 615 938 Cella,
651 904 732 942 quod
756 914 771 931 a
795 903 910 932 Graeco
931 901 1037 940 κὲλλω,
1073 905 1164 940 κινῶ,
1199 913 1319 941 moveo3
1355 902 1434 932 unde
1457 901 1578 941 noello,
1615 908 1696 932 retro
1719 914 1824 933 moveo
1847 905 1895 934 vel
1917 915 2048 937 moveor.

101 944 234 974 Reclino.
268 946 385 976 Lucret.
409 946 460 975 lib.
474 946 527 983 Vl,
550 946 667 986 (572.):

676 1006 718 1010 —
762 986 930 1017 Inclinatur
951 988 1025 1016 enim
1048 995 1178 1027 retroque
1200 986 1309 1016 recellit

678 1030 715 1059 Et
738 1031 839 1069 recipit
859 1029 1001 1069 prolapsa
1022 1041 1091 1059 suas
1113 1041 1142 1058 se
1163 1030 1193 1058 in
1215 1028 1341 1069 pondere
1364 1028 1452 1058 sedes.

99 1072 247 1111 Apuleius
271 1072 349 1112 (pag.
363 1074 434 1105 249.
459 1074 504 1102 ed.
528 1072 691 1112 Elmenb.):
722 1073 814 1102 Nates
837 1071 986 1111 recellere5
1010 1073 1112 1102 eodem
1137 1082 1207 1100 usus
1231 1077 1259 1101 et
1282 1073 1391 1101 Livius.
1435 1070 1588 1101 Est-cellere
1610 1077 1706 1101 autem
1729 1074 1758 1102 in
1781 1074 1873 1103 altum
1897 1075 2052 1105 extollere.

101 1115 191 1145 Cato:
213 1113 364 1155 Plerisque
381 1115 453 1145 solet
470 1117 584 1145 animus
601 1117 630 1145 in
651 1115 734 1144 rebus
751 1114 885 1144 secundis
902 1114 1052 1146 excellere.
1081 1115 1215 1144 Subaudi
1231 1126 1268 1143 se.
1299 1115 1322 1143 A
1339 1113 1470 1144 recellere
1486 1114 1646 1143 deductum
1664 1121 1797 1145 nostrum
1816 1115 1933 1147 reculer.
1963 1117 2052 1149 Dae.

265 1157 474 1187 Recinium.
521 1159 614 1187 Omne
642 1159 852 1187 vestimentum
877 1158 1071 1196 quadratum,
1108 1158 1207 1196 inquit
1228 1158 1341 1187 Festus.
1386 1157 1450 1185 Hoc
1477 1163 1535 1186 est:
1571 1158 1777 1187 vestimentum
1801 1169 1956 1189 commune
1978 1160 2053 1189 viris

101 1199 296 1238 feminisque,
332 1201 412 1238 quod
435 1201 570 1229 firmatur
593 1211 630 1229 ex
652 1201 757 1230 Servio
780 1201 871 1236 lib.I,
896 1201 980 1236 (286.
1005 1203 1154 1239 pag.195.
1179 1200 1224 1229 ed.
1247 1201 1330 1238 Dan.)
1355 1200 1493 1229 Aeneid.:
1533 1200 1646 1239 Toga3‚
1677 1202 1789 1240 inquit,
1819 1203 1905 1230 eiiam
1917 1202 2054 1243 feminas

101 1241 236 1271 habuisse
265 1241 426 1282 Cycladum
457 1251 483 1272 et
513 1244 615 1272 recinii
642 1255 711 1272 usus
740 1241 873 1272 ostendit.
918 1243 957 1271 At
978 1243 1009 1271 in
1031 1244 1087 1281 leg.
1110 1243 1176 1274 ΧΠ.
1200 1243 1305 1274 Tabul.
1328 1241 1483 1271 Recinium
1515 1247 1558 1271 est
1585 1243 1681 1271 virilis
1710 1249 1793 1282 toga,
1828 1254 1885 1283 qua
1915 1245 2054 1273 mulieres

102 1284 277 1321 utebantur,
303 1286 333 1313 in
356 1286 441 1314 luctu
464 1286 595 1321 scilicet,
624 1291 727 1313 contra
752 1295 840 1323 quam
863 1285 962 1323 Lycii,
995 1287 1045 1324 qui
1066 1287 1098 1314 in
1121 1287 1206 1314 luctu
1230 1290 1340 1314 vestem
1363 1285 1535 1314 muliebrem
1556 1285 1726 1316 induebant.
1773 1287 1869 1315 Verba
1892 1287 1963 1324 legis
1985 1287 2052 1318 XII.

102 1327 207 1356 Tabul.
231 1326 306 1355 haec
330 1334 414 1363 sunt,
443 1329 494 1356 ubi
518 1328 553 1356 de
576 1328 722 1355 sumtibus
747 1328 898 1355 funerum:
930 1327 1130 1358 SUMTUM
1153 1326 1360 1358 MINUITO.
1387 1326 1498 1356 TRIA
1521 1326 1566 1356 SI
1587 1327 1739 1357 VOLET
1756 1328 1971 1365 REICINIA,
1999 1328 2060 1358 ΕΤ

105 1367 307 1398 VINCULA
329 1368 571 1398 PURPURAE
594 1369 652 1398 ET
672 1368 822 1398 DECEM
847 1368 1066 1399 TIBIGINES
1087 1369 1337 1406 ΛΟΗΙΒΕΤΟ,
1369 1370 1432 1398 Hoc
1456 1369 1570 1399 PLUS
1591 1369 1651 1398 NE
1670 1369 1841 1400 FAGITO.
1879 1372 1934 1400 Ubi
1956 1369 2056 1400 REI-

105 1409 229 1441 CINIA
253 1410 310 1439 ET
331 1411 533 1441 VINCULA
555 1411 799 1441 PURPURAE
819 1412 860 1440 nil
885 1412 967 1441 aliud
989 1418 1077 1450 sunt,
1115 1424 1203 1452 quam
1231 1413 1352 1442 reicim'a
1373 1420 1532 1451 praetexta
1556 1411 1647 1441 clavis
1666 1415 1833 1453 purpureis,
1872 1414 1952 1453 quod
1975 1418 2057 1443 recte

102 1453 184 1493 apud
207 1453 343 1483 Festum:
377 1455 491 1494 Togam
515 1453 626 1484 virilem
647 1462 834 1494 praetextam
860 1453 944 1484 clavo
965 1467 1119 1496 purpureo.
1165 1457 1235 1484 Ideo
1259 1461 1357 1484 autem
1378 1455 1491 1484 recinia
1513 1455 1610 1484 virilia
1633 1456 1664 1483 in
1686 1457 1770 1485 luctu
1792 1456 1930 1486 mulieres
1952 1456 2058 1485 indue-

102 1496 191 1534 bant,
215 1501 248 1524 ut
271 1506 304 1525 ea
326 1497 399 1526 viris
421 1497 565 1534 mortuis,
590 1502 623 1526 ut
645 1507 709 1525 mos
733 1501 811 1532 erat,
834 1497 998 1528 iniicerent.
1044 1499 1092 1526 Sic
1115 1499 1195 1537 apud
1220 1498 1298 1536 Virg.
1322 1498 1353 1526 in
1375 1497 1488 1526 Miseno
1512 1497 1597 1537 (Aen.
1614 1497 1667 1534 VI,
1690 1498 1790 1538 221.):

725 1538 945 1579 Purpureusque
966 1552 1051 1580 super
1072 1549 1175 1577 vestes,
1198 1539 1344 1569 velamina
1366 1547 1437 1569 noia

724 1580 875 1609 Iniiciunt.

103 1624 152 1653 Sic
174 1624 276 1662 itaque
299 1623 348 1651 hic
373 1623 503 1662 Pompeii
525 1623 609 1651 locus
632 1632 721 1650 sanus
745 1627 796 1651 est.
842 1623 973 1652 Extitere
997 1628 1110 1661 tamen,
1140 1624 1191 1662 qui
1220 1634 1286 1653 eum
1311 1624 1352 1652 ita
1376 1623 1504 1661 legendo
1528 1630 1766 1663 corrumperent:
1801 1624 1957 1654 Recinium
1979 1636 2061 1654 omne

103 1667 300 1696 vestimentum
325 1664 500 1705 quadratum
524 1666 546 1693 ii
568 1665 619 1705 qui
643 1663 797 1694 duodecim
820 1665 1002 1704 interpretati
1023 1674 1108 1703 sunt,
1143 1678 1201 1695 esse
1232 1665 1381 1695 distet-unt.
1430 1665 1499 1695 Ver.
1524 1666 1600 1703 (hoc
1623 1672 1666 1697 est
1691 1667 1830 1706 Ῑέννίιιε)
1855 1675 1969 1707 togam,
2001 1677 2061 1707 qua

103 1707 254 1744 mulieres,
279 1713 332 1736 etc.
377 1708 432 1737 Vel
455 1708 513 1736 sic:
536 1723 576 1728 --
600 1719 659 1735 esse
682 1705 822 1736 dixerunt
844 1707 890 1736 vel
911 1707 1022 1737 virilem
1047 1716 1156 1747 togam.
1202 1709 1224 1737 A
1248 1710 1309 1737 rica
1333 1713 1429 1737 autem
1453 1709 1609 1748 ricinium5
1632 1714 1660 1738 et
1682 1710 1694 1738 i
1715 1711 1744 1739 in
1767 1722 1798 1738 e:
1822 1711 1979 1748 recinium3
2001 1719 2061 1738 non

104 1761 177 1780 vero
201 1761 216 1778 a
240 1749 402 1787 reiciendo,
433 1755 466 1779 ut
489 1750 583 1778 Varro
607 1754 636 1777 et
660 1750 780 1778 Servius
803 1750 858 1778 rati
882 1756 960 1779 sunt.
1000 1751 1074 1780 Vide
1098 1750 1186 1781 Rica.
1217 1751 1305 1780 Dac.
1352 1751 1408 1779 Alii
1431 1751 1590 1780 Ricinium.
1628 1752 1741 1781 Glossis
1761 1751 1903 1789 Ricinus,
1934 1750 2061 1792 κρότων.

104 1793 202 1822 Nonio
223 1792 301 1832 (pag.
317 1794 389 1825 542.
414 1791 517 1831 Merc.)
541 1791 693 1820 Ricinium
718 1792 813 1830 (quod
836 1798 936 1831 postea
961 1794 1135 1822 Masurtium
1159 1794 1273 1822 dictum
1297 1804 1358 1822 esse
1382 1793 1436 1833 ait)
1460 1798 1489 1821 et
1510 1793 1661 1824 Ricinum.
1702 1794 1762 1833 Qui
1783 1794 1860 1824 XII.
1883 1794 2064 1835 interpretati

104 1843 181 1866 sunt.
228 1836 294 1864 Dixi
319 1836 356 1863 ad
378 1836 458 1873 leges
482 1835 549 1864 XII.
573 1834 677 1862 Tabul.
706 1834 830 1863 Virilem
854 1843 969 1875 togam,
999 1847 1065 1876 qua.
1110 1837 1167 1864 Alii
1192 1836 1231 1873 V,
1255 1838 1399 1873 irtoga1n3
1435 1836 1484 1864 alii
1508 1836 1666 1874 Vertogam
1691 1848 1762 1875 qua,
1793 1842 1826 1865 ut
1850 1837 1906 1866 Ver
1926 1837 2063 1866 Verrium

104 1877 259 1916 significet.
283 1877 484 1907 Praeieoeiam.
508 1879 706 1906 praetextum.
732 1875 823 1906 Clavo
844 1889 999 1917 purpureo.
1024 1879 1147 1908 Fiebant
1170 1880 1257 1908 etiam
1280 1879 1357 1908 clavi
1380 1889 1416 1907 ex
1440 1888 1582 1918 purpura.
1607 1880 1638 1910 L.
1656 1882 1705 1911 19.
1725 1882 1748 1917 §.
1765 1880 1854 1908 simili
1877 1879 1966 1908 modo
1989 1879 2019 1909 5.
2032 1877 2062 1907 ff.

105 1920 143 1949 de
166 1931 257 1958 auru,
280 1926 411 1958 argento.
461 1919 565 1949 Goth.

270 1961 552 1993 Reconduciae,
583 1961 640 2001 (Ad
665 1972 694 1999 p.
709 1961 792 1999 229.)
823 1963 922 1990 Malim
946 1961 1124 1999 reconderit,
1157 1962 1298 2005 refecerit.
1321 1963 1406 1993 Ani.
1429 1963 1525 2002 Aug.
1571 1964 1662 2002 Lego:
1696 1962 1879 1999 Reconduit,
1912 1962 2064 2004 refecerit,-

107 2009 135 2034 et
156 2009 270 2034 certum
294 2010 353 2041 est,
377 2005 416 2033 ita
441 2015 512 2035 esse.
558 2004 741 2041 Reconduit,
765 2010 815 2033 aut
837 2005 1017 2042 recondrmt,
1042 2010 1075 2034 ut
1098 2006 1216 2034 creduit
1239 2010 1267 2034 et
1290 2006 1422 2035 creduat.
1469 2005 1569 2035 Scal.

270 2045 400 2076 Ricae.
445 2046 541 2076 Ricae
563 2052 592 2075 et
615 2045 751 2076 Riculae.
796 2048 949 2087 Turpilius
978 2048 1060 2084 apud
1081 2049 1211 2077 Nonium
1235 2048 1313 2088 (pag.
1327 2049 1399 2081 542.
1422 2047 1526 2088 Merc.)
1551 2049 1583 2077 in
1605 2048 1755 2077 Ricinum:
1791 2048 1906 2076 Interea
1928 2047 2064 2086 adspexit

107 2088 252 2127 virginem
273 2094 434 2125 gestantem
457 2092 487 2118 in
510 2091 606 2128 capite
627 2089 761 2118 riculam.
798 2090 844 2121 Ut.
876 2091 939 2120 Vel.
986 2088 1090 2120 Goth.

273 2130 428 2163 Rectae.
474 2132 548 2161 Vide
564 2130 701 2171 Regillis.
723 2132 809 2162 Ant.
831 2133 925 2173 Aug.
962 2132 1035 2161 Vide
1051 2131 1190 2172 Regillis.
1224 2133 1338 2162 Plinius
1361 2133 1398 2161 de
1421 2133 1491 2161 Gaia
1515 2132 1658 2161 Caecilia:
1681 2130 1728 2160 Ea
1748 2132 1875 2171 primum
1899 2132 1994 2160 1eoeuii
2016 2142 2064 2157 rc-

108 2180 186 2202 otam
211 2174 358 2212 tunicam3
382 2173 483 2214 quales
505 2186 570 2204 cum
592 2182 663 2213 toga
683 2185 758 2213 pura
782 2174 956 2212 induuntur,
980 2186 1125 2216 novaeque
1148 2183 1264 2215 nuptae.
1295 2177 1386 2204 flecta
1408 2176 1508 2204 tunica
1532 2175 1713 2204 describitur
1735 2175 1767 2202 in
1779 2174 1955 2212 Evangelio:
1978 2169 2063 2211 χιτών

108 2212 250 2254 ἅρῤαφος
279 2216 311 2246 ἐκ
341 2219 392 2247 τοῦ
421 2215 543 2247 ἄνωθεν
573 2213 709 2254 ὑφαντὸς
740 2213 783 2247 ὁι’
803 2216 885 2249 ὅλου.
931 2219 1037 2247 Graeci
1067 2219 1231 2256 scriptores
1263 2216 1469 2258 ὄρθοστάδιον
1497 2221 1607 2257 χιτῶνα
1636 2222 1753 2246 vocant.
1786 2215 1888 2246 Scal.
1935 2213 2064 2242 Diminu-

110 2258 206 2286 tivum
229 2257 386 2298 Regillae3
421 2259 467 2288 his
497 2259 618 2288 indutae
641 2259 788 2296 virgines,
824 2261 883 2289 illis
907 2261 965 2289 viri
988 2259 1085 2299 pridie
1107 2262 1284 2300 nuptiarum
1308 2262 1384 2290 diem
1409 2261 1541 2290 cubitum
1564 2261 1646 2289 ibant
1669 2260 1776 2289 ominis
1800 2269 1911 2289 caussa.
1956 2257 2064 2285 uectae

109 2305 227 2337 autem,
258 2301 338 2340 quod
363 2313 378 2331 a
401 2302 547 2331 stantibus
570 2307 599 2330 et
621 2302 651 2330 in
675 2302 863 2331 altitudinem
886 2308 1041 2339 texantur,
1073 2308 1105 2332 ut
1127 2305 1169 2332 ait
1192 2304 1305 2335 Festus.
1349 2303 1498 2340 Isidorus,
1530 2303 1611 2342 quod
1634 2313 1752 2332 sursum
1776 2311 1892 2332 versum
1916 2303 2063 2327 texantur.

108 2343 183 2372 Nam
208 2355 321 2372 sursum
343 2355 454 2374 versum
478 2352 575 2374 texere
597 2350 625 2374 et
648 2345 677 2373 in
700 2343 886 2374 altitudinem
909 2353 1022 2383 texere,
1050 2346 1129 2375 idem
1147 2351 1206 2381 est3
1230 2347 1335 2376 Graeci
1359 2347 1462 2376 dicunt
1477 2343 1540 2376 ἅνω
1558 2343 1709 2385 ὑφαίνειν.
1744 2346 1782 2374 Et
1804 2343 1877 2371 haec
1901 2345 1986 2369 vetus
2009 2340 2065 2369 fuit

110 2389 249 2415 texturae
273 2387 367 2424 ratio,
398 2398 456 2426 qua
479 2393 591 2417 stantes
613 2387 771 2424 texebant,
803 2393 832 2417 et
854 2389 991 2418 omnibus
1013 2389 1150 2427 gentibus
1173 2389 1280 2419 usitata
1303 2394 1512 2429 praeterquam
1535 2389 1687 2428 Aegyptiis
1712 2388 1761 2426 qui
1784 2386 1921 2415 deorsum
1946 2393 2064 2412 versum

1428 2440 1659 2473 Mmmm*
