2263 2668
509 147 573 180 DE
599 143 987 180 SIGNIFICATIONE
1014 144 1297 181 VERBORUM.
1360 148 1505 181 LIBER
1530 149 1622 184 XVI.
1960 154 2036 191 635

89 242 178 281 plane
200 240 310 270 sarcire
333 244 424 279 potes.
454 239 486 268 ln
511 249 589 268 nona
611 239 689 268 linea
711 237 873 267 Numitoris
895 247 1003 265 nomen
1027 240 1223 275 agnoscimus.
1257 239 1380 278 Reliqua
1403 241 1460 270 nisi
1483 241 1534 280 qui
1558 242 1672 280 egregie
1694 253 1725 272 se
1747 243 1874 274 insani-re
1896 248 2036 286 postulet,

90 284 166 314 alius
188 284 330 313 resarciet
351 292 453 318 nemo,
478 287 561 310 certo
584 283 653 311 scio.
677 280 778 311 Scal.
808 279 930 309 Romae.
953 279 1082 309 Diocles.
1117 283 1235 310 Certum
1251 288 1311 319 est,
1336 284 1392 311 ista
1417 286 1583 312 continuari
1607 295 1673 313 curn
1697 288 1914 325 superioribus:
1937 289 2037 329 appel-

91 325 199 357 landae
217 326 401 365 potissimum
417 324 540 353 Romae.
570 323 690 353 Diocles
706 322 903 363 Peparetlzius-
926 322 1015 352 Dae.
1052 323 1171 353 Diocles
1186 324 1380 363 Peparethz'us.
1413 328 1461 355 Sic
1485 327 1581 355 dictus
1603 338 1617 355 a
1644 329 1804 366 Peparetho
1826 330 1925 359 Insula
1946 333 2037 361 maris

90 369 189 407 Aegei.
211 369 282 397 Eius
299 368 432 396 meminit
446 366 598 396 Plutarch.
615 367 644 395 in
663 367 805 401 Romulo,
830 375 914 403 quem
931 365 1017 402 vide3
1041 375 1109 394 nam
1133 372 1222 395 totam
1246 367 1323 395 hanc
1346 367 1498 397 historiam
1522 371 1584 398 fuse
1606 376 1717 399 narrat.
1741 370 1850 402 Idem.
1875 372 2037 415 (Iliam).

90 410 222 441 Italiam.
253 411 365 440 Italiam
389 420 465 438 nove
489 410 562 438 dicit
585 419 673 447 quam
698 409 747 437 alii
765 407 876 436 Rheam
891 407 1032 445 Sylviam.
1064 409 1119 437 Sed
1139 409 1270 437 Scliedae
1293 416 1395 448 aperte
1411 410 1514 448 Iliam,
1538 422 1617 441 vere.
1641 412 1748 443 Iclem.
1783 414 1819 443 Et
1833 416 1932 454 picum
1948 416 2038 446 Mar-

91 454 165 483 tium
188 454 319 482 nutrisse.
364 453 477 481 Auctor
499 453 534 480 de
559 452 670 488 origine
695 452 777 480 urbis
800 452 963 478 Romanae:
997 449 1126 480 Addunt
1151 451 1289 491 quidam,
1325 451 1465 483 Faustulo
1488 456 1666 492 inspectante
1685 457 1784 494 picum
1808 469 1921 497 quoque
1941 458 2037 489 advo-

91 495 168 526 lasse
189 503 216 524 et
237 506 287 524 ore
305 494 392 534 pleno
415 494 511 524 cibum
532 496 629 533 pueris
650 495 815 533 ingessisse,
838 491 905 521 inde
926 490 1059 521 videlicet
1082 492 1181 533 lupum
1203 496 1357 533 picumque
1375 495 1489 525 Martis
1512 496 1617 525 tutelae
1639 509 1704 526 esse.
1728 497 1836 527 Idem.
1875 499 1963 529 Omni
1985 500 2038 530 cle-

91 540 178 579 nique
199 536 316 567 liberali
338 537 494 577 disciplina
514 535 618 566 Gabiis
640 538 796 565 institutos.
834 535 915 564 Idem
936 540 1041 563 auctor
1063 536 1099 563 de
1123 538 1195 574 orig.
1218 537 1282 564 urb.
1298 538 1399 566 Rom:
1423 538 1493 567 Cum
1516 549 1581 567 vero
1602 540 1686 578 pueri
1708 538 1839 570 liberalis
1863 541 2038 581 disciplinae

91 591 216 620 capaces
236 579 322 620 facti
348 587 452 615 essent,
492 578 595 608 Gabiis
621 577 799 607 Graecarum
822 576 1055 617 Latinarumque
1083 577 1245 606 litterarum
1274 578 1493 609 ediscendarum
1515 583 1613 620 gratia
1636 591 1847 620 commoratos,
1884 584 2039 614 Numitore

91 634 146 652 avo
169 621 247 651 clam
271 623 370 650 omnia
392 621 636 651 subministrante.
668 620 774 649 Idem.
819 619 947 649 Romam
971 627 1057 648 antea
1080 619 1251 650 Romulum.
1295 622 1383 657 Quod
1409 633 1444 650 ex
1469 624 1599 653 Varrone
1622 625 1662 652 ait
1683 625 1785 653 Festus
1806 627 1930 655 Romam
1954 632 2037 656 antea

92 665 203 694 dietam
226 665 397 701 Romulam‚
422 665 495 693 illud
520 664 601 703 apud
625 664 787 692 Varronem
810 662 899 691 hodie
921 663 1031 690 frustra
1055 673 1184 700 quaeras.
1219 664 1297 699 Quin
1321 666 1408 692 etiam
1433 665 1525 695 Varro
1549 667 1577 694 in
1601 667 1684 695 libris
1705 670 1756 705 qui
1779 674 1954 707 supersunt,
1979 680 2038 698 non

91 708 182 737 semel
204 707 259 744 ait,
282 718 298 734 a
321 707 447 735 Romulo
471 708 592 735 Romam
617 717 678 734 esse
701 706 829 740 dictam,
857 716 914 733 non
939 705 1102 734 Romutam.
1147 707 1308 745 Praecipue
1331 708 1381 735 lib.
1395 707 1471 737 Vltt.
1496 709 1598 747 (VlttI.
1621 710 1771 747 pag.491.
1795 710 1874 749 Sp.):
1908 710 1967 749 Qui
1989 710 2038 740 cli-

91 757 161 780 cunt
183 748 264 790 quod
284 750 321 778 sit
345 760 363 777 a
385 748 516 778 Romulo
540 749 639 778 Roma
663 756 688 777 et
712 760 768 777 non
791 746 937 785 Romula,-
975 759 1064 787 neque
1085 755 1116 776 ut
1144 748 1181 776 ab
1211 759 1261 777 ove
1289 748 1395 786 ovilia,
1432 751 1475 778 sic
1498 762 1516 778 a
1538 750 1607 780 bove
1630 750 1756 788 bovilia,
1792 764 1850 781 esse
1871 752 2037 793 analogias,

91 799 199 822 errant.
245 791 332 827 Quod
362 792 402 820 ait
427 792 547 820 Verrius
571 802 601 820 se
622 791 768 819 invenisse
791 800 923 819 caussam
947 790 1008 818 eius
1032 791 1239 829 appellationis
1262 793 1381 820 vetitam
1405 793 1569 830 publicari,
1604 793 1681 822 idem
1705 794 1740 822 de
1763 795 1828 833 ipso
1852 796 1961 824 Romae
1982 806 2039 825 no-

91 834 171 864 mine
193 834 286 863 tradit
308 835 426 862 Solinus
449 845 514 873 cap.
529 838 556 865 1.
602 834 743 862 Traditur
766 834 852 862 etiam
875 833 1032 871 proprium
1055 834 1166 862 Romae
1189 844 1310 871 nomen,
1345 840 1373 863 et
1393 845 1495 863 verum
1517 836 1626 873 magis,
1660 837 1711 864 sed
1734 838 1857 866 vetitum
1880 839 2038 877 publicari,

92 877 213 915 quando
235 876 355 915 quidem
380 878 537 915 quominus
561 877 781 910 enuntiaretur,
817 877 1050 904 ceremoniarum
1073 886 1180 904 arcana
1204 883 1384 914 sanxerunt,
1416 883 1449 906 ut
1472 878 1529 906 hoc
1552 884 1639 917 pacto
1662 880 1798 908 notitiam
1821 881 1883 908 eius
1906 881 2040 910 aboleret

91 919 164 948 fides
192 919 317 958 placitae
346 920 566 948 taciturnitatis.
613 920 762 948 Valerium
792 919 918 955 denique
942 919 1103 954 Soranum,
1143 920 1220 957 quod
1246 924 1349 948 contra
1373 920 1565 950 interdictum
1587 921 1618 949 id
1641 922 1739 960 eloqui
1762 932 1852 952 ausus
1874 924 1967 961 foret,
2002 924 2038 953 ob

91 962 231 991 meritum
253 962 395 1000 profanae
418 963 501 991 vocis
523 962 589 991 neci
612 963 726 991 datum.
771 961 893 989 Servius
917 961 953 988 ad
974 961 1052 989 illud
1074 961 1192 991 Aeneid.
1209 962 1237 997 l,
1262 963 1371 999 (281.):

714 1020 755 1025 —-
798 1002 1006 1043 Romanosque
1027 1014 1079 1032 suo
1103 1002 1138 1032 de
1160 1005 1275 1033 nomine
1298 1003 1383 1036 dicet.

90 1045 203 1084 Perite,
234 1046 349 1085 inquit,
384 1059 441 1077 non
465 1048 508 1076 ait
527 1046 675 1080 Romam,
712 1045 763 1075 secl
785 1045 948 1074 Romanos.
997 1045 1084 1074 Urbis
1109 1047 1182 1075 enim
1212 1045 1294 1075 illius
1315 1058 1410 1076 verum
1434 1057 1536 1075 nomen
1559 1057 1641 1076 nemo
1663 1046 1710 1076 vel
1730 1048 1760 1076 in
1780 1049 1874 1078 sacris
1895 1050 2038 1080 enunciat.

89 1088 223 1129 Denique
245 1089 377 1118 tribunus
396 1089 490 1129 plebis
513 1088 632 1130 quidam
658 1088 796 1117 Valerius
819 1087 967 1123 Soranus,
1002 1096 1034 1116 ut
1056 1089 1097 1117 ait
1123 1088 1236 1124 Varro,
1275 1097 1301 1117 et
1323 1090 1410 1119 multi
1431 1088 1500 1126 alii,
1535 1091 1605 1130 quia
1631 1089 1686 1119 boc
1709 1101 1811 1119 nomen
1833 1102 1921 1121 ausus
1941 1104 2039 1121 enun-

91 1131 185 1168 ciare,
209 1139 241 1160 ut
263 1130 385 1171 quidam
410 1131 528 1168 dicunt,
560 1139 662 1170 raptus
685 1142 703 1159 a
727 1130 836 1159 Senatu
857 1138 883 1158 et
906 1131 936 1158 in
959 1141 1072 1159 crucem
1095 1129 1206 1160 levatus
1229 1139 1288 1159 est:
1322 1132 1359 1160 Ut
1381 1132 1450 1168 alii,
1476 1140 1552 1160 metu
1574 1131 1712 1170 supplicii
1724 1132 1811 1173 fugit
1833 1142 1858 1162 et
1881 1135 1911 1163 in
1933 1133 2039 1163 Sicilia

90 1173 312 1213 comprehensus
334 1185 353 1202 a
377 1174 515 1203 Praetore
534 1182 686 1213 praecepto
710 1172 834 1202 Senatus
857 1173 971 1202 occisus
993 1180 1041 1203 esi.
1088 1173 1158 1202 Hoc
1179 1181 1273 1202 autem
1298 1173 1377 1203 urbis
1399 1186 1499 1204 nomen
1522 1186 1558 1202 ne
1580 1174 1718 1214 Hyginus
1739 1187 1866 1216 quoque,
1895 1188 1982 1217 quum
2005 1175 2040 1205 de

90 1216 150 1244 situ
171 1215 252 1245 urbis
273 1215 452 1256 loqueretur,
475 1218 625 1255 expressit.
648 1216 734 1245 Dac.
764 1214 903 1243 Romam.
936 1215 1008 1244 Vide
1033 1216 1206 1254 Dionysium
1231 1216 1504 1252 Halicarnasseum‚
1527 1217 1654 1245 Livium.
1684 1216 1847 1248 Palatinus.
1880 1219 1933 1248 Vel
1955 1219 2040 1247 Pala-

89 1258 174 1288 tium.
209 1257 333 1287 Romus.
370 1260 428 1288 Alii
452 1260 572 1287 Rodius.
613 1257 741 1287 Primum
764 1258 902 1287 omnium.
949 1258 1061 1295 Prima,
1091 1258 1139 1287 alii
1162 1259 1295 1297 primam.
1337 1258 1448 1289 Callias
1469 1258 1657 1298 Agathoclis.
1695 1261 1827 1289 Callinus
1851 1261 2039 1298 Agathocles.

93 1299 256 1339 Quosdam.
287 1301 452 1336 Quendam.
487 1300 621 1330 Galatas.
650 1301 770 1328 Galitas.
797 1298 901 1329 Goth.
936 1300 1002 1336 (Ad
1026 1301 1109 1330 Pauli
1132 1302 1295 1340 glossamz)
1319 1301 1458 1331 Romam.
1486 1303 1643 1332 Romanos.
1674 1302 1744 1331 Non
1764 1302 1934 1334 Romulum.
1966 1304 2040 1333 Vide

89 1342 256 1372 Varronem
278 1344 329 1372 lib.
345 1344 421 1374 VIII.
443 1344 480 1372 de
503 1345 603 1381 lingua
627 1343 694 1381 (IX.
717 1352 783 1380 pag.
797 1341 895 1378 491).
943 1341 1049 1373 Goth.

254 1384 443 1415 Romulia.
487 1386 567 1422 Quid
591 1384 760 1420 Terentius,
784 1384 855 1422 quid
879 1383 1001 1413 Verrius
1024 1385 1196 1424 scripserint
1217 1386 1365 1415 incertum
1388 1391 1440 1415 est.
1484 1387 1543 1416 Sed
1565 1387 1659 1416 Varro
1682 1386 1733 1416 lib.
1746 1387 1794 1416 IV.
1818 1387 1855 1416 de
1878 1388 1958 1426 Ling.
1976 1388 2039 1420 Lat.

89 1426 139 1467 (V.
161 1437 226 1466 pag.
238 1430 290 1459 62.
314 1428 393 1468 Sp.):
418 1427 545 1467 Quinta,
566 1428 680 1466 inquit,
704 1425 813 1463 tribus,
836 1425 917 1466 quod
938 1427 990 1456 sub
1013 1427 1113 1457 Roma
1134 1427 1280 1458 Romilia.
1326 1429 1404 1457 Haec
1427 1434 1470 1457 est
1492 1430 1618 1458 sortasse
1640 1429 1768 1458 Terentii
1792 1430 1893 1468 opinio
1916 1441 1932 1458 a
1953 1430 2040 1460 Festo

88 1470 200 1506 relata3
223 1470 274 1499 illa
297 1471 412 1507 Verrii,
436 1481 524 1509 quam
547 1471 657 1500 Paulus
680 1474 801 1499 secutus
825 1474 876 1499 est.
899 1469 988 1499 Ant.
1007 1470 1103 1510 Aug.
1146 1472 1240 1500 Infra:
1270 1470 1443 1500 Romuliam
1467 1471 1573 1501 tribum
1596 1471 1775 1511 appellatam
1800 1473 1949 1502 Terentius
1971 1474 2041 1514 qui-

90 1511 155 1541 dem
180 1511 279 1542 Varro
301 1514 343 1542 ait
365 1525 384 1542 a
403 1512 550 1550 Romulo,
574 1513 680 1542 deinde
704 1512 850 1541 detortam
872 1513 1009 1540 vocalem
1031 1524 1050 1541 u
1072 1513 1103 1542 in
1126 1524 1156 1551 e,
1179 1514 1331 1543 credIbile.
1366 1515 1503 1543 Ceterum
1528 1525 1659 1543 caussam
1682 1525 1713 1544 se
1735 1515 1884 1544 iuvenisse
1907 1516 1948 1544 ait
1966 1516 2041 1545 Ver-

89 1555 168 1592 rius,
192 1565 247 1584 cur
265 1566 281 1584 a
297 1556 425 1584 Romulo
450 1556 530 1585 dicta
553 1556 607 1584 sit:
630 1565 737 1593 nempe
761 1553 842 1592 quod
866 1563 903 1582 ex
926 1564 960 1582 eo
984 1565 1055 1591 agro
1079 1556 1272 1593 censebatur,
1295 1566 1383 1594 quem
1401 1558 1544 1587 Romulus
1568 1563 1687 1596 ceperat
1709 1567 1746 1587 ex
1763 1557 1942 1589 Veientibus.
1977 1559 2040 1587 Iam

89 1598 225 1636 agnoscis
247 1599 379 1637 spatium
399 1598 563 1628 desiderari
587 1598 616 1626 in
639 1596 780 1627 extremis
802 1596 938 1634 reliquiis
961 1597 1039 1625 Festi
1063 1598 1099 1626 ad
1124 1599 1267 1637 capienda
1292 1608 1338 1635 ea,
1377 1609 1452 1637 quae
1475 1601 1511 1629 de
1539 1602 1669 1640 epitoma
1699 1600 1917 1639 supplevimus:
1955 1601 2040 1630 videa

90 1641 178 1669 etiam
199 1641 432 1670 inconstantiam
449 1641 604 1677 Varronis,
628 1641 681 1678 qui
702 1649 783 1668 nunc
804 1649 821 1666 a
844 1639 971 1667 Romulo
995 1639 1106 1668 dictam
1129 1641 1186 1676 ait,
1213 1652 1299 1679 quam
1322 1641 1352 1669 in
1377 1642 1460 1672 libris
1482 1642 1518 1671 de
1541 1644 1646 1672 Latino
1669 1653 1802 1671 sermone
1825 1643 1861 1671 ab
1883 1654 1917 1672 eo
1940 1644 2040 1682 appel-

90 1683 180 1712 latam
204 1683 286 1720 vult,
310 1684 391 1722 quod
414 1683 469 1712 sub
492 1685 583 1712 Roma
605 1683 705 1711 suerit.
727 1679 827 1710 Scal.
864 1679 1009 1710 Romulia
1032 1681 1125 1711 tribus
1147 1681 1238 1712 dicta.
1270 1683 1351 1712 Haec
1373 1690 1442 1713 sunt
1459 1686 1552 1714 Pauli.
1582 1686 1824 1714 Praetermissum
1848 1691 1946 1715 autem
1961 1685 2040 1715 Festi

90 1725 258 1764 exemplar,
281 1726 364 1763 quod
385 1726 425 1754 ita
448 1727 480 1755 in
502 1726 624 1754 Schedis
647 1729 771 1764 apparet
792 1723 863 1758 (vid.
887 1733 953 1762 pag.
967 1725 1039 1756 225.
1063 1723 1152 1754 Rom.
1176 1725 1270 1763 trib.):
1294 1725 1467 1756 Romuliam
1491 1727 1597 1756 tribum
1621 1727 1798 1768 appellatam
1820 1740 1879 1757 esse
1899 1729 1942 1757 ait
1963 1728 2041 1757 Dio-

89 1768 189 1807 nysius
212 1767 249 1796 ab
273 1767 420 1804 Romulo,
445 1767 524 1808 quod
546 1770 577 1796 in
600 1779 673 1807 agro
696 1766 733 1796 ab
756 1777 788 1795 eo
811 1773 898 1804 capto
924 1765 959 1794 de
983 1765 1153 1796 Veientibus
1172 1767 1291 1808 populis
1313 1780 1346 1797 ea
1369 1769 1461 1798 tribus
1481 1769 1657 1799 censebatur.
1695 1771 1844 1799 Terentius
1869 1770 1968 1800 Varro
1992 1769 2040 1799 di·
2079 1782 2081 1785 ¹

90 1817 169 1839 ctam
187 1810 247 1846 ait,
270 1809 351 1850 quod
365 1812 508 1850 proxima
522 1810 637 1839 Romae
659 1817 729 1838 esset
753 1831 759 1837 .
784 1830 790 1836 .
814 1830 819 1836 .
843 1818 918 1846 quae
942 1831 947 1836 .
972 1831 978 1836 .
1002 1831 1008 1837 .
1032 1831 1037 1836 .
1062 1808 1179 1838 cuidam
1204 1832 1455 1840 .........
1479 1823 1525 1851 ep.
1554 1813 1596 1841 Ita
1614 1812 1754 1842 Schedae.
1784 1813 1879 1841 Locus
1896 1812 2038 1852 Dionysii,

90 1862 177 1891 quem
199 1852 304 1881 Festus
326 1853 466 1891 intelligit
490 1855 539 1881 vix
561 1852 687 1880 inveniri
712 1851 821 1889 possit,
853 1856 881 1879 at
904 1851 980 1879 alter
1003 1851 1142 1880 Varronis
1166 1857 1209 1881 est
1231 1863 1246 1882 e
1267 1853 1318 1883 lib.
1331 1853 1380 1884 IV.
1404 1854 1440 1882 de
1463 1855 1491 1883 L.
1510 1856 1540 1884 L.
1567 1855 1645 1894 (pag.
1660 1858 1711 1887 62.
1736 1855 1817 1894 Sp.):
1851 1854 1960 1893 Quinta
1983 1854 2038 1883 tri-

90 1894 159 1932 bus,
180 1894 296 1933 inquit,
319 1894 399 1934 quod
414 1895 466 1924 sub
482 1894 598 1931 Roma,
622 1893 765 1924 Romilia.
805 1893 867 1921 Nisi
888 1893 992 1922 Festus
1015 1894 1115 1923 locum
1138 1896 1228 1924 alium
1252 1906 1288 1924 cx
1312 1896 1410 1933 libris,
1434 1907 1509 1935 quos
1534 1897 1570 1926 de
1586 1897 1734 1926 Tribubus
1753 1897 1844 1925 Varro
1868 1897 2037 1935 scripserat,

90 1937 129 1965 ob
152 1937 256 1966 oculos
278 1937 424 1967 habuerit.
460 1938 533 1966 Nam
559 1947 632 1976 quae
655 1937 685 1964 in
708 1936 765 1964 fine
787 1935 911 1972 desunt,
935 1936 1064 1965 eiusdem
1087 1938 1201 1966 fortean
1225 1939 1374 1976 (forsitan)
1399 1939 1542 1968 Varronis
1564 1940 1654 1969 verba
1677 1945 1755 1968 sunt.
1787 1938 1923 1968 Romilia
1946 1938 2038 1968 tribus

90 1986 173 2008 trans
198 1978 326 2008 Tiberim
350 1981 380 2008 in
403 1991 477 2020 agro
503 1979 618 2009 Veienti
640 1990 723 2019 quem
745 1976 893 2007 Romulus
912 1979 1039 2017 primum
1064 1980 1147 2018 cepit.
1192 1980 1280 2010 Dae.

254 2021 415 2051 Ramex.
462 2023 571 2052 Versus
594 2022 700 2050 Lucilii
725 2021 855 2050 refertur
876 2021 968 2049 verbo
992 2020 1099 2060 Spara.
1148 2023 1223 2051 Tum
1251 2034 1355 2062 spara,
1389 2031 1450 2053 tum
1475 2025 1598 2054 rumices
1617 2031 1774 2064 portantur
1794 2021 1913 2062 tragula
1936 2033 2036 2061 porro,

90 2063 161 2093 licet
182 2063 245 2092 illic
266 2065 395 2094 murices
416 2065 560 2104 scriptum
582 2066 630 2095 sit.
657 2064 746 2094 Ant.
769 2063 864 2102 Aug.
908 2063 1105 2102 Suspicantur
1133 2065 1189 2093 viri
1211 2066 1291 2094 docti
1314 2066 1431 2095 Festum
1453 2067 1528 2096 male
1550 2067 1654 2104 legisse
1677 2066 1757 2106 apud
1779 2065 1924 2094 Lucilium
1948 2066 2036 2094 rumi-

91 2116 137 2135 ces
158 2116 214 2145 pro
235 2107 368 2137 murices.
414 2108 486 2136 Nam
509 2109 636 2136 murices
660 2106 782 2145 proprie
804 2110 873 2134 sunt
896 2105 1042 2143 conchae,
1071 2107 1245 2146 conchylia,
1275 2118 1349 2146 quae
1373 2110 1442 2147 quia
1465 2110 1494 2138 in
1517 2114 1638 2138 acutum
1662 2109 1815 2145 desinunt,
1848 2108 1918 2136 inde
1941 2118 2035 2146 quae-

89 2149 136 2177 vis
160 2148 234 2177 aliae
255 2159 303 2177 res
324 2155 430 2178 acutae
450 2151 546 2179 dictae
569 2150 699 2178 murices.
733 2149 769 2177 Ut
790 2149 942 2176 cacumina
965 2159 1114 2177 saxorum.
1148 2150 1249 2187 virgil.
1275 2151 1360 2189 (Aen.
1375 2151 1416 2188 V,
1441 2151 1540 2191 205.):
1562 2151 1664 2181 Acuto
1686 2152 1716 2180 in
1737 2152 1848 2180 murice
1870 2151 1941 2179 remi
1955 2149 2033 2179 Gon-

90 2191 169 2220 cussi
189 2201 316 2220 sonuere.
347 2193 495 2230 (Legiturz
526 2191 641 2222 Olmixi
664 2191 818 2228 crepuere.)
849 2191 906 2218 Ubi
928 2192 1049 2220 Servius
1071 2192 1213 2220 muricem
1238 2194 1360 2232 exponit
1383 2194 1466 2223 Saxi
1486 2205 1625 2223 cacumen
1647 2195 1771 2222 eminens
1790 2204 1843 2233 per
1864 2189 2032 2232 tranquilli-

90 2240 188 2263 tatem.
233 2233 337 2264 Isidor.
361 2235 412 2265 lib.
426 2235 504 2263 XVI.
528 2245 594 2274 cap.
608 2237 655 2265 3.;
684 2232 818 2262 Murices
838 2240 936 2272 petrae
958 2234 987 2262 in
1010 2233 1095 2263 litore
1115 2234 1225 2264 similes
1246 2236 1405 2265 muricibus
1426 2237 1514 2273 vivis,
1538 2237 1724 2265 acutissimae
1744 2243 1771 2264 et
1793 2234 1915 2264 navibus
1934 2233 2031 2271 perni-

89 2275 196 2306 ciosae.
241 2276 289 2304 Sic
312 2275 414 2306 triboli
435 2278 508 2306 dicti
530 2277 676 2313 murices,
704 2276 773 2313 quia
795 2276 904 2304 multos
927 2275 1015 2305 simul
1037 2277 1156 2306 aculeos
1179 2278 1348 2308 ostendunt.
1388 2279 1452 2308 vid.
1475 2279 1597 2307 Casaub.
1621 2289 1665 2318 ap.
1689 2278 1795 2308 Athen.
1820 2277 1868 2306 lib.
1883 2275 1955 2304 Vlll.
1981 2274 2030 2302 IX.

89 2316 201 2347 Verum
224 2317 296 2347 huic
325 2321 515 2349 coniecturae
546 2320 659 2355 obstat,
697 2318 776 2356 quod
801 2318 895 2356 prima
918 2318 949 2346 in
972 2330 1078 2347 murem·
1102 2319 1297 2358 producitur,
1335 2332 1409 2360 quae
1432 2321 1595 2360 corripitur
1615 2322 1646 2350 in
1667 2332 1779 2350 rumex.
1823 2321 1895 2347 Sane
1919 2316 2030 2345 Gelliffl

89 2359 142 2392 lib.
152 2361 190 2389 X.
212 2361 342 2400 cap-25.
387 2361 605 2402 Rumigestrum
629 2361 702 2390 dicit
724 2370 786 2389 esse
809 2361 918 2398 telum;
946 2361 1021 2389 inter
1042 2360 1180 2400 telorum,
1209 2363 1321 2402 inquit,
1351 2363 1531 2402 iaculorum,
1558 2363 1727 2403 gladiorum
1750 2358 1892 2392 vocabula
1914 2357 2028 2393 lancea,

90 2404 186 2442 spari,
210 2405 391 2443 rumigestri,
403 2403 516 2446 falces.
551 2405 634 2434 Unde
655 2403 787 2442 Scaliger
809 2403 891 2442 apud
914 2403 1074 2432 Varronem
1098 2404 1241 2443 (pag-58.
1266 2405 1311 2434 ed.
1329 2407 1387 2444 St.)
1409 2407 1510 2436 forsan
1534 2407 1615 2445 apud
1639 2407 1766 2435 Gellium
1790 2412 1843 2441 pro
1866 2401 2029 2440 rumigeetn'

1474 2458 1622 2491 Llll*
