2263 2668
243 180 314 213 152

658 174 799 207 PAULI
827 174 949 209 DlAc.
978 173 1232 208 EXCERPTA
1260 174 1321 207 EX
1348 174 1438 208 LIB.
1463 175 1605 209 POMP.
1636 177 1771 210 FESTI

243 272 491 318 Sacrificium,
533 267 624 310 quod
652 267 755 299 fiebat
785 268 914 300 Romae
939 267 971 299 in
999 273 1111 301 monte
1138 269 1287 301 Palatino
1299 265 1319 310 ¹,
1363 268 1544 301 Palatuar
1570 264 1770 301 dicebatur².

239 335 374 369 Sistere
389 330 487 375 sana
514 338 616 370 quum
645 324 824 368 dicerent³‚
863 324 1133 372 significabatur⁴
1153 328 1352 362 lectisternia
1379 328 1474 361 certis
1500 329 1534 360 in
1561 328 1639 360 sano
1667 328 1748 361 locis
1776 339 1987 373 componere.

236 387 416 438 Serpula⁵
438 387 605 432 serpserit
630 398 732 430 quum
761 388 885 432 legitur
911 387 1004 431 apud
1031 387 1211 421 Messalam
1238 388 1403 433 significat
1429 399 1564 432 serpens
1591 388 1768 432 irrepserit.

237 454 357 488 ›Solino
383 447 577 491 intelligitur
603 448 749 480 consulo.

238 513 454 556 Stipatores,
504 507 539 539 id
573 512 620 540 est
646 508 800 541 custodes
827 504 1008 550 cuiusque⁰
1036 508 1205 552 corporis.

339 560 482 594 nomine.

239 615 450 656 Solioitare'
475 623 522 650 est
556 618 628 650 solo
663 618 782 659 citare,
831 618 867 651 id
902 622 950 651 est
976 629 1017 651 ex
1043 629 1102 651 suo
1130 615 1232 652 locofl
1254 629 1398 650 movere.

1257 507 1335 540 dicti
1363 513 1435 540 sunt
1462 519 1480 539 a
1506 508 1613 551 stipe,
1662 519 1760 551 quam
1788 507 1998 551 accipiebant
2023 508 2184 541 mercedis

1460 617 1577 650 Solum
1612 623 1720 650 autem
1754 619 1832 661 quin
1864 618 2030 663 significet
2061 619 2185 658 locum,

339 673 414 716 quis
443 665 604 706 ‹lubitet⁹,
647 681 748 713 quum
778 670 905 703 exsules
932 681 1066 713 quoque
1094 670 1244 703 dicantur
1271 669 1349 702 loco
1378 670 1504 714 patriae
1531 681 1608 702 suae
1636 669 1745 713 pulsi?

927 786 965 828 L
996 786 1089 829 IB
1119 788 1158 829 E
1189 787 1233 828 R
1302 786 1502 829 XVIII.

245 874 427 907 'ferentum
438 865 463 885 ¹⁰
486 869 580 903 locus
591 866 613 886 ¹¹
636 869 644 876 ⁶

343 974 387 1007 de
411 984 521 1006 causa.

636 880 669 901 ιιι
695 880 818 912 campo
839 868 964 901 Martio
991 868 1116 908 dictus,
1153 868 1244 911 quod
1274 879 1313 900 eo
1342 868 1419 901 loco
1447 879 1503 900 ara
1526 867 1609 900 Ditis
1637 868 1737 912 patris
1764 874 1850 901 terra
1860 866 1883 886 ¹²
1904 870 2135 903 occultaretur.

245 923 366 957 Taurii
378 919 400 938 ¹³
425 917 717 965 appellabantur¹⁴
740 920 812 952 ludi
838 920 870 952 in
899 919 1063 952 honorem
1092 920 1232 952 deorum
1259 919 1438 952 inferorum
1473 919 1561 953 facti.

1622 920 1761 952 instituti
1794 925 1904 953 autem
1938 921 2089 954 videntur
2123 919 2188 953 hac

572 973 750 1017 Regnante
773 972 929 1016 Superbo
950 972 1133 1015 Tarquinio
1147 968 1169 988 ¹⁵
1190 983 1294 1014 quum
1321 983 1444 1016 magna
1470 971 1635 1004 incidisset
1661 971 1846 1015 pestilentia
1872 973 1904 1005 in
1931 973 2082 1005 mulieres
2109 982 2188 1016 gra-

342 1025 451 1064 vidas,
496 1035 582 1068 quae
608 1024 716 1056 fuerat
742 1023 832 1056 facta
859 1034 898 1056 ex
926 1034 1025 1056 carne
1052 1023 1108 1055 (liu
1136 1023 1269 1056 vendita
1279 1020 1302 1040 ¹⁶
1325 1023 1456 1067 populo
1485 1028 1672 1065 taurorum,
1715 1023 1759 1055 ob
1787 1023 1856 1058 hoc
1883 1024 1944 1056 diis
1970 1024 2081 1057 inferis
2092 1019 2115 1039 ¹²
2136 1023 2189 1056 in-

342 1072 476 1110 εῑίωῑὶῙ8
500 1081 533 1108 et
555 1075 672 1108 Taurii
683 1071 705 1091 ¹⁹
728 1076 837 1107 vocati
865 1079 948 1107 sunt.

243 1137 481 1172 Talassionem
505 1136 538 1168 in
560 1135 681 1180 nuptiis
704 1134 810 1166 Varro
835 1134 879 1166 ait
905 1134 1035 1178 signum
1061 1146 1129 1167 esse
1151 1134 1288 1167 lanificii
1299 1131 1332 1167 ²⁰.

1387 1135 1615 1167 Talassionem
1643 1135 1730 1167 enim
1739 1131 1763 1151 ²¹
1783 1136 1947 1169 vocabant
1969 1130 2188 1179 quasillum²²‚

340 1189 397 1232 qui
424 1187 488 1220 alio
515 1187 620 1220 modo
647 1191 784 1219 vocatur
794 1182 819 1206 ²³
843 1185 1012 1226 calathus,
1054 1197 1110 1219 vas
1137 1186 1250 1229 utique
1276 1183 1389 1230 ipsis²⁴
1413 1186 1561 1219 lanificiis
1572 1182 1597 1202 ²⁵
1619 1191 1743 1230 aptum.

248 1250 387 1283 Taurus
413 1258 532 1281 vaccas
560 1247 686 1280 steriles
713 1245 779 1279 dici
806 1242 1040 1279 existimatur²⁴⁵
1060 1245 1127 1280 hac
1154 1245 1197 1279 de
1225 1257 1338 1288 causa,
1380 1246 1473 1290 quod
1501 1258 1567 1280 non
1595 1247 1700 1291 magis
1727 1246 1873 1291 pariant.
1909 1257 2008 1290 quam
2036 1242 2162 1281 tauri²².

248 1310 335 1343 Todi
362 1319 466 1353 genus
493 1307 602 1340 avium
629 1317 817 1350 parvarum.
869 1306 1023 1339 Plautus:

616 1366 704 1400 Cum
729 1366 872 1399 extortis
898 1367 999 1407 talis,
1044 1377 1122 1399 cum
1149 1363 1315 1400 todillisffl
1338 1366 1518 1401 crusculis.

248 1427 450 1462 Tibilustria
460 1423 485 1444 ²⁹
506 1426 576 1459 dies
604 1427 822 1471 appellabant
833 1423 869 1467 ³⁰,
907 1426 940 1458 in
967 1426 1086 1469 quibus
1113 1424 1223 1471 agna3

247 1489 453 1522 Tuditantes
478 1483 677 1532 „significat”
697 1487 870 1531 negotium
897 1486 1072 1519 tundentes
1082 1482 1117 1525 ³³,
1159 1486 1193 1518 id
1222 1492 1269 1519 est
1295 1491 1442 1531 agentes.

1227 1424 1235 1444 ¹
1260 1427 1354 1460 tubas
1380 1427 1570 1459 lustrabant.

1496 1487 1669 1520 Lucretius
1679 1498 1686 1518 t

614 1546 691 1579 Neo
717 1547 909 1580 tuditantia
934 1557 1010 1579 rem
1038 1550 1174 1579 cessant
1201 1546 1416 1580 extrinsecus
1442 1547 1563 1580 ullam.

331 1686 357 1716 1)
380 1682 544 1720 Palatino]
568 1682 707 1710 Pallatio
726 1682 763 1712 M.
781 1682 876 1714 Gu.2.
894 1692 941 1721 pr.
965 1697 1007 1703 —
1029 1678 1060 1721 2)
1083 1680 1202 1709 diceba-

249 1725 310 1763 tur]
333 1724 470 1753 dicebant
484 1724 522 1753 M.
554 1724 733 1753 dicebantur
749 1725 804 1752 Gn.
818 1727 846 1756 2.
870 1741 912 1746 —
934 1723 964 1762 3)
988 1723 1130 1763 dicerent]
1155 1723 1202 1751 di-

250 1773 359 1795 ieretul·
380 1769 410 1798 L.
435 1784 476 1789 —
504 1768 533 1804 4)
557 1767 812 1806 significabatur]
836 1767 1032 1806 significabat
1052 1767 1083 1794 B.
1105 1783 1146 1788 —
1171 1764 1200 1806 5)

251 1809 395 1848 Serpula]
419 1810 467 1837 Sic.
484 1810 608 1847 glossam
627 1809 768 1838 exhibent
783 1810 871 1839 codd.
890 1815 915 1838 el
934 1809 1002 1838 edit.
1018 1810 1112 1849 princ.
1127 1809 1202 1838 Scal.

249 1852 379 1890 sequitur
399 1851 521 1881 schedas
535 1852 623 1882 Festi.
652 1870 684 1874 -
711 1855 740 1888 6)
764 1852 926 1891 cuiusque]
950 1853 1156 1890 cuiuscunque
1172 1852 1202 1880 L.

253 1909 287 1914 -——
310 1891 341 1933 7)
364 1894 538 1933 Solicitare]
562 1896 691 1925 Sollicit.
710 1896 748 1924 M.
767 1896 822 1924 Gu.
839 1899 867 1927 2.
893 1913 925 1916 -
954 1893 985 1935 8)
1010 1895 1085 1933 loeo]
1109 1894 1157 1922 Sic
1171 1894 1203 1922 L.

252 1935 284 1963 B.
300 1935 391 1968 Gu.2.
408 1938 437 1966 S.
468 1938 531 1966 solo
548 1939 627 1976 vulg.
653 1956 686 1959 ν
711 1941 739 1974 9)
766 1937 894 1973 dubitet]
911 1937 960 1965 Sic
974 1938 1045 1965 L.B.
1056 1938 1093 1965 M.
1106 1937 1162 1965 Gu.
1175 1939 1203 1968 2.

253 1976 373 2005 dubitat
392 1979 470 2016 vulg.
516 1980 675 2009 Addunlur
689 1980 719 2009 in
735 1980 801 2009 cod.
817 1980 895 2019 Lips.
911 1979 967 2008 hae
982 1980 1110 2017 glossae:
1138 1980 1203 2007 Su-

248 2030 402 2057 per-num
420 2031 516 2050 mare
534 2022 735 2060 adriaticum,
765 2025 841 2062 quia
856 2024 895 2050 sit
911 2034 929 2050 a
947 2023 1203 2061 superioriparte.

253 2077 293 2082 —
325 2062 436 2089 Sinus
454 2066 580 2092 maiores
602 2077 733 2094 recessus
755 2067 864 2101 maris,
896 2071 930 2094 ut
950 2066 1090 2104 Caspius.
1122 2065 1205 2093 Ara-

252 2104 344 2131 biens.
370 2103 500 2133 Indicus.
524 2122 563 2126 —
583 2109 692 2136 Sabei
715 2109 833 2145 molles,
873 2118 892 2136 a
911 2108 1026 2145 sabeis,
1059 2108 1116 2146 qui
1131 2113 1203 2135 sunt

253 2146 309 2174 sub
325 2146 411 2174 molli
431 2149 504 2175 aifre.
524 2164 563 2167 —
587 2150 712 2178 Simus
734 2150 770 2178 id
788 2157 829 2179 est
847 2161 958 2179 curt-us
973 2157 999 2179 et
1012 2161 1135 2189 pressus
1150 2161 1204 2178 na-

253 2188 339 2216 ribus
355 2194 389 2216 ut
403 2189 496 2215 simae
510 2191 648 2226 capellae.
674 2209 707 2213 --
733 2194 756 2221 S
768 2194 856 2221 litera
872 2195 1047 2232 antiquitus
1055 2193 1205 2232 frequens

255 2236 326 2260 erat.
349 2247 390 2252 -
414 2229 458 2269 10)
488 2231 652 2271 Terentum]
676 2236 810 2263 Tei-entus
823 2246 868 2274 pr.
890 2252 932 2257 —
956 2233 1002 2276 11)
1025 2236 1122 2274 locus]
1147 2246 1204 2264 om.

257 2273 312 2301 Gu.
332 2277 359 2305 1.
390 2289 423 2294 —
460 2270 506 2311 12)
534 2274 631 2311 terra]
660 2276 692 2302 in
712 2282 790 2304 terra
810 2279 840 2307 L.
860 2278 890 2306 B.
910 2278 966 2306 Gu.
981 2282 1006 2310 1.
1028 2289 1074 2318 pr.
1096 2294 1137 2300 ——
1161 2277 1204 2316 13)

265 2316 380 2350 Taurii]
411 2315 504 2343 Tauri
518 2315 547 2346 L.
564 2316 595 2345 B.
612 2316 648 2343 M.
667 2317 758 2347 Gu.1.
770 2321 796 2348 2.
811 2330 855 2357 pr.
881 2337 916 2341 —
945 2321 987 2357 14)
1011 2320 1207 2359 appellaban-

257 2357 324 2396 tur]
348 2358 547 2397 appellantur
568 2358 599 2386 B.
616 2358 653 2386 M.
682 2374 722 2379 —
751 2359 796 2396 15)
819 2362 891 2399 Sup.
920 2363 1024 2402 Tarm]
1047 2364 1095 2391 Sic
1119 2364 1148 2392 L.
1166 2363 1205 2391 M.

260 2401 315 2430 Gu.
336 2403 402 2432 1.2.
426 2401 453 2429 S.
505 2400 590 2439 Tarq.
609 2401 681 2438 hup.
708 2400 785 2436 vulg.
814 2418 854 2422 —
884 2405 929 2439 16)
953 2404 1009 2432 diu
1032 2404 1132 2443 vend]
1157 2404 1207 2432 di·-

259 2441 343 2471 vend.
361 2442 398 2471 M.
427 2458 465 2464 --
499 2440 542 2483 17)
567 2441 691 2480 inseris]
715 2443 840 2479 infernis
862 2444 895 2471 B.
923 2461 956 2466 —
984 2443 1031 2484 18)
1054 2447 1206 2485 instituti]

1245 1680 1314 1709 ludi
1328 1681 1396 1710 add.
1413 1683 1441 1710 S.
1464 1698 1506 1703 —
1530 1680 1574 1720 19)
1604 1679 1729 1718 Taurii]
1759 1681 1854 1708 Tauri
1870 1680 1902 1708 B.
1921 1680 1977 1708 Gu.
1996 1682 2021 1710 1.
2037 1681 2066 1709 2.
2087 1689 2130 1718 pr.
2152 1693 2193 1699 —

1244 1724 1291 1763 ΞΟ)
1320 1735 1379 1752 esse
1400 1723 1481 1763 lam]
1501 1724 1592 1762 lanis.
1616 1734 1675 1750 esse
1697 1723 1728 1752 L.
1773 1733 1832 1750 esse
1853 1733 1909 1753 om.
1926 1722 1974 1759 B.,
2005 1722 2055 1761 qui
2075 1720 2194 1750 exhibet

1246 1768 1425 1805 lanificium.
1455 1783 1497 1788 —
1526 1770 1572 1801 21)
1602 1765 1695 1803 enim]
1727 1776 1783 1793 om.
1807 1766 1838 1794 L.
1866 1781 1905 1786 ·—
1935 1763 1983 1804 22)
2010 1762 2192 1803 quasillum]

1246 1810 1434 1848 quas-sellum
1454 1810 1486 1838 B.
1530 1809 1702 1848 quaxillum
1725 1808 1781 1839 Gu,
1797 1812 1825 1840 2.
1871 1807 2084 1846 quassibulum
2102 1807 2133 1837 L.
2154 1821 2194 1828 —-

1246 1851 1293 1892 23)
1317 1851 1459 1890 vocatur]
1484 1852 1532 1880 Sic
1551 1852 1582 1880 L.
1598 1852 1628 1879 B.
1649 1852 1704 1879 Gu.
1720 1854 1748 1882 2.
1792 1851 1966 1890 appellatur
1985 1851 2066 1888 vulg.
2087 1865 2130 1871 -—
2149 1848 2193 1888 24)

1247 1895 1339 1933 ipsis]
1364 1905 1419 1923 om.
1438 1895 1468 1925 L,
1484 1905 1529 1934 pr.
1552 1911 1595 1916 -—
1616 1892 1663 1934 25)
1684 1893 1847 1932 lanificiis]
1870 1893 2033 1932 sacrificiis
2050 1893 2082 1921 B.
2098 1892 2193 1923 Gu.1.

1247 1943 1307 1976 αρε.
1325 1938 1386 1966 lan.
1404 1938 1434 1965 L.
1456 1953 1499 1959 -—
1521 1937 1568 1968 96)
1591 1936 1802 1975 existimatur]
1826 1937 1872 1964 Sic
1892 1936 1929 1964 M.
1952 1936 2006 1964 Gu.
2022 1938 2051 1966 2.
2094 1935 2194 1963 existi-

1247 1986 1333 2008 mant
1353 1980 1431 2017 vulg.
1478 1979 1691 2007 existimabant
1713 1980 1740 2007 S.
1774 1995 1816 2001 -—
1851 1979 1898 2014 27)
1921 1980 2068 2017 pariant,
2105 1986 2194 2017 quam

1247 2022 1349 2061 tauri]
1371 2023 1419 2050 Sic
1440 2022 1470 2050 L.
1486 2023 1517 2050 B.
1534 2022 1572 2052 M.
1594 2022 1650 2050 Gu.
1667 2025 1694 2052 1.
1713 2024 1742 2052 2.
1789 2032 1880 2060 quum
1901 2022 1998 2056 lauri,
2024 2030 2094 2059 par.
2117 2020 2194 2057 vulg.

1247 2083 1287 2088 —
1312 2066 1359 2103 Q)
1383 2064 1512 2100 todillis]
1530 2065 1578 2093 Sic
1592 2065 1629 2093 M.
1644 2066 1671 2092 S.
1704 2063 1810 2092 todilis
1824 2065 1902 2102 vulg.
1931 2063 2046 2092 todials
2062 2063 2091 2092 L.
2118 2061 2195 2091 tedis

1247 2108 1277 2138 B.
1293 2108 1349 2137 Gu.
1367 2111 1392 2138 1.
1415 2124 1457 2129 —-
1481 2106 1527 2146 29)
1558 2107 1746 2142 Tiliiluslria]
1771 2107 1819 2135 Sic
1838 2107 1867 2135 Β.
1886 2107 1921 2136 Μ.
1939 2107 1994 2136 Gu.
2008 2108 2036 2136 2.
2054 2115 2099 2144 pr.
2137 2105 2195 2133 Tu·-

1247 2150 1298 2179 bil.
1318 2150 1396 2188 vulg,
1428 2167 1464 2171 —-
1489 2149 1536 2190 30)
1566 2149 1779 2188 alssellctbant]
1804 2149 2038 2188 appellabantur
2053 2149 2085 2178 L.
2100 2147 2134 2177 B.
2157 2162 2196 2169 —

1247 2196 1294 2228 31)
1318 2196 1412 2231 agna]
1432 2194 1559 2231 agmina
1575 2193 1604 2222 L.
1628 2209 1670 2214 —
1693 2191 1738 2231 32)
1760 2191 1929 2231 significat]
1946 2191 2090 2219 dicuntur
2104 2190 2196 2220 Gu.1.

1253 2252 1288 2257 -
1312 2238 1358 2270 2²3)
1382 2235 1551 2273 mmlmtcs]
1576 2234 1709 2263 ludentes
1723 2235 1762 2265 M.
1786 2251 1826 2257 —
1848 2234 1896 2270 34)
1919 2233 2000 2272 Inde]
2025 2232 2104 2262 unde
2118 2233 2197 2260 L.—

1249 2275 1297 2318 35)
1327 2277 1526 2317 Tudit.suit]
1549 2278 1619 2314 fuit
1648 2276 1722 2305 Tull.
1744 2278 1844 2308 Gu.1.
1868 2293 1909 2298 -
1936 2275 1981 2313 36)
2005 2276 2110 2304 malleo
2126 2274 2194 2301 sim.

1251 2322 1317 2348 sim.
1332 2322 1415 2351 mall.
1429 2321 1462 2350 Β.
1488 2336 1525 2345 σ-
1549 2320 1597 2357 37)
1622 2319 1731 2358 dixere]
1754 2320 1894 2348 dixerunt
1910 2319 1939 2349 L.
1952 2319 1990 2348 M.
2002 2319 2031 2347 S.
2061 2317 2195 2345 ceterum

1251 2363 1327 2391 Scal.
1343 2364 1476 2392 mutilate
1492 2363 1617 2401 glossam
1634 2363 1750 2392 inducit
1765 2363 1821 2391 ila:
1853 2384 1860 2390 .
1886 2385 1892 2391 .
1919 2383 1926 2390 .
1950 2383 1957 2391 .
1982 2360 2020 2387 lii
2059 2357 2197 2386 ‘li-ferum

1252 2410 1307 2434 etc.
1329 2422 1370 2427 —-
1392 2408 1436 2443 38)
1460 2406 1596 2443 Ennius]
1621 2407 1652 2433 in
1671 2405 1767 2433 Aiace
1788 2404 1854 2433 add.
1876 2403 1955 2440 vulg.
1977 2406 2004 2430 et
2020 2400 2096 2429 Scal.
2140 2398 2197 2428 Sed

1251 2447 1470 2486 descripserunt
1487 2448 1614 2477 editores
1630 2457 1662 2475 ea
1673 2471 1679 2483 ,
1710 2457 1783 2485 quae
1800 2450 1867 2475 sunt
1884 2446 1913 2474 in
1929 2443 2061 2477 schedis,
2085 2452 2137 2471 nos
2154 2452 2196 2470 se-
