2263 2668
521 94 584 128 DE
610 91 997 128 SIGNIFICATIONE
1024 93 1309 132 VERBORUM.
1363 96 1508 129 LIBER
1534 96 1626 130 xiv.

100 185 326 221 Pentuthlam
353 187 479 232 antiqui
506 183 785 232 quinquartium³¹
807 187 968 219 dixerunt.

1981 102 2055 135 117

1022 187 1062 220 ld
1091 194 1200 221 autem
1229 201 1336 235 genus
1364 190 1605 224 exercitationis
1632 201 1672 223 ex
1727 190 1780 223 his
1807 192 1956 236 quinque
1979 196 2059 228 arti—

201 237 263 271 bus
290 244 437 281 constat,
477 239 566 272 iactu
593 240 694 281 disci,
736 250 851 279 cursu,
892 238 995 279 saltu,
1029 239 1248 283 iaculatione,
1284 242 1472 276 luctatione.

98 288 238 323 Pedum
264 291 439 336 vestigium
466 290 650 324 humanum
679 290 905 335 appellabant.

99 340 283 375 Pisatilem
310 343 452 376 Naevius
479 342 561 375 dixit
586 355 604 376 e
632 339 747 375 Pisis³³
770 340 956 374 oriundum.

99 393 216 427 Pedes
242 394 416 437 dicuntur,
443 405 527 438 quos
554 393 747 427 diminutive
772 393 948 438 pediculos
976 392 1116 426 dicimus
1126 389 1160 426 ³⁴.
1215 394 1268 427 Ab
1295 394 1348 427 his
1371 395 1532 440 pedicosi
1558 394 1792 439 appellantur,
1819 401 1855 429 ut
1882 402 1931 431 est
1953 398 2055 432 illud:

469 445 677 486 Pedicosus,
711 445 897 490 squalidus
923 443 983 478 ubi
1007 455 1064 478 me
1089 442 1223 486 vidit³⁵‚
1260 449 1368 491 caput
1394 447 1527 492 scapit,
1556 447 1670 491 pedes
1695 447 1794 491 legit.

100 493 297 529 Pesestas³⁸
320 496 494 531 dicebatur
519 497 715 542 pestilentia.

100 547 238 580 Pedum
263 548 374 581 baculi
401 560 506 594 genus
532 549 704 582 incurvum
714 545 740 565 ³³
761 547 936 591 Virgilius:

472 600 522 633 At
548 604 585 633 tu
610 611 709 633 sume
729 595 907 645 pedumffl.

98 649 232 682 Pedem
258 651 361 683 struit
388 650 544 684 dicebant
570 663 633 696 pro
661 663 719 693 eo,
760 650 853 694 quod
880 654 927 683 est
953 649 1050 695 fugit.

97 698 321 734 Piscatorii³⁹
342 702 412 735 ludi
439 703 651 745 dicebantur,
695 704 753 747 qui
779 703 903 735 fiebant
927 712 991 746 pro
1018 703 1156 745 quaestu
1182 700 1391 745 piscantium.

99 752 327 786 Pectenatum
360 759 485 788 tectum
519 755 640 788 dicitur
666 767 685 788 a
711 753 923 788 similitudine
956 752 1097 798 pectinis
1130 752 1163 785 in
1198 752 1281 786 duas
1313 758 1425 798 partes
1459 753 1642 795 devexum,
1686 760 1721 787 ut
1754 753 1987 788 testudinatum
2015 756 2049 788 in

199 809 350 848 quatuor.

98 864 289 898 Peculatus
314 865 438 898 furtum
464 866 637 910 publicum
664 877 683 898 a
708 876 834 910 pecore
860 864 1004 905 dictum,
1031 864 1114 898 sicut
1140 868 1173 898 et
1197 865 1360 909 pecunia,
1389 876 1430 899 eo
1456 865 1549 910 quod
1577 865 1699 909 antiqui
1727 865 1874 899 Romani
1884 863 1910 884 ⁴⁰
1930 865 2012 899 nihil
2023 863 2045 883 ⁴¹

199 921 333 960 praeter
358 927 484 961 pecora
510 916 690 950 habebant.

98 967 242 1001 Piatrix
269 968 442 1001 dicebatur
466 968 638 1009 sacerdos,
684 979 770 1012 quae
799 966 932 1012 expiare
959 971 1029 1000 erat
1054 967 1166 1010 solita,
1208 979 1309 1011 quam
1337 968 1392 1000 alii
1418 978 1552 1013 sagam
1579 968 1742 1002 vocabant
1753 965 1786 1001 ⁴².

97 1018 285 1053 Piamenta
311 1031 446 1063 quoque
472 1017 711 1063 dicebantur⁴³‚
752 1019 871 1063 quibus
898 1018 1074 1052 utebantur
1099 1019 1132 1051 in
1159 1019 1335 1064 expiando,

99 1070 304 1105 Piacularis
328 1077 428 1116 porta
453 1072 585 1104 Romae
613 1071 702 1104 dicta
727 1074 868 1115 propter
894 1070 1006 1114 aliqua
1032 1071 1183 1116 piacula,
1222 1082 1310 1115 quae
1335 1066 1496 1103 ibidem⁴²⁴
1516 1069 1649 1103 fiebant.

98 1120 266 1167 Ρὶὁνενε45
286 1123 451 1156 interdum
477 1134 541 1167 pro
567 1118 734 1164 tardariffi,
768 1122 933 1155 interdum
960 1133 1024 1166 pro
1051 1123 1223 1167 poenitere
1249 1123 1331 1167 poni
1356 1122 1425 1154 sole

1428 1126 1440 1154 t
1448 1117 1482 1154 ⁴¹.

98 1173 268 1220 Pangere
292 1170 443 1220 figereffl,
471 1174 559 1207 unde
584 1174 720 1218 plantae
744 1173 863 1218 pangi
890 1173 1061 1216 dicuntur,
1088 1170 1225 1218 quum⁴⁰
1245 1175 1279 1207 in
1304 1168 1461 1207 terram⁵⁰
1484 1167 1748 1210 demittuntur⁵¹3
1781 1166 1893 1204 inde⁵²
1913 1166 2045 1203 etiam⁵³

199 1237 308 1259 versus
335 1226 439 1270 pangi
464 1226 518 1259 vel
544 1222 639 1271 figi-'⁸
659 1226 693 1258 in
720 1236 798 1259 cera
824 1222 1020 1258 dicuntur⁵⁵.

97 1274 330 1322 Ρεῶναεὶεῑσε56
352 1277 473 1310 Musae
500 1277 610 1311 dictae
636 1281 709 1310 sunt
728 1288 747 1309 a
767 1277 876 1318 fonte,
904 1288 1004 1320 quem
1026 1277 1174 1322 Pegasus
1198 1277 1267 1311 ictu
1292 1275 1441 1321 ungulae
1466 1274 1604 1320 fingitur
1631 1272 1808 1318 aperuisse.

1863 1270 1919 1306 Ob
1944 1281 2044 1315 quam

198 1339 330 1363 causam
358 1333 390 1362 et
417 1328 550 1362 Graece
576 1329 768 1373 appellatae
794 1325 902 1361 sunt⁵⁷
923 1325 1184 1376 innonffvaaffl.

95 1378 237 1426 Pipatio
262 1381 390 1414 clamor
415 1377 609 1424 plorantis⁵⁹
630 1381 746 1425 lingua
772 1379 948 1414 Oscorum.

95 1428 344 1477 Pimpleides⁶⁰
363 1431 483 1466 Musae
511 1444 530 1465 a
555 1433 647 1466 fonte
672 1432 898 1466 Macedoniae
924 1431 1034 1466 dictae
1059 1434 1201 1475 propter
1227 1425 1394 1474 liquorisffl
1419 1427 1487 1462 eius
1514 1427 1645 1460 unicam
1674 1425 1884 1459 subtilitatem
1894 1420 1927 1456 ¹⁵².

94 1480 301 1517 Petissere⁶³
320 1488 446 1528 petere.

95 1531 238 1580 ΡὶἰΡίΙ64
260 1533 350 1569 Osce
376 1533 546 1578 quicquid.

98 1586 231 1619 Picena
257 1586 371 1632 regio,
404 1586 437 1618 in
463 1582 528 1629 qua
555 1589 604 1618 est
629 1583 808 1625 Asculum,
844 1583 951 1626 dicta,
983 1582 1076 1626 quod
1104 1582 1219 1616 Sabini
1245 1592 1348 1626 quum
1359 1577 1384 1597 *⁵⁵
1403 1579 1562 1614 Asculum
1590 1578 1897 1622 proficiscerentur,
1927 1576 1957 1607 in
1985 1587 2042 1607 ve—

197 1637 279 1671 xillo
305 1649 420 1672 eorum
447 1637 540 1682 picus
567 1631 795 1670 consederitffi.

95 1787 135 1792 —-
157 1769 205 1810 33)
228 1770 306 1799 dixit
324 1784 337 1799 e
355 1771 453 1810 Pisis]
477 1784 490 1799 e
505 1773 590 1799 Pisis
609 1769 687 1799 dixit
706 1772 737 1799 B.
760 1786 801 1791 —
822 1771 867 1807 34)
885 1767 1046 1807 pediculos

96 1812 238 1852 dicimus]
255 1813 356 1842 dicim.
366 1813 436 1853 ped.
450 1815 481 1844 L.
493 1814 526 1843 B.
540 1814 576 1843 M.
595 1814 650 1842 Gu.
664 1817 689 1846 1.
706 1823 752 1852 pr.
767 1813 795 1842 S.
822 1829 856 1832 —
882 1810 930 1851 35)
954 1810 1045 1850 vidit]

96 1856 143 1883 Sic
158 1855 236 1884 Bm.
255 1856 389 1889 Gal-2.
406 1867 450 1895 pr.
483 1856 563 1885 videt
578 1857 658 1893 vulg.
679 1873 722 1877 —
742 1857 790 1889 36)
812 1854 963 1893 Pesestas]
986 1855 1045 1882 Pe-

94 1899 185 1925 stitas
204 1899 231 1926 1..
254 1915 295 1920 —
317 1901 364 1935 37)
387 1898 557 1937 incurvum]
573 1900 606 1928 B.
618 1899 654 1927 M.
674 1899 804 1929 Gu.1.2.
820 1907 867 1935 pr.
883 1896 951 1925 add.
987 1906 1046 1925 om.

95 1941 124 1968 L.
139 1951 205 1969 cum
221 1941 298 1978 vulg.
324 1957 359 1963 -·
385 1944 433 1978 38)
451 1941 581 1980 pedum]
607 1941 690 1980 quod
710 1951 754 1968 me
771 1950 840 1967 cam
853 1949 941 1977 saepe
955 1949 1045 1976 roga-

93 1989 134 2011 ret
150 1994 208 2011 non
228 1984 301 2011 tulit
321 1985 475 2021 antigenes
496 1984 563 2012 add.
580 1994 624 2023 pr.
646 1999 688 2005 —
711 1982 757 2022 39)
780 1980 964 2019 Piscator-ii]
987 1982 1046 2008 Pi-

94 2027 225 2053 scator-ia
246 2026 284 2054 M.
329 2027 366 2054 At
385 2027 502 2055 nonnisi
525 2027 645 2055 deorum
668 2027 740 2054 festa
756 2025 796 2053 ita
810 2024 981 2052 flectuntur.
1007 2039 1042 2044 —

93 2070 136 2101 40)
164 2067 313 2106 Romani]
338 2069 547 2097 Romanorum
562 2069 594 2097 B.
619 2085 660 2091 —
682 2067 729 2106 41)
753 2066 849 2104 nillil]
873 2066 920 2093 nil
936 2075 980 2104 pr.
1004 2081 1046 2087 —

92 2111 138 2147 49¹)
161 2112 219 2138 alii
232 2121 341 2149 sagum
358 2111 517 2150 vocabant]
540 2112 598 2139 alii
614 2116 721 2138 vocant
736 2120 845 2147 sagam
862 2109 893 2137 L.
936 2118 1047 2145 sagam

93 2153 151 2180 alii
168 2154 314 2181 vocabant
330 2164 374 2192 pr.
397 2170 438 2175 -—-
459 2154 506 2191 43)
531 2155 690 2181 piamenta
706 2168 741 2173 -α
760 2150 951 2188 dicebantur]
969 2151 1046 2178 Pia-

91 2201 220 2223 mc'nlum
235 2212 276 2217 —·
288 2195 446 2224 dicebatur
460 2196 489 2224 L.
506 2196 535 2226 Β,
553 2197 647 2226 Gu.1.
675 2211 708 2216 -
735 2193 780 2232 44)
806 2192 929 2231 ibidem]
953 2193 997 2220 ibi
1012 2192 1043 2220 B.

90 2254 129 2259 —
159 2237 205 2277 45)
228 2238 355 2277 I’t'gere]
381 2240 520 2276 peregere
542 2239 641 2268 Gu.1.
669 2253 711 2258 -
739 2235 787 2276 46)
816 2235 969 2263 interdum
986 2246 1043 2273 pro

91 2281 230 2319 tardari]
256 2291 311 2311 om.
334 2283 389 2311 Gn.
408 2285 433 2311 1.
456 2297 496 2302 —-
523 2282 569 2314 47)
585 2282 662 2318 poni
684 2278 775 2317 solet]
800 2288 856 2306 om.
873 2278 910 2307 M.
932 2294 974 2299 —
996 2276 1042 2315 48)

83 2323 197 2362 figere]
213 2324 331 2361 fingere
350 2324 382 2353 B.
412 2339 453 2345 -
481 2325 525 2360 49)
550 2322 662 2361 quum]
687 2331 777 2360 quom
796 2321 827 2349 B.
849 2336 891 2342 —
913 2319 958 2358 50)
983 2326 1042 2348 ter—

92 2366 173 2404 ram]
197 2372 275 2393 terra
296 2366 327 2394 B.
358 2382 396 2387 —
426 2363 472 2404 51)
496 2364 713 2402 demittuntur]
736 2363 944 2391 admittuntur
962 2362 993 2391 L.
1008 2362 1040 2391 B.

1090 1769 1145 1798 Gu.
1162 1771 1188 1799 1.
1208 1777 1254 1805 pr.
1280 1782 1315 1786 —
1343 1766 1392 1800 52)
1415 1763 1502 1802 inde]
1527 1763 1606 1791 unde
1628 1765 1683 1790 (J'u.
1701 1766 1726 1793 1.
1752 1778 1790 1783 —-
1814 1763 1858 1796 53)
1883 1759 1992 1796 etiam]
2016 1765 2041 1785 et

1088 1811 1120 1839 L.
1141 1824 1183 1831 ——
1205 1807 1252 1846 54)
1272 1806 1354 1845 figi]
1368 1807 1455 1845 fingi
1476 1806 1533 1836 Gn.
1552 1809 1577 1836 1.
1611 1822 1646 1828 —-
1678 1806 1726 1842 55)
1751 1802 1912 1841 dicuntur]
1936 1800 2042 1829 dicunt

1087 1853 1120 1883 Β,
1148 1867 1181 1874 ·—
1206 1848 1254 1890 56)
1276 1848 1454 1887 Pegasides]
1476 1847 1627 1887 Pegindes
1637 1849 1669 1876 L.
1713 1845 1862 1886 Pegnides
1875 1845 1908 1874 B.
1925 1844 1962 1873 M.
1983 1843 2039 1871 Gu.

1090 1898 1114 1926 1.
1130 1897 1159 1926 2.
1203 1891 1377 1931 Peganides
1396 1902 1443 1931 pr.
1470 1907 1512 1913 -
1541 1892 1587 1930 57)
1610 1889 1698 1928 sant]
1722 1900 1780 1918 om.
1797 1899 1843 1927 pr.
1865 1903 1907 1909 -
1929 1887 1975 1923 58)
1994 1886 2040 1915 ἱπ-

1087 1937 1248 1975 ποκρῆναι]
1264 1935 1312 1963 Sic
1328 1934 1434 1974 scripsi
1446 1944 1461 1962 e
1473 1933 1521 1970 M.‚
1543 1934 1573 1962 in
1590 1943 1649 1972 quo
1665 1937 1710 1962 est
1721 1940 1923 1970 yppocrenae5
1948 1929 2003 1957 Gu.
2011 1931 2040 1959 2.

1084 1988 1258 2017 gippocrene.
1308 1974 1477 2016 ἴπποκρήνη
1500 1976 1531 2005 in
1555 1986 1646 2014 marg.
1667 1973 1788 2004 exhibet
1811 1974 1860 2010 B.,
1898 1982 1989 2011 quum
2011 1972 2041 1999 iu

1090 2026 1174 2050 textu
1190 2020 1229 2049 sit
1242 2020 1426 2058 hippocrene.
1450 2035 1492 2041 —
1514 2020 1559 2057 59)
1577 2017 1743 2058 plorantis]
1767 2017 1931 2045 clamantis
1945 2014 2041 2045 Gu.1.

1088 2080 1130 2087 —-
1153 2064 1201 2100 60)
1223 2061 1421 2101 Pimpleides]
1444 2061 1609 2100 Pegasides
1622 2062 1655 2091 L.
1700 2059 1836 2089 Peteides
1849 2059 1881 2087 B.
1894 2068 1941 2098 pr.
1987 2058 2042 2085 Pe-

1084 2112 1143 2145 pta
1164 2104 1244 2133 eides
1261 2105 1298 2133 M.
1341 2104 1521 2143 Peptaeides
1542 2104 1598 2134 Gu.
1617 2107 1646 2136 2.
1690 2102 1848 2142 Peptrides
1870 2102 1928 2129 Gu.
1947 2103 1973 2131 1.
2002 2114 2042 2121 --

1088 2151 1133 2186 61)
1155 2147 1295 2187 liquoris]
1320 2147 1425 2175 licoris
1438 2148 1472 2177 B.
1515 2148 1580 2175 eius
1595 2146 1646 2185 liq.
1664 2146 1720 2174 Gu.
1740 2149 1765 2177 1.
1787 2161 1830 2168 --
1851 2144 1900 2183 62)
1923 2142 2042 2171 subtili-

1088 2191 1197 2229 tatem]
1214 2190 1415 2228 foelicitatem
1437 2190 1492 2218 Gu.
1509 2192 1537 2221 1.
1566 2205 1609 2211 —
1636 2190 1684 2227 63)
1709 2187 1872 2226 Petissere]
1895 2188 2042 2215 Petescerc

1088 2244 1135 2273 pr.
1158 2250 1198 2255 ——
1220 2234 1267 2269 64)
1289 2232 1402 2272 Pitpit]
1425 2233 1473 2260 Sic
1488 2232 1544 2260 Gu.
1557 2234 1584 2263 1.
1599 2234 1628 2262 2.
1644 2242 1689 2270 pr.
1706 2232 1734 2260 S.
1777 2231 1875 2270 Pupit
1890 2229 1922 2257 Β,
1965 2228 2041 2272 Pt'pf

1082 2278 1132 2315 pit
1155 2276 1235 2314 vulg.
1263 2291 1305 2297 —
1333 2276 1381 2314 65)
1404 2274 1516 2314 quum]
1541 2285 1632 2313 quom
1654 2275 1685 2303 Β.
1719 2291 1759 2296 -
1792 2273 1838 2312 66)
1863 2268 2037 2299 consederat!

1086 2318 1258 2348 consederat
1274 2318 1304 2347 L.
1321 2318 1359 2347 M.
1405 2316 1574 2346 considerat
1595 2318 1626 2345 B.
