2263 2668
228 179 305 214 610
661 175 1008 213 COMMENTARII
1034 179 1082 212 IN
1107 178 1253 215 PAULI
1277 179 1475 214 DIACONI
1500 180 1758 216 EXCERPTA

313 272 394 302 EUM
423 270 510 306 QUIS
541 268 669 297 VOLET
700 269 970 300 MAGISTRATUS
1001 272 1224 308 MULTARET,
1262 273 1312 301 UT
1343 273 1379 301 Et
1410 273 1489 301 DUM
1520 273 1670 304 MINORE
1701 274 2018 304 PATRISFAMILIAS
2044 277 2187 316 TAXAT,

314 315 468 348 LICETO,
492 311 576 340 SIVE
601 312 689 347 QUIS
710 313 754 341 lM
778 314 932 343 SACRUM
956 315 1142 343 IUDICARE
1168 315 1376 351 VOLUERIT‚
1402 316 1550 345 LICETO.

228 359 261 388 In
285 357 342 387 hoc
366 355 522 395 plebiscito
546 355 631 383 oitier
653 360 698 383 est
719 357 780 394 uli,
810 362 846 386 ut.
867 357 898 385 in
920 358 1015 386 veteri
1037 358 1114 396 Iege:
1150 357 1213 387 Nec
1234 359 1300 398 quis
1315 358 1435 398 facito,
1462 359 1618 399 quominus
1640 359 1666 388 ei
1689 366 1840 396 celantur,
1863 359 2023 400 fruantur,
2051 360 2187 402 habeant,

227 399 413 440 possideant3
443 397 519 425 illud
541 396 772 438 seaedequimque
795 399 1016 439 sexdecimque.
1060 401 1154 429 Addit
1177 400 1257 429 circa
1281 401 1384 436 finem,
1416 411 1498 435 eum,
1532 401 1714 440 quicumque
1738 402 1819 431 volet
1842 403 2029 439 magistratus
2051 405 2186 443 multare,

227 444 330 471 liceto:
355 441 427 469 dum
451 439 538 468 modo
562 440 672 468 maiore
696 442 935 479 patremfamilias
959 443 1067 479 multa,
1091 444 1204 471 minore
1228 453 1313 479 eum,
1339 443 1389 480 qui
1413 445 1444 471 in
1467 449 1614 482 potestate
1638 450 1697 481 est,
1721 455 1808 482 quam
1832 446 2075 483 patremfamilias
2099 457 2188 477 coer-

228 489 302 513 ceat,
334 482 460 511 Sacrum
481 481 622 511 iudicare.
654 483 720 511 Filii
743 486 895 522 peculium
918 487 1138 524 patrisfamilias
1162 487 1319 524 pecuniam
1343 486 1545 525 familiamque
1570 487 1669 516 Cereri
1693 497 1820 517 sacrare.
1855 488 1914 515 Pro
1937 487 2068 517 sedulum
2093 491 2188 519 mani-

226 528 303 556 festo
326 537 357 554 se
378 524 448 554 dolo
471 537 508 553 m.
532 526 706 562 agendum,
737 529 799 556 sine
822 528 893 556 dolo
918 529 1003 557 malo.
1028 527 1125 557 Scal.
1166 528 1258 557 Oitier
1280 539 1334 567 pro
1357 529 1447 566 ulier,
1477 534 1509 557 ut
1533 537 1667 558 coer-ator
1689 541 1743 569 pro
1768 537 1902 566 curator,
1927 541 2008 559 nesus
2031 541 2086 570 pro
2110 544 2187 564 usus.

227 568 356 605 Quidam
380 567 488 596 habent
510 569 605 596 oetier.
638 569 674 597 Et
697 573 825 609 utroque
847 571 935 599 modo
959 576 1074 599 veteres
1097 572 1289 610 scripserunt.
1321 571 1370 599 Sic
1388 570 1530 601 Oinonem
1548 583 1603 610 pro
1623 571 1770 601 Oenonem
1788 573 1868 611 apud
1887 573 2080 611 martianum,
2104 573 2186 605 oitile

225 621 282 651 pro
305 609 376 640 utile
397 613 428 639 in
451 610 650 639 vetustissima
674 612 780 641 tabella
798 613 896 642 Fulvii
915 614 1021 642 Ursini.
1046 614 1134 643 Dac.
1171 615 1238 642 llla:
1262 625 1318 653 quo
1342 625 1375 641 ea
1393 615 1487 652 fiant,
1512 619 1613 653 aperte
1636 614 1777 644 schedae:
1800 614 1880 655 quod
1903 616 2040 653 eafiant.
2071 617 2186 657 Nempe

226 653 307 694 quod
330 664 385 693 pro
408 664 476 693 quo,
500 653 602 682 addito
626 653 654 682 tl.
684 654 743 684 Ista
767 656 810 684 uti
833 655 901 684 [lum
925 658 1036 685 minore
1058 662 1113 687 etc.
1137 657 1179 685 sic
1202 657 1418 694 interpretatur
1441 658 1589 695 Scaliger:
1613 669 1685 695 eum,
1710 658 1875 698 quicunque
1896 656 1972 687 volet
1994 660 2186 699 magistratus

225 695 364 732 multare,
389 694 492 725 liceto.-
522 694 590 724 dum
614 695 702 726 modo
725 699 836 728 maiore
854 698 1106 740 patremfamilias
1128 698 1238 735 multa,
1262 701 1373 727 minore
1395 711 1474 737 eum,
1499 701 1549 740 qui
1571 701 1601 728 in
1621 708 1762 739 potestate
1784 707 1840 736 est,
1866 711 1953 741 quam
1974 701 2184 743 patremfami-

225 737 284 768 lias
307 745 445 768 coerceat.
484 738 592 767 Verum
616 739 645 767 in
668 739 788 769 schedis
814 746 876 770 erat
896 740 1120 782 patrifamilias.
1159 742 1241 770 Unde
1264 742 1387 770 Fulvius
1412 743 1535 771 Ursinus
1565 743 1733 771 emendavit
1758 750 1843 781 parte
1860 741 2007 783 familias
2034 744 2184 773 adductus

225 781 292 809 loco
316 780 405 808 simili
429 790 464 808 ex
488 782 621 810 oratione
645 782 766 811 Catonis
789 794 844 822 pro
869 784 1100 820 Rhodiensibus,
1127 785 1159 812 in
1182 795 1239 822 qua
1263 785 1409 822 scriptum
1434 790 1478 813 est
1501 785 1583 824 apud
1607 786 1733 814 Gellium
1757 785 1809 813 lib.
1824 785 1885 816 Vll.
1910 796 1975 824 cap.
1990 788 2037 817 3.:
2066 785 2183 827 Siquis

225 821 302 851 illud
314 822 424 863 facere
447 822 585 860 voluerit,
617 823 772 854 dimidium
787 825 932 867 familiae
954 826 1047 855 multa
1071 834 1139 856 esto.
1179 827 1252 855 Nam
1276 827 1367 856 verba
1391 827 1473 856 mille
1496 828 1621 856 nummis
1645 833 1715 856 sunt
1738 827 1861 856 adiecta.
1902 828 1939 856 Et
1961 828 2040 856 infra
2063 828 2095 856 in
2119 828 2184 857 Sa-

224 872 324 894 cratae
346 863 438 903 leges:
462 877 544 895 sacer
566 865 659 896 alicui
682 867 800 896 deorum
824 870 861 897 sit
884 880 948 897 cum
964 868 1103 910 familia.
1148 870 1238 898 Error
1262 875 1374 907 autem,
1398 875 1431 898 ut
1450 871 1533 909 patri
1557 881 1610 909 pro
1631 878 1716 910 parte
1738 870 1883 908 scriptum
1906 871 2013 906 fuerit,
2035 870 2106 900 inde
2127 871 2183 900 flu-

223 907 285 945 xit,
309 907 389 946 quod
413 908 528 947 antiqui
548 910 631 948 parti
653 910 792 939 dicebant
813 922 868 950 pro
889 919 988 951 parte,
1016 912 1094 940 unde
1116 912 1193 941 sacta
1217 913 1369 941 literarum
1394 913 1642 952 transpositione,
1669 914 1750 953 patri
1772 913 1927 952 scriptum.
1971 912 2062 943 Dac.

389 957 559 988 Pecuum.
603 961 720 990 Pecuda
745 967 774 991 et
796 973 893 1001 pecua
917 968 1031 991 veteres
1053 963 1166 991 dixere.
1210 964 1309 992 Attius
1332 964 1362 992 in
1387 965 1538 994 l)iomed.:
1576 963 1692 993 Passim
1716 974 1791 1004 quae
1811 962 1938 1003 praeda,
1973 975 2066 1003 pecua
2089 963 2183 993 hiala-

223 999 294 1029 bant
316 1001 407 1041 agris.
452 1002 532 1030 [dein
554 1003 585 1031 in
608 1004 725 1034 Medea:
768 1005 890 1045 Vagam
908 1017 1018 1046 pavore
1036 1005 1152 1046 pecuda
1175 1007 1204 1035 in
1227 1005 1363 1044 tumulis,
1399 1006 1548 1045 deserunt,
1585 1007 1651 1048 quis
1672 1018 1725 1036 nos
1746 1013 1846 1046 pascet
1868 1005 1997 1046 postea?
2032 1011 2060 1036 et
2082 1007 2181 1037 Plaut.

222 1042 416 1082 Mercat.lH,
441 1046 475 1082 1,
501 1045 599 1085 (11.);

966 1090 1030 1120 Nec
1049 1102 1143 1130 pecua
1167 1092 1228 1120 ruri
1248 1103 1377 1132 pascere.

220 1137 317 1166 Locus
341 1143 439 1167 autem
456 1138 593 1176 Catonis,
618 1150 704 1179 quem
720 1140 823 1170 Festus
845 1141 999 1179 intelligit,
1025 1152 1061 1171 ex
1086 1143 1218 1171 oratione
1241 1154 1297 1182 pro
1315 1143 1532 1172 Rhodiensibus
1555 1147 1636 1172 extat
1659 1142 1739 1182 apud
1757 1142 1885 1171 Gellium
1909 1141 2037 1172 1ib.V11.
2055 1152 2121 1181 cap.
2134 1143 2181 1174 3.:

221 1178 257 1209 Si
279 1179 344 1220 quis
367 1182 507 1210 maiorem
526 1193 649 1221 pecuum
673 1195 821 1213 numerum
845 1183 948 1213 hahere
968 1183 1106 1221 voluerit,
1130 1193 1243 1214 tantum
1268 1185 1394 1215 damnas
1416 1194 1484 1217 esto.
1516 1188 1564 1214 Sic
1588 1186 1666 1215 enim
1690 1186 1798 1224 legitur
1820 1185 1849 1214 in
1872 1185 2077 1214 vetustissimo
2100 1184 2181 1213 libro

218 1232 277 1261 pro
302 1233 353 1260 eo,
377 1223 459 1261 quod
483 1229 527 1252 est
549 1225 578 1253 in
601 1226 728 1264 vulgatis
747 1225 893 1266 pecudum
917 1231 944 1255 et
968 1225 1079 1256 damni.
1102 1226 1204 1257 Fulu.
1234 1228 1309 1259 Urs.
1354 1228 1443 1258 Nunc
1466 1231 1536 1270 quia
1562 1228 1696 1258 dicimus.
1734 1229 1822 1267 Lege:
1851 1227 1939 1257 Nunc
1962 1229 2032 1267 quia
2055 1226 2182 1257 dicimus

217 1275 307 1304 pecus
328 1272 359 1294 ut
379 1273 480 1305 pectus
503 1272 557 1295 etc.
602 1268 677 1296 Male
700 1269 819 1298 sched.:
848 1269 917 1298 Non
940 1269 1010 1310 quia
1034 1275 1090 1298 etc.
1134 1269 1188 1298 Da
1199 1281 1224 1300 c.

383 1306 603 1339 Praeteriti.
626 1309 688 1351 (Ad
705 1310 835 1353 p.213.)
858 1312 982 1340 Tribuni
1005 1312 1132 1340 militum
1157 1313 1305 1341 consulari
1331 1318 1477 1352 potestate
1500 1318 1528 1342 et
1543 1314 1685 1342 Censores
1708 1313 1812 1342 eodem
1835 1323 1911 1341 anno
1931 1312 2023 1341 creati
2039 1316 2123 1348 sunt,
2146 1316 2181 1340 ut

218 1348 323 1377 Livius
347 1350 453 1379 scribit
473 1351 522 1382 lib.
536 1352 586 1381 IV.
610 1354 735 1392 (c.25.).
779 1355 822 1383 Ita
846 1364 998 1393 nunquam
1021 1355 1148 1383 lustrum
1171 1355 1297 1384 Tribuni
1321 1356 1471 1391 fecerunt,
1503 1366 1600 1394 neque
1622 1366 1801 1395 quemquam
1826 1360 1992 1384 senatorem
2016 1359 2181 1394 potuerunt

216 1393 399 1430 praeterire,
424 1404 520 1432 neque
543 1396 719 1425 crediderim
733 1397 820 1426 Festo
845 1397 955 1426 dicenti
972 1398 1113 1426 Consules
1136 1398 1166 1426 iu
1189 1398 1313 1426 consilio
1337 1399 1458 1437 publico
1482 1397 1620 1427 habuisse
1643 1399 1699 1426 sibi
1717 1404 1833 1427 tantuin
1851 1398 2123 1433 coniunctissimos,
2148 1402 2180 1426 ut

217 1434 323 1472 Reges.
362 1435 442 1464 Illud
465 1437 600 1475 credam,
625 1450 691 1468 cum
715 1440 841 1468 lustrum
866 1440 1010 1477 facerent,
1035 1441 1173 1479 supplere
1196 1446 1329 1469 senatum
1353 1442 1485 1479 potuisse
1509 1451 1545 1469 ex
1568 1441 1620 1477 iis,
1644 1441 1695 1479 qui
1716 1441 1788 1479 ipsis
1812 1442 1910 1469 forent
1933 1439 2179 1469 coniunctissimi.

218 1475 294 1505 Item
322 1477 416 1514 illud,
455 1484 530 1507 tunc
560 1482 739 1519 praeteritos
766 1483 849 1511 nulla
879 1482 994 1511 adiecta
1023 1488 1110 1512 notae
1135 1493 1221 1511 causa
1246 1484 1406 1521 ignominia
1430 1485 1568 1513 caruisse.
1614 1484 1758 1512 Censores
1782 1492 1901 1521 quoque
1923 1483 2000 1511 idem
2022 1483 2110 1510 initio
2133 1482 2178 1510 se-

219 1519 309 1557 cisse,
342 1520 414 1549 mihi
437 1521 469 1550 fit
492 1524 660 1553 verisimile.
707 1526 743 1553 At
765 1530 923 1565 postquam
951 1536 1053 1554 causas
1075 1536 1248 1554 enumerare
1272 1531 1450 1564 coeperunt,
1488 1526 1582 1554 minus
1606 1525 1730 1554 honesta
1755 1536 1842 1554 causa
1865 1530 1967 1554 notam
1990 1525 2090 1553 attulit
2111 1534 2178 1562 gra-

217 1571 294 1591 vem.
339 1562 415 1592 Vide
439 1563 544 1595 Ascon.
567 1566 597 1594 in
622 1567 751 1596 Divinat.
777 1572 805 1597 et
835 1569 866 1595 in
890 1568 986 1598 Pison.
1014 1568 1109 1597 Valer.
1134 1568 1210 1598 Max.
1234 1568 1285 1599 lib.
1299 1568 1334 1598 ll.
1357 1570 1424 1600 c.4.
1451 1568 1565 1597 Gellius
1588 1568 1699 1598 lib.IV.
1722 1578 1746 1598 e.
1759 1571 1811 1600 20.
1836 1573 1864 1596 et
1886 1568 1935 1596 lib.
1949 1567 2013 1597 VII.
2035 1577 2098 1606 cap.
2122 1567 2177 1596 ult.

218 1608 247 1633 et
269 1604 320 1635 lib.
334 1606 414 1636 XVI.
439 1617 464 1635 c-
480 1609 527 1638 13.
557 1608 616 1637 An
626 1617 644 1637 t.
668 1610 764 1649 Aug.
810 1610 894 1638 Unde
924 1611 1002 1639 unde
1023 1610 1099 1639 haec
1123 1611 1294 1649 expiscatus
1317 1611 1355 1639 sit
1376 1611 1498 1640 Verrius
1522 1615 1573 1638 aut
1596 1611 1711 1646 Festus,
1749 1621 1818 1638 sane
1841 1610 1938 1638 omnia
1960 1614 2066 1638 contra
2087 1609 2178 1638 ratio-

218 1657 283 1676 nem
306 1649 578 1678 vetustissimorum
603 1652 651 1681 Po.
674 1653 728 1680 Ro.
753 1652 959 1682 institutorum
982 1658 1067 1691 sunt5
1092 1663 1184 1691 eaque
1209 1654 1294 1693 plane
1319 1654 1373 1682 toti
1398 1653 1569 1692 antiquitati
1591 1653 1674 1692 Reip.
1698 1654 1752 1681 Ro.
1775 1653 1980 1683 adversantur.
2016 1653 2052 1681 Et
2075 1651 2178 1688 miror,

219 1690 297 1718 unde
321 1689 394 1719 haec
417 1692 620 1731 exscripserit.
652 1693 753 1723 Scal.
799 1695 925 1724 Fallitur
948 1695 995 1725 vir
1018 1696 1207 1725 doctissimus
1231 1696 1474 1735 (Augustinus),
1513 1705 1580 1724 cum
1603 1701 1702 1734 putat,
1738 1696 1914 1734 praeteritos
1937 1699 2088 1724 senatores
2110 1699 2178 1724 ante

220 1732 404 1772 subscriptas
428 1744 547 1763 caussas
571 1746 624 1765 cur
648 1737 899 1775 praeterirentur,
921 1739 1081 1776 ignominia
1106 1739 1245 1768 caruisse.
1288 1739 1360 1767 Nam
1384 1750 1421 1768 ex
1445 1738 1751 1767 animadversionibus
1775 1738 1939 1775 Censoriis,
1963 1737 2070 1776 quibus
2092 1747 2179 1766 caus-

221 1783 268 1803 sae
291 1785 408 1815 semper
431 1777 636 1817 subscriptae,
662 1780 724 1808 sola
747 1785 916 1809 senatorum
939 1782 1111 1820 praeteritio
1136 1782 1327 1821 excipienda,
1353 1782 1402 1810 cui
1425 1782 1573 1810 rationem
1597 1781 1724 1810 adscribi
1747 1780 1829 1809 haud
1851 1781 1891 1810 ita
1915 1781 2025 1810 veteris
2047 1779 2178 1808 instituti

222 1816 309 1844 fuisse
332 1828 367 1846 ex
390 1819 475 1848 Livio
500 1826 605 1849 notum
629 1826 672 1850 est
694 1827 724 1851 et
746 1828 831 1851 antea
854 1824 1017 1862 ignominia
1042 1824 1224 1853 deformatos
1247 1829 1417 1861 senatores,
1452 1825 1504 1863 qui
1525 1824 1679 1863 praeteriti
1706 1824 1839 1860 fuerant,
1877 1823 1908 1851 in
1931 1823 2063 1852 historiis
2085 1822 2175 1860 legas.

221 1857 313 1887 Porro
338 1862 488 1898 praeteriti
512 1869 662 1892 senatores
693 1865 887 1903 dicebantur,
925 1877 1055 1904 quorum
1085 1878 1192 1895 nomen
1216 1868 1359 1896 Censores
1381 1867 1467 1896 initio
1491 1877 1633 1896 censurae
1655 1871 1790 1895 senatum
1813 1867 1941 1905 legentes
1963 1864 2176 1905 praeteribant,

223 1898 254 1927 in
276 1902 425 1932 recitando
449 1915 507 1933 non
531 1907 739 1945 appellabant,
767 1909 956 1937 subticebant
979 1914 1007 1938 et
1030 1919 1064 1938 eo
1087 1910 1170 1938 velut
1188 1911 1278 1938 tacito
1301 1910 1414 1939 indicio
1438 1909 1636 1939 censebantur
1657 1910 1724 1938 loco
1748 1909 1838 1946 moti,
1861 1919 1917 1938 nec
1939 1918 2050 1938 nomen
2071 1917 2176 1937 eorum

224 1941 303 1970 ultra
325 1944 354 1973 in
377 1946 442 1974 albo
466 1953 645 1978 senatorum.
669 1950 759 1980 Dac.
800 1951 874 1980 Vide
897 1952 980 1983 l.31.
1005 1952 1076 1982 Cod.
1102 1952 1138 1981 de
1160 1952 1380 1982 fideicommiss.
1426 1951 1530 1982 Goth.

385 1987 575 2020 Procensa
603 1991 746 2022 classis
773 1993 970 2023 iuniorum.
1008 1994 1067 2033 (Ad
1092 2006 1118 2033 p.
1133 1995 1220 2033 213.)
1259 1995 1293 2024 ld
1315 2000 1359 2025 est
1380 1996 1411 2024 in
1435 2007 1530 2025 censu.
1575 1994 1612 2023 Et
1640 1992 1714 2022 haec
1737 1994 1828 2022 Tullii
1850 1994 1928 2032 regis
1950 1993 2042 2023 verba
2064 1991 2176 2021 intelli-

223 2025 319 2063 genda
342 2027 378 2056 de
400 2030 608 2062 distributione
631 2036 834 2065 centuriarum
856 2037 887 2065 in
910 2037 1044 2076 qualibet
1067 2038 1170 2066 classe.
1201 2038 1274 2066 Nam
1298 2049 1350 2067 sex
1372 2038 1478 2078 populi
1494 2037 1618 2066 Romani
1642 2036 1749 2065 classes
1770 2038 1802 2065 in
1825 2042 1943 2066 centum
1966 2040 1995 2065 et
2016 2035 2176 2074 nonaginta

223 2072 284 2096 tres
308 2073 453 2100 centurias
475 2074 577 2104 divisit
598 2077 724 2108 Tullius.
759 2079 832 2108 Vide
855 2080 1030 2118 Dionysium
1052 2080 1164 2111 lib.1V.
1188 2079 1226 2121 (c.
1242 2083 1290 2112 17.
1314 2091 1380 2120 pag.
1392 2079 1475 2120 222.)
1499 2085 1528 2109 et
1550 2080 1613 2108 Ll'V-
1635 2079 1686 2109 lib·
1701 2079 1718 2110 [-
1743 2077 1867 2119 (c.43.).
1905 2079 1993 2109 Tullii
2014 2078 2175 2107 Verborum

225 2120 343 2158 seusus:
368 2111 404 2159 In.
425 2125 509 2144 censu
531 2117 634 2148 classis
655 2121 801 2150 iuniorum
825 2123 972 2151 centuriae
992 2123 1050 2152 sint
1072 2122 1192 2152 totidem
1209 2127 1264 2152 etc.
1283 2123 1339 2152 Da
1349 2135 1373 2155 c.
1407 2122 1467 2152 Pro
1483 2120 1635 2153 tribunali.
1664 2122 1714 2150 Sic
1736 2122 1767 2150 in
1789 2122 1852 2154 l.2.
1866 2122 1897 2152 ff.
1920 2122 1957 2151 de
1979 2132 2012 2151 re
2034 2121 2173 2158 iudicata,

226 2161 274 2180 cui
296 2159 456 2192 opponitur
477 2156 512 2185 de
530 2158 631 2197 plano.
654 2163 674 2192 l.
689 2165 716 2194 1.
741 2166 764 2202 §.
779 2166 808 2196 8.
822 2165 851 2193 ff.
876 2164 914 2193 ad
936 2166 1193 2196 Senatusconsult.
1216 2166 1344 2206 Turpill.
1391 2164 1496 2196 Goth.

389 2204 555 2238 Pr⁰0¹⁴m·
579 2210 637 2250 (Ad
658 2216 772 2251 p.213.
785 2215 842 2255 sq.)
867 2217 990 2246 Plautus
1014 2218 1144 2247 Poenulo
1167 2215 1240 2258 (Ill,
1265 2221 1297 2255 1,
1321 2215 1381 2258 7.):

885 2266 1072 2308 Nequiquam
1095 2268 1149 2298 hos
1169 2279 1278 2309 procos
1300 2268 1373 2297 mihi
1394 2266 1475 2307 elegi.

226 2302 292 2353 H⁰.⁰
313 2307 355 2332 est
374 2315 508 2344 proceres
529 2308 697 2346 εἰρωνικῶς.
721 2313 820 2346 Scal.
865 2317 957 2355 Lege,
980 2324 1015 2347 ut
1036 2320 1095 2349 viri
1117 2319 1214 2348 docti:
1237 2320 1268 2348 in
1290 2318 1485 2358 descriptione
1506 2317 1663 2352 classium,
1686 2327 1775 2358 quam
1787 2316 1869 2357 fecit
1892 2315 1954 2346 Ser.
1975 2315 2106 2353 Tullius,
2128 2317 2172 2344 si-

223 2346 348 2385 S”fi⁶“¹
367 2358 535 2387 procerum,
558 2356 591 2379 ut
604 2351 732 2393 fabrum
756 2367 811 2394 pro
824 2358 1009 2399 fabmrum5
1029 2373 1186 2401 procorum
1210 2367 1308 2391 autem
1335 2372 1389 2401 pro
1409 2372 1571 2400 procerum.
1610 2361 1688 2389 Hinc
1710 2359 1922 2397 intelligendus
1942 2360 2028 2388 locus
2047 2359 2098 2388 ille
2120 2358 2172 2386 Ci-

227 2388 343 2438 ceronis
366 2389 402 2418 de
423 2390 548 2421 Oratore
570 2394 607 2422 ad
627 2395 751 2424 Brutum
773 2398 906 2435 (Orator.
928 2403 1045 2441 c.46.):
1069 2403 1152 2440 Iam,
1175 2412 1207 2433 ut
1231 2403 1385 2434 Censoriae
1406 2402 1526 2432 tabulae
1547 2402 1720 2443 loquuntur,
1736 2401 1867 2444 fabrum
1888 2409 1915 2432 el
1933 2412 2056 2440 procum
2077 2399 2171 2430 audeo

226 2429 337 2469 arcere,
366 2442 425 2461 non
441 2433 606 2475 fabrorum
627 2444 654 2465 et
673 2449 840 2477 procorum.
877 2443 951 2472 Vide
973 2444 1109 2476 Procari.
1140 2446 1225 2476 Dae.
1265 2445 1300 2475 In
1322 2446 1420 2476 iudice
1441 2444 1630 2476 collocando.
1667 2445 1746 2475 Hinc
1767 2443 1977 2481 intelligendus
2000 2444 2029 2473 S.
2054 2443 2170 2481 Grego-
