2263 2668
505 154 571 188 DE
598 149 986 188 SIGNIFICATIONE
1014 150 1298 185 VERBORUM.
1360 151 1505 185 LIBER
1527 150 1617 184 XIV.
1964 152 2039 189 569

82 247 251 286 Legendum
280 251 354 286 puto
377 245 583 277 Rudusculum
611 246 758 286 picatum,
792 243 851 273 hoc
879 247 923 271 est
943 253 996 271 vas
1019 253 1056 271 ex
1080 253 1154 273 cavo
1176 245 1300 274 informi
1322 255 1414 282 saxo,
1453 243 1542 283 quod¹
1557 243 1654 272 rudus
1675 254 1779 273 saxum
1801 244 1970 283 impolitum
1992 247 2039 276 sit.

81 290 251 328 Legendum
274 300 344 319 vero
367 301 408 318 επ
430 301 505 330 quo,
530 290 655 329 unguine
677 293 732 316 etc.
776 286 920 323 Quidam,
952 285 1004 323 qui
1024 286 1110 314 nobis
1135 293 1268 316 veterum
1292 288 1505 316 numismatum
1530 291 1557 315 et
1580 287 1706 315 aliorum
1729 288 1977 317 monimentorum
2001 290 2039 318 li-

82 333 155 362 bros
178 332 351 370 ediderunt,
373 333 405 360 in
427 333 462 361 iis
485 332 570 361 libris
594 331 777 359 Cantharum
800 328 914 358 Persilli
937 328 1025 356 titulo
1049 331 1289 369 proscripserunt
1311 335 1339 359 et
1361 329 1516 369 persillum
1541 339 1596 368 pro
1619 328 1854 368 perirrhanterio
1877 331 2039 370 accipiunt.

83 375 163 412 Risi,
194 385 261 403 cum
285 376 334 403 illa
358 375 430 413 legi,
461 385 521 403 non
544 379 661 403 tantum
684 373 764 412 quod
788 370 968 400 Cantharum
991 371 1072 399 nulla
1095 372 1210 401 ratione
1233 373 1306 401 moti
1329 373 1486 404 Persillum
1510 378 1634 409 vocant,
1664 371 1715 400 sed
1739 373 1946 411 etiamquod,
1972 384 2039 403 oum

83 418 257 447 sententiam
281 428 364 446 suam
387 417 562 446 confirmare
586 417 710 453 vellent,
733 414 900 444 testimonio
921 413 999 442 Festi
1023 414 1053 441 id
1077 414 1176 444 facere
1200 416 1299 444 conati
1323 421 1400 444 sunt.
1435 416 1540 443 Lector
1563 424 1634 443 vero
1658 415 1794 444 eruditus
1816 416 1942 452 iudicet,
1966 417 2039 455 quid

84 460 200 489 intersit
222 461 302 531 inte}-
324 460 480 499 persillum
504 465 533 488 et
555 455 821 499 περιρρανῑήριον,
859 461 919 486 tam
948 457 1103 495 profecto,
1141 468 1229 496 quarn
1257 459 1333 487 inter
1356 468 1473 496 unguen
1496 457 1543 486 vel
1567 457 1726 495 axungiam
1748 463 1778 487 et
1801 469 1909 497 aquam
1931 459 2039 488 lustra-

85 503 156 534 lem.
202 502 273 532 Sca
299 526 305 532 .

252 545 436 573 Persicum
457 550 614 583 portum.
659 543 753 573 Plaut.
775 542 807 570 in
824 540 930 581 Amph.
946 541 1105 572 Caenavin‘
1126 552 1178 580 ego
1202 542 1231 571 in
1255 543 1325 572 navi
1348 543 1377 571 in
1399 547 1490 581 portu
1512 541 1654 571 Persico?
1681 546 1711 571 et
1732 542 1812 571 alibi.
1836 543 1924 573 Ant.
1941 543 2039 583 Aug.

87 587 121 616 In
144 586 362 626 Amphitruone
380 586 410 621 Ι,
435 589 463 618 1.
488 587 529 624 (v.
543 587 638 623 253).
666 586 756 615 Dae.
801 585 846 613 lbi
870 584 937 613 vide
960 594 1035 622 quae
1057 595 1073 612 a
1096 585 1180 613 nobis
1204 590 1344 614 annotata
1368 590 1446 614 sunt.

254 629 475 658 Personam.
499 628 557 665 (Ad
581 640 609 667 p.
625 627 707 667 199.)
729 627 883 656 videndus
902 625 1000 655 Livius
1022 626 1109 655 initio
1131 628 1182 656 lib.
1197 628 1258 657 VH.
1275 627 1364 658 Ant.
1380 628 1477 666 Aug.
1512 626 1600 662 Quod
1623 627 1662 655 ait
1679 626 1840 655 histriones
1857 627 1921 665 cogi
1938 628 2041 656 solitos

89 671 237 711 deponere
259 682 432 710 personam,
456 670 513 699 hoc
536 671 641 706 fiebat,
674 671 793 709 quando
817 669 1068 706 exsibilabantur‚
1096 680 1191 708 neque
1214 671 1379 709 placebant.
1421 670 1591 698 Macrobius
1615 669 1677 708 (lib.
1691 669 1728 698 ΙΙ.
1753 680 1779 698 c.
1793 668 1835 708 7.)
1858 670 1983 708 loquens
2006 670 2042 699 de

89 714 200 753 Pylade
222 713 383 743 histrione:
409 711 479 742 Cum
501 714 531 741 in
547 712 705 742 Herculem
719 712 869 753 furentem
891 710 1047 752 prodiisset
1069 719 1095 740 et
1117 712 1269 742 nonnullis
1291 714 1431 742 incessum
1456 711 1592 741 histrioni
1614 712 1825 741 convenientem
1849 722 1908 741 non
1929 722 2043 741 servare

88 755 246 793 videretur,
272 755 404 796 deposita
424 766 550 795 persona
571 754 695 784 ridentes
717 756 878 795 increpuit:
903 755 1015 794 μωροί,
1038 753 1221 794 μαινόμενον
1239 752 1422 795 ὄρχούμεθα.
1448 753 1550 783 Scal.
1583 752 1807 783 Atellani'vero
1829 754 1861 783 id
1885 754 1931 782 ius
1953 753 2041 783 habe-

89 798 172 835 bant,
196 804 228 827 ut
250 809 398 837 nunquam
421 808 579 837 personam
603 803 757 837 ponerent.
789 798 891 836 Neque
913 797 1001 826 etiam
1024 797 1203 826 histrionum
1226 808 1352 826 numero
1376 797 1638 833 adscribebantur,
1664 806 1760 835 neque
1781 796 1862 825 tribu
1882 797 2043 826 moveban-

90 846 156 879 tur,
179 841 387 881 stipendiaque
409 845 549 879 tanquam
573 845 711 879 expertes
735 840 807 869 artis
829 840 964 869 ludicrae
986 839 1144 870 faciebant.
1190 841 1252 870 Liv.
1275 841 1327 869 lib.
1342 840 1402 870 VII.
1427 850 1491 878 cap.
1506 842 1535 870 2.
1581 839 1670 869 Dac.
2026 844 2027 847 ’

257 892 446 922 Persicus.
470 891 527 930 (Ad
551 902 580 930 p.
596 891 678 931 199.)
703 892 831 920 Omnino
854 890 1010 930 legendum
1025 890 1169 921 Persibus.
1205 891 1278 920 Vide
1301 891 1422 920 tertium
1442 890 1669 919 Coniectaneum
1693 888 1771 929 (pag.
1788 890 1857 921 160.
1876 888 1933 928 St.)
1956 895 2044 929 atque

91 934 165 964 adeo
191 934 354 963 Varronem
376 935 474 974 ipsum
497 935 528 963 in
550 934 606 964 fine
628 934 698 962 libri
715 934 762 965 vl.
787 933 872 974 (VII,
894 944 959 973 pag.
973 935 1066 973 385.).
1110 934 1235 963 Versum
1258 934 1355 962 Plauti
1378 934 1420 962 ita
1444 933 1524 972 lege:

627 983 715 1014 Nih-il
736 983 947 1014 deconciliares
969 982 1032 1022 illi,
1058 984 1116 1013 nisi
1138 984 1211 1025 quid
1231 983 1364 1024 persibus
1385 985 1475 1024 sapis,

92 1034 192 1065 Scal.
224 1035 312 1065 Silvas
335 1041 380 1065 est
403 1036 530 1065 callidus
553 1041 581 1064 et
604 1036 715 1064 dicitur
736 1045 792 1074 pro
815 1047 903 1075 sopus
924 1036 974 1065 vel
995 1036 1117 1076 sophus,
1142 1040 1175 1064 ut
1195 1036 1284 1074 sispes
1307 1046 1363 1074 pro
1386 1046 1491 1074 sospes.
1531 1034 1605 1062 Vide
1625 1032 1722 1062 sibus.
1761 1033 1809 1062 Sic
1832 1033 1911 1072 apud
1936 1033 2045 1062 Varro-

91 1089 158 1107 nem
181 1078 297 1107 Persibe
319 1079 369 1107 lib.
382 1079 430 1108 Vl.
454 1077 538 1120 (Vll,
561 1088 626 1117 pag.
639 1080 710 1110 385.
735 1077 816 1117 Sp.):
840 1078 968 1116 Persibe‚
989 1080 1099 1118 perite,·
1121 1079 1221 1118 itaque
1242 1077 1294 1106 sub
1320 1078 1375 1107 hoc
1393 1076 1538 1117 glossema
1564 1074 1680 1106 callide
1701 1074 1896 1106 subscribunt.
1937 1076 2046 1104 Versus

92 1121 195 1150 Naevii
218 1122 462 1161 corruptissimus
484 1127 545 1157 est,
576 1121 628 1150 sed
651 1122 690 1149 ita
714 1121 852 1160 proxime
875 1121 913 1149 ad
935 1122 1113 1160 scripturam
1136 1126 1217 1149 recte
1239 1121 1358 1149 restitui
1379 1121 1489 1159 possit:

627 1162 666 1192 Et
688 1164 739 1203 qui
752 1163 867 1204 fuerit,
893 1163 1026 1203 per-sibus
1047 1162 1198 1203 captanda
1221 1170 1263 1192 est
1286 1164 1373 1191 ratio.
2029 1183 2032 1188 .

93 1205 223 1242 Callida,
245 1206 357 1244 inquit,
381 1206 511 1235 ineunda
533 1212 577 1234 est
599 1207 693 1241 ratio,
724 1207 791 1244 quis
812 1206 868 1234 iste
891 1207 989 1235 suerit.
1014 1206 1101 1236 Dac.
1146 1205 1208 1235 Est.
1243 1205 1319 1234 Adst
1341 1206 1388 1234 vel
1411 1204 1502 1233 adest.
1528 1202 1631 1233 Goth.
1678 1203 1837 1231 Commode
1862 1203 2048 1242 comparavit

95 1248 235 1277 uscerius
259 1260 356 1288 sospes
378 1254 406 1277 et
427 1250 525 1288 sispeS.
572 1248 712 1277 Videmus
742 1248 820 1276 enim
846 1248 1117 1287 frequentissimam
1139 1249 1218 1277 illam
1242 1249 1273 1276 in
1296 1248 1480 1277 sermonibus
1503 1246 1752 1284 Indogermanicis
1774 1245 1923 1274 vocalium
1947 1246 2048 1274 demu-

92 1292 253 1328 tationem,
278 1292 314 1320 de
337 1301 394 1330 qua
416 1291 601 1329 sagacissime
622 1290 764 1329 exposuit
778 1291 993 1329 lVaekernagel
1015 1291 1046 1319 in
1062 1291 1160 1319 Jahnii
1178 1291 1283 1321 Annal.
1301 1291 1379 1320 Phil.
1393 1292 1484 1322 1831.
1501 1290 1583 1319 Tem.
1602 1289 1747 1327 supplem.
1763 1288 1790 1324 Ι,
1816 1290 1843 1318 1.
1862 1300 1892 1328 p.
1905 1290 1952 1319 17.
1965 1298 2046 1326 seqq.

92 1334 188 1372 Igitur
211 1334 394 1363 Graecorum
416 1331 528 1371 σοφός,
554 1331 672 1372 σαφής,
696 1334 868 1362 Latinorum
891 1333 987 1370 sibus,
1011 1334 1090 1362 unde
1113 1335 1313 1373 compositum
1333 1331 1481 1372 persibus,
1502 1333 1618 1360 Sanser.
1639 1330 1749 1372 gmhhas
1771 1331 1818 1367 (a,
1842 1333 1921 1368 am),
1945 1330 2045 1369 splen-

94 1377 196 1413 didus,
228 1376 356 1413 nitidus,
386 1376 534 1415 prudens,
565 1377 634 1404 satis
658 1376 834 1412 ostendunt,
865 1386 922 1415 qua
944 1377 1060 1405 ratione
1083 1376 1185 1405 eadem
1208 1377 1369 1405 verborum
1392 1375 1497 1411 radix,
1528 1384 1581 1412 per
1604 1373 1701 1402 varias
1723 1373 1840 1401 vocales
1863 1383 1899 1410 a,
1923 1373 1951 1409 i,
1975 1383 2010 1409 o,
2032 1384 2052 1400 ιι

94 1419 261 1455 demutata,
298 1420 394 1447 varias
425 1419 619 1458 progenuerit
647 1418 893 1456 significationes,
935 1419 987 1448 sed
1010 1419 1186 1457 cognatione
1210 1424 1310 1448 tamen
1332 1424 1360 1447 et
1382 1417 1577 1446 similitudine
1599 1416 1728 1454 quadam
1751 1420 1878 1444 servata.
1925 1415 2050 1443 Dubium

95 1468 192 1492 tamen
217 1467 276 1498 est,
314 1460 394 1490 sibus
417 1467 446 1490 et
465 1461 598 1500 persibus
623 1466 723 1490 ullum
747 1460 893 1490 adiectiva
917 1462 993 1499 sint,
1029 1472 1067 1490 an
1090 1462 1243 1491 adverbia.
1287 1462 1418 1499 Scaliger
1446 1460 1485 1488 ad
1508 1460 1672 1488 Varronem
1702 1468 1769 1497 pag.
1784 1460 1854 1490 160.
1878 1459 1921 1486 St.
1942 1456 2053 1497 persibe

95 1505 184 1534 scribi
206 1505 309 1541 iubet,
332 1504 382 1532 ubi
405 1504 539 1534 adverbii
562 1505 623 1532 vim
645 1503 790 1532 sententia
813 1504 955 1542 requirit,
986 1514 1077 1542 quare
1100 1504 1188 1533 etiam
1211 1504 1291 1542 apud
1309 1504 1468 1533 Varronem
1489 1503 1550 1532 V11.
1573 1512 1640 1541 pag.
1654 1503 1726 1532 385.
1745 1501 1795 1539 Sp.
1815 1499 1928 1540 persibe
1947 1500 2054 1529 rescri-

96 1548 157 1584 bit,
189 1548 239 1575 ubi
264 1552 362 1575 tamen
384 1547 456 1575 libri
478 1557 580 1575 omnes
600 1545 733 1585 per-sibus
756 1550 786 1574 et
805 1547 935 1586 persicus
958 1546 1112 1585 praebent.
1156 1547 1268 1576 Contra
1290 1547 1394 1575 Festus
1416 1546 1495 1574 infra
1517 1555 1545 1574 v.
1569 1544 1657 1573 Sibus
1679 1542 1780 1573 reddit
1800 1540 1946 1580 callidus,
1981 1553 2052 1572 acu-

97 1597 159 1626 tus,
183 1589 338 1618 adiective.

264 1631 474 1670 Perpetrat.
498 1630 555 1667 (Ad
574 1641 603 1669 p.
615 1632 699 1669 200.)
722 1630 883 1660 Mendosus
905 1630 990 1658 locus
1012 1635 1041 1659 et
1063 1631 1094 1659 in
1116 1631 1180 1670 ipso
1203 1630 1298 1660 veteri
1320 1630 1396 1659 libro
1413 1631 1447 1660 R.
1467 1630 1551 1659 litera
1575 1634 1709 1664 notatus,
1737 1633 1770 1657 ut
1793 1637 1876 1655 error
1898 1626 2054 1666 scriptoris

97 1673 322 1711 significaretur.
364 1673 485 1700 Pacuvii
508 1673 598 1701 verba
620 1678 690 1702 sunt
712 1674 799 1702 valde
822 1672 970 1703 mendosa.
1000 1673 1088 1703 Ani.
1110 1673 1205 1713 Aug.
1251 1674 1314 1702 Non
1338 1673 1446 1702 leviter
1468 1672 1540 1701 haec
1568 1671 1765 1700 contaminata
1788 1674 1873 1707 sunt,
1908 1679 2001 1708 quae,
2030 1669 2054 1697 si

98 1721 227 1747 veterem
253 1715 406 1743 lectionem
429 1725 648 1754 proponamus,
673 1717 756 1745 nullo
780 1715 896 1753 negotio
918 1716 949 1743 in
972 1715 1120 1753 integrum
1143 1715 1370 1745 restituerimus.
1407 1715 1497 1744 Vetus
1522 1714 1628 1750 lectio,
1654 1718 1688 1742 ut
1711 1713 1906 1741 admonemur
1924 1722 1959 1740 ex
1978 1711 2055 1740 notis

100 1758 257 1795 marginis:
292 1756 393 1797 Neque
412 1765 577 1796 perpetrare
597 1757 731 1797 precibus
753 1758 876 1797 imperia
901 1758 952 1798 qui
975 1756 1087 1787 detinui
1106 1759 1201 1798 patris
1222 1765 1354 1798 spartam
1377 1768 1515 1796 reponare
1537 1757 1635 1785 instat.
1682 1755 1766 1791 Quae
1790 1765 1850 1784 non
1873 1764 1980 1797 parum
2003 1754 2054 1795 ad-

98 1801 224 1829 iumenti
247 1800 332 1829 nobis
357 1799 393 1828 ad
417 1801 571 1829 veritatem
595 1801 790 1841 indagandam
813 1801 1015 1831 contulerunt.
1059 1801 1196 1839 Legimus
1218 1811 1304 1839 ergo:
1331 1800 1477 1829 Pacuvius
1499 1800 1529 1828 in
1555 1799 1682 1828 Teucro:
2035 1798 2039 1806 “

697 1851 798 1892 Neque
817 1858 984 1892 perpetrare
999 1850 1151 1891 precibus,
1183 1852 1322 1891 imperio,
1347 1850 1431 1890 quiti.

99 1900 126 1922 et
149 1894 178 1922 in
202 1891 335 1932 Niptris:

701 1936 843 1977 Spartam
867 1935 1003 1976 repedare
1024 1937 1131 1973 instat,
1162 1935 1196 1966 id
1217 1938 1243 1965 si
1262 1942 1419 1976 perpetrat.

100 1984 201 2026 Neque
222 1986 313 2026 quiri,
335 1986 393 2016 hoc
415 1992 460 2016 est
481 1998 571 2028 neque
589 1995 754 2027 potuerunt.
785 1989 888 2027 Neque
905 1997 1008 2027 prece,
1030 1987 1145 2026 inquit,
1169 1997 1264 2026 neque
1285 1985 1412 2025 imperio
1435 1985 1494 2014 hoc
1515 1995 1657 2024 peragere
1678 1986 1850 2023 potuerunt.
1877 1978 2056 2019 Repedandi

100 2028 192 2057 verbo
217 2028 286 2057 alibi
310 2030 412 2059 utitur.
451 2030 524 2059 Vide
547 2028 710 2069 Repedare.
749 2031 874 2060 Videtur
897 2036 996 2059 tamen
1018 2030 1167 2058 Pacuvius
1190 2029 1341 2069 Reponere
1362 2029 1516 2068 scripsisse
1539 2033 1665 2067 propter
1687 2034 1823 2056 versum-¹
1861 2023 1946 2059 Quae
1974 2022 2054 2052 dicta

101 2076 172 2100 sunt
194 2071 230 2100 de
253 2071 395 2101 Menelao.
427 2072 484 2101 Sed
507 2072 595 2101 finem
619 2071 726 2101 horum
750 2073 873 2112 explere
896 2073 1015 2111 quidem
1038 2072 1140 2101 verbis
1153 2073 1230 2101 Festi
1254 2082 1315 2100 non
1339 2071 1527 2110 pollicemur.
1559 2069 1740 2099 Sententiam
1763 2072 1866 2096 autem
1877 2065 1955 2094 Festi
1978 2064 2054 2093 hanc

101 2123 163 2142 ⁸⁸⁸0
186 2119 341 2153 ΡΩῙΜἨἪ)ζ
366 2115 523 2150 Quomodo
546 2115 636 2143 eliam
659 2116 722 2144 sine
745 2116 967 2155 praepositione
990 2114 1037 2143 usi
1058 2120 1144 2151 sunt,
1167 2115 1250 2153 quod
1271 2123 1448 2142 conversum
1472 2114 1530 2142 iam
1551 2113 1582 2141 in
1605 2116 1722 2150 turpem
1745 2108 2053 2148 significatumsNam

102 2155 225 2185 Patrare
248 2162 334 2196 turpe
357 2158 480 2186 verbum
503 2162 556 2186 est.
600 2157 750 2193 Catullus,
786 2158 920 2194 Persius,
956 2157 1157 2186 Glossarium:
1197 2157 1318 2193 Ponat,
1352 2158 1493 2196 μασᾶται,
1525 2153 1739 2193 κακεμφάτως,
1771 2149 1815 2189 αἷς
1835 2149 1889 2182 εἰτ’
1913 2151 2050 2189 αἰσχραῖς·

102 2199 193 2236 Lege:
225 2197 266 2235 (ἇς
287 2196 335 2230 ἐπ’
356 2201 494 2239 αἰσχρῶν.
520 2198 623 2230 Scal.
669 2198 757 2237 Quod
780 2211 947 2229 conversum
970 2200 1031 2228 iam
1053 2199 1084 2227 in
1107 2197 1351 2228 consuetudinem.
1390 2198 1485 2227 Verho
1504 2205 1637 2238 patrare,
1669 2196 1781 2234 inquit,
1812 2195 1874 2223 sine
1897 2192 2051 2233 praeposi—

101 2241 182 2270 tione
206 2252 260 2280 pro
285 2242 426 2281 perficere
448 2248 563 2272 veteres
585 2242 631 2270 usi
653 2247 737 2279 sunt,
777 2243 859 2281 quod
882 2253 962 2271 nunc
991 2242 1021 2270 in
1050 2241 1296 2270 consuetudinem
1326 2241 1413 2278 abiit,
1451 2251 1484 2270 eo
1506 2240 1582 2270 enim
1604 2239 1776 2278 frequenter
1797 2236 1894 2267 nostr-i
1917 2238 2048 2264 utuntur.

101 2284 150 2312 Sic
170 2292 289 2323 patrare
312 2286 441 2324 incepta,
463 2285 589 2325 patratis
612 2283 744 2314 consiliis
764 2286 884 2314 Sallust.
915 2285 964 2313 Sic
989 2285 1106 2313 Lucret.
1128 2284 1220 2313 Cicer.
1242 2284 1333 2312 Tacit.
1357 2283 1420 2313 Liv.
1449 2282 1506 2312 Sed
1528 2286 1628 2321 postea
1651 2282 1776 2311 verbum
1798 2279 1875 2309 illud
1897 2278 1973 2305 inter
1996 2275 2046 2302 ob-

101 2336 205 2363 εΞῑῑθῐῑῑὶ,
237 2337 329 2365 quare
353 2327 479 2364 Quintil.
500 2328 550 2356 lib·
565 2327 641 2356 VIII.
663 2337 727 2366 cap.
741 2329 788 2358 3.:
819 2327 887 2356 Sive
908 2326 991 2356 mala
1013 2325 1220 2356 consuetudine
1239 2327 1271 2355 in
1293 2325 1446 2356 obscenum
1469 2323 1645 2354 intellectum
1667 2335 1761 2354 sermo
1784 2321 1911 2352 detortus
1931 2324 1986 2352 est,
2016 2324 2047 2345 ut

102 2367 225 2398 eluctare
251 2371 398 2399 exercitus
426 2377 451 2399 et
475 2377 596 2409 patrare
621 2368 728 2398 bellum
750 2368 831 2409 apud
853 2368 977 2399 Sallust.
1001 2367 1082 2398 dicta
1103 2376 1204 2398 sancte
1225 2377 1251 2398 et
1274 2369 1394 2410 antique
1414 2365 1546 2396 ridentur
1565 2378 1584 2395 a
1607 2365 1708 2404 nobis,
1743 2367 1769 2395 si
1788 2358 1968 2407 Diis-placa
1989 2363 2045 2388 ⁸²0·

102 2410 191 2441 Dae.
230 2412 387 2452 Perpeirat.
417 2413 560 2452 Perpetat.
599 2412 730 2442 Glosais:
761 2413 926 2452 perpetrat,
949 2415 1108 2451 κατορθοῖ.
1145 2411 1340 2450 Per-petratio,
1368 2407 1564 2450 κατόρθωσις.
1591 2407 1697 2438 Goth.
1739 2406 1835 2446 Quiri,
1862 2403 1941 2431 ldflm
1964 2401 2045 2438 ‘lu0d

144 2463 313 2491 GRAMMA'r.
334 2473 402 2492 Lar.
426 2463 459 2492 ll.
1515 2461 1544 2495 C
1559 2472 1578 2495 c
1592 2472 1611 2494 c
1626 2472 1644 2494 c
