2263 2668
223 137 297 173 262

997 131 1223 169 ARUSIANJ
1256 134 1397 171 MESSI

223 232 338 268 Sciens
362 229 461 264 huius
485 229 532 264 rei
545 226 566 264 ¹.
592 227 729 262 salust:
757 225 879 260 Sciens
904 226 1039 264 horum.
1073 227 1169 262 Idem
1193 229 1316 263 Histor.
1344 229 1404 264 11.:
1430 228 1525 263 Belli
1550 241 1635 265 sane
1659 232 1780 267 sciens.
1807 232 1878 269 Scit
1890 234 1961 270 illas
1979 248 2042 273 res.
2071 239 2167 286 Virg.

325 284 409 317 Aen.
432 282 523 315 X11.:
546 280 646 314 Scire
662 282 857 324 potestates
882 278 1076 313 herbarum
1101 281 1279 327 visumque
1305 281 1468 315 medendi
1493 281 1636 316 Mabuz‘t.

226 352 297 388 Scit
316 351 368 385 his
395 351 499 383 rebus.
526 348 661 381 Terent.
683 347 768 381 Eun.
783 343 810 380 ²:
837 346 938 381 Videt
965 347 1145 382 honestam
1171 350 1346 395 virginem
1376 349 1425 382 Et
1440 348 1582 396 fidibus
1607 352 1707 386 scire.
1759 350 1954 388 Scientems
1980 361 2013 391 te
2038 357 2168 393 faciam.

326 403 460 436 Terent.
488 400 629 433 Heaut.:
656 398 753 432 Nam
779 402 813 432 te
839 399 1002 432 scientem
1015 399 1180 446 faciam,
1207 401 1372 447 quicquid
1398 412 1518 447 egem.

226 469 436 516 Subgredior
461 468 557 502 illum
584 468 698 502 locum
711 463 733 500 ⁴.
767 467 836 500 Sat.
863 468 949 500 Hist.
971 467 1048 501 1V.:
1071 468 1208 502 stolide
1238 473 1358 503 castra
1385 468 1604 515 subgressus.

225 523 345 557 Suetus
372 520 426 554 his
457 521 554 553 rebus
573 515 595 552 ⁵.
632 519 701 552 Sal.
727 519 813 553 Hist.
840 516 900 552 II.:
940 519 1059 553 Genus
1085 521 1233 553 militum
1266 525 1400 554 suetum
1427 532 1450 554 a
1474 522 1631 567 pueritia
1663 522 1864 558 latrociniis.
1898 524 1994 559 Idem
2026 526 2171 561 ibidem:

332 572 452 606 Genus
478 571 654 605 hominum
680 581 815 616 vagum
842 574 875 604 et
900 571 1036 616 rapinis
1058 576 1193 606 suetum
1214 573 1335 618 magis
1355 583 1462 617 quam
1489 584 1663 619 agrorum
1684 575 1841 609 cultibus.

226 643 338 687 Sapor
352 641 437 674 illius
464 635 540 672 rei⁶.
577 638 670 684 Virg.
695 639 823 684 Georg.
849 638 926 672 1V.:
952 639 1121 674 Proderit
1147 644 1179 674 et
1206 645 1342 674 tunsum
1368 641 1497 685 gallae
1523 641 1719 677 admiscere
1744 654 1919 690 saporem.
1945 644 2057 692 Sapor
2083 646 2171 680 iuxta

327 693 419 726 illam
443 702 523 724 rem.
550 690 619 724 Sal.
645 691 732 724 Hist.
755 690 832 724 IV.=
854 689 972 736 Sapor
997 692 1098 725 iuxta
1113 691 1235 738 sontes
1261 692 1486 726 dulcissimos.

225 762 356 806 Satagit
380 759 511 792 illarum
537 755 678 792 rerum'.
703 759 838 794 Terent.
861 759 969 795 Eum:
994 759 1043 793 Et
1068 760 1098 794 si
1122 761 1151 794 is
1176 772 1309 806 quoque
1334 772 1481 795 suaram
1507 771 1625 795 rerum
1651 763 1800 809 satagit.

225 816 357 858 Sponsa
382 811 466 844 mihi
493 815 551 846 est.
580 811 714 844 Terent.
739 807 862 846 Eun.⁸:
890 810 1029 856 Sponsa
1055 812 1141 845 mihi
1167 816 1225 846 est.

225 867 296 900 Stat
321 865 354 896 in
380 863 438 896 illo
462 862 590 896 habitu.
624 862 719 907 Virg.
743 862 826 895 Aen.
842 859 969 895 vl11.⁹:
997 862 1127 896 Stabat
1153 864 1187 897 in
1214 863 1375 908 egregiis
1400 862 1564 896 Arcentis
1576 862 1684 909 filius
1703 864 1822 898 armis.
1858 864 1930 898 Stat
1955 864 2039 908 hac,
2061 866 2096 900 id
2123 871 2172 900 est

325 915 415 947 favet
440 919 569 947 nostrae
590 915 686 958 parti.
713 913 808 947 Idem
833 914 915 947 Aen.
943 914 1035 948 xll.:
1062 915 1118 948 Ne
1140 926 1210 960 qua
1234 915 1319 947 meis
1346 918 1417 948 esto
1443 926 1567 954 mortu
1592 915 1730 960 Iupiter
1755 916 1824 949 hac
1849 920 1928 950 stat.

230 967 315 1001 Siste
341 966 420 999 huc.
459 966 556 1010 Virg.
582 966 664 999 Aen.
691 962 818 998 1111.¹⁰:
862 965 1020 1006 Annam,
1048 978 1136 999 cara
1162 966 1247 999 mihi
1272 966 1407 1006 nutrix,
1441 966 1510 999 lzuc
1542 966 1625 1000 siste
1659 978 1822 1001 sororem.
1858 968 1946 1002 Siste
1972 967 2033 1002 his.
2075 969 2171 1003 Idem

326 1018 409 1051 Aen.
435 1013 542 1051 Xl.¹¹:
568 1016 638 1050 Hic
663 1016 747 1050 Dea
772 1027 810 1049 se
830 1017 989 1061 primum
1010 1018 1140 1063 rapido
1161 1017 1407 1063 pulcherrima
1433 1018 1509 1051 nisu
1531 1017 1639 1052 Sistit.

225 1069 433 1114 Supervenio
460 1068 534 1101 illis.
561 1068 654 1114 Virg.
677 1069 761 1101 Buc.
771 1064 814 1101 ¹²:
845 1068 1056 1114 Timidisque
1090 1069 1286 1115 supervenit
1314 1069 1441 1114 Aegle.

228 1122 382 1165 Sublego
414 1116 516 1153 tibi¹³.
542 1119 635 1165 Virg.
664 1120 767 1153 Buc.:
807 1119 869 1152 Vel
895 1131 986 1165 quae
1009 1120 1149 1166 sublegi
1174 1121 1301 1154 tacitus
1335 1120 1397 1154 tibi
1424 1120 1584 1153 carmina
1614 1131 1736 1165 nuper.

2050 1120 2171 1169 [545]

224 1173 369 1217 Subligo
396 1171 443 1205 illi
468 1171 565 1216 parti.
594 1172 689 1216 Virg.
708 1171 790 1204 Aen.
809 1171 898 1204 VIII.
909 1168 948 1205 ¹⁴:
980 1171 1065 1206 Tum
1093 1173 1197 1206 lateri
1223 1176 1327 1217 atque
1353 1172 1507 1206 humeris
1531 1171 1732 1217 Tegeaeum
1758 1172 1921 1219 subligat
1944 1184 2068 1208 ensem.

224 1225 395 1259 subnecto
421 1223 470 1255 illi
495 1219 625 1267 parti¹⁵.
653 1223 748 1268 Virg.
778 1222 907 1268 Georg.
941 1223 1015 1258 Ill.:
1050 1224 1185 1259 (ἵει-υἱοὶ
1210 1224 1409 1257 subnectite.

224 1275 394 1309 secundat
414 1275 506 1307 illam
532 1270 645 1316 remffi,
683 1273 719 1306 id
754 1279 802 1307 est
827 1274 1006 1308 secundam
1033 1281 1066 1309 et
1086 1287 1282 1321 prosperam
1310 1275 1399 1309 facit.
1438 1274 1531 1319 Virg.
1557 1273 1695 1308 Aeneid.
1720 1274 1795 1308 111.:
1828 1275 1912 1310 Rite
1937 1276 2172 1311 secundarent

325 1326 446 1360 visum.

225 1377 317 1412 Salio
342 1389 403 1423 per
429 1377 519 1410 illam
545 1387 627 1412 rem.
654 1376 748 1422 Virg.
778 1376 908 1423 Georg.
936 1374 1026 1411 11.¹⁷:
1058 1377 1186 1411 Unctos
1211 1378 1339 1412 saliere
1361 1388 1430 1424 per
1456 1381 1561 1410 utres.

313 1512 343 1554 1)
368 1513 447 1542 Duae
462 1513 607 1541 formulae
626 1512 685 1541 iam
703 1516 856 1551 sequentes
878 1522 945 1541 cum
963 1513 1106 1552 exemplis
1120 1514 1180 1542 suis

229 1556 336 1585 desunt
354 1556 385 1585 in
407 1555 480 1585 Cod.
503 1555 535 1584 A.
557 1555 595 1585 M.
619 1555 704 1584 Prior
728 1555 849 1584 Salustii
869 1555 950 1584 locus
976 1566 1037 1584 non
1063 1556 1181 1585 inveni-

230 1604 296 1635 tur,
320 1599 377 1627 nisi
401 1599 475 1627 sorte
490 1597 644 1635 legendum
665 1598 702 1625 sit
722 1599 819 1625 sciens
839 1598 983 1635 locorum,
1003 1603 1035 1626 ut
1058 1604 1100 1627 est
1119 1599 1180 1637 lug.

231 1652 256 1670 c.
275 1643 323 1673 85.
350 1641 417 1670 edd.
435 1641 516 1669 Cort.
541 1640 619 1670 Gerl.
636 1640 669 1668 In
692 1640 785 1669 altero
806 1640 865 1669 Sal.
885 1641 1020 1679 exemplo
1036 1641 1106 1671 Cod.
1123 1642 1179 1671 Gu.

230 1682 365 1711 exhibet:
388 1684 523 1711 Bellica
549 1684 720 1719 nesciens,
744 1682 822 1721 quod
845 1683 914 1711 facit
937 1687 1037 1711 contra
1059 1688 1180 1712 senten-

231 1725 303 1753 tiam
326 1725 525 1753 Grammatici.
556 1725 725 1762 Legendum
754 1725 836 1753 Belli·
863 1736 935 1753 sane
958 1727 1068 1763 sciens,
1100 1726 1181 1764 quod

232 1766 328 1805 ipsum
354 1767 549 1804 fragmentum
569 1767 689 1795 affertur
703 1767 779 1796 libro
802 1777 862 1795 non
885 1767 1048 1805 significato
1064 1779 1079 1796 a
1097 1770 1181 1797 Com-

233 1813 396 1837 mentatore
411 1808 578 1845 Cruquiano
596 1809 627 1837 in
646 1809 748 1837 Horat.
773 1810 846 1848 Epp.
867 1810 889 1847 l,
918 1811 965 1842 15.
989 1811 1084 1839 Locus
1102 1811 1182 1849 Virg.

239 1855 282 1878 est
297 1850 366 1880 Aen.
384 1851 451 1887 XII,
470 1852 542 1882 396.
560 1850 609 1879 ubi
626 1855 705 1879 recte
722 1851 844 1889 legitur:
868 1863 1016 1892 usumque
1036 1852 1182 1891 medendi,

238 1892 318 1929 quod
341 1893 438 1931 ipsum
460 1892 659 1921 Grammatico
680 1893 871 1923 reddendum.
893 1911 935 1917 —
956 1894 985 1936 2)
1010 1896 1112 1924 Rebus
1131 1896 1183 1924 ad-

237 1933 302 1962 didi
316 1943 331 1961 e
349 1934 418 1962 cod.
443 1934 499 1962 Gu.
524 1935 589 1966 Ter.
609 1936 691 1963 Ean.
712 1938 739 1966 1.
756 1938 784 1966 2.
799 1938 848 1967 53.
874 1937 906 1967 A.
922 1938 960 1968 Μ.
990 1937 1090 1967 Vidit
1112 1938 1183 1967 cod.

239 1976 295 2004 Gu.
319 1975 408 2014 Apud
427 1977 493 2005 Ter.
522 1982 578 2006 est:
612 1978 724 2006 Forma
749 1977 828 2006 videt
855 1979 979 2008 honesta
1001 1982 1077 2019 virg.
1101 1981 1183 2010 For-

237 2023 314 2046 tasse
334 2017 488 2055 legendum
509 2024 551 2048 est
575 2020 686 2048 Forma
699 2036 741 2042 —
756 2020 925 2058 honestam3
958 2023 1008 2051 sed
1030 2025 1067 2052 cf.
1086 2023 1183 2053 Bentl.

239 2061 276 2089 ad
297 2059 378 2088 hunc
402 2060 509 2089 locum.
541 2079 576 2082 —
600 2064 627 2096 3)
652 2062 726 2090 Male
749 2063 829 2102 apud
856 2063 889 2093 A.
912 2064 950 2092 M.
964 2066 1090 2103 legitur:
1116 2067 1185 2095 Sci-

239 2108 316 2131 ente
342 2108 369 2129 te
381 2103 506 2139 faciam
528 2102 683 2142 quidquid
697 2115 790 2143 egero.
817 2105 883 2135 Ter.
903 2107 1015 2137 Ileazzt.
1035 2108 1064 2139 4.
1085 2110 1113 2140 8.
1132 2111 1182 2141 33.

239 2145 346 2173 omissa
361 2145 496 2173 formula.
525 2161 567 2166 --
595 2147 626 2185 4)
650 2146 705 2174 Hic
726 2147 870 2176 articulus
893 2147 973 2177 deest
996 2150 1025 2177 in
1050 2151 1123 2181 Cod.
1149 2152 1184 2180 A.

239 2187 279 2218 M.
305 2187 415 2215 Locum
437 2188 494 2215 Sal.
518 2187 593 2215 adde
617 2190 677 2216 eius
695 2189 872 2227 fragmentis.
894 2205 936 2211 -—
958 2189 988 2229 5)
1007 2193 1107 2221 Rebus
1130 2194 1184 2223 de-

240 2234 282 2257 cst
304 2229 332 2257 in
357 2229 428 2258 Cod.
448 2230 480 2258 A.
503 2229 541 2257 M.
569 2230 619 2258 Sal
640 2232 723 2258 Iic'st.
748 2234 788 2261 ΙΙ.
807 2235 835 2264 2.
856 2232 888 2259 Α.
909 2231 945 2260 Μ.
974 2233 1118 2270 Fragmm,
1148 2236 1184 2272 ΙΙ,

240 2275 267 2303 7.
286 2271 364 2301 Gerl.
387 2272 441 2299 Pro
463 2272 596 2300 militum
616 2272 686 2302 cod.
705 2273 761 2303 Gu.
785 2274 905 2302 exhibet
926 2275 1063 2305 multum.
1089 2278 1184 2306 Locus

242 2313 292 2352 qui
315 2313 449 2351 sequitur
477 2314 647 2351 fragmentis
671 2315 788 2344 Salustii
816 2325 916 2344 recens
939 2317 1062 2348 accedit.
1086 2334 1125 2340 ——
1156 2320 1184 2358 6)

242 2355 300 2391 Qui
318 2356 374 2384 iam
390 2361 553 2393 sequuntur
569 2356 674 2394 integri
692 2362 833 2395 quattuor
853 2358 971 2386 articuli
985 2359 1090 2388 desunt
1106 2362 1185 2398 apud

243 2400 276 2427 A.
297 2397 334 2427 M.
357 2398 438 2437 Virg.
462 2399 512 2427 Ge.
534 2398 582 2435 IV,
606 2401 676 2431 267.
700 2400 794 2429 Locus
815 2400 936 2429 Salustii
954 2411 1034 2430 nunc
1055 2402 1185 2441 primum

1224 1514 1388 1552 evulgatur.
1413 1528 1454 1536 -—
1474 1511 1504 1554 7)
1521 1515 1582 1543 Ter.
1596 1514 1676 1542 Eun.
1690 1512 1756 1541 Non
1771 1516 1814 1541 est
1829 1512 1979 1549 Eunuchi,
2001 1512 2053 1543 sed
2064 1511 2172 1542 Heaut.

1223 1557 1307 1585 locus
1329 1556 1364 1593 11,
1389 1558 1416 1593 1,
1442 1558 1492 1588 13.
1517 1556 1566 1584 ubi
1585 1555 1654 1583 vide
1679 1555 1853 1584 Bentleium.
1877 1571 1919 1578 -
1947 1559 1973 1591 b)
2000 1555 2088 1594 Apud
2105 1555 2172 1584 Ter.

1224 1599 1297 1628 Eun.
1319 1599 1356 1636 V,
1377 1601 1405 1634 8,
1430 1601 1459 1631 6.
1484 1598 1593 1636 legitur
1618 1599 1684 1626 Scis
1704 1608 1845 1636 sponsam
1871 1598 1956 1627 milii.
1980 1598 2098 1627 Phorm.
2121 1597 2173 1634 IV,

1224 1645 1253 1677 3,
1271 1643 1321 1674 52.
1348 1642 1434 1679 Quae
1457 1651 1569 1680 sponsa
1590 1645 1631 1667 est
1655 1641 1740 1668 milti.
1764 1641 1901 1669 Fortasse
1922 1641 2076 1679 legendum
2093 1640 2174 1679 apud

1226 1684 1471 1712 Grammaticum:
1501 1684 1649 1722 Sponsam
1675 1683 1752 1710 milii
1778 1685 1855 1718 scis,
1888 1683 1920 1711 in
1944 1683 2079 1722 exemplo
2104 1683 2172 1721 qui-

1224 1727 1299 1755 dem.
1322 1742 1364 1748 —-
1388 1725 1418 1766 9)
1436 1726 1515 1764 Virg.
1534 1728 1604 1754 Aen.
1620 1725 1707 1762 VIIII,
1731 1726 1800 1757 581.
1823 1726 1961 1754 Formula
1984 1735 2057 1764 quae
2074 1724 2173 1763 sequi-

1224 1774 1275 1797 tur
1290 1769 1334 1798 sic
1356 1773 1526 1807 comparata
1546 1773 1589 1796 est
1605 1767 1635 1796 in
1658 1768 1726 1796 Cod.
1748 1768 1802 1798 Gu,
1824 1769 1893 1796 Stat
1910 1767 2019 1795 adest
2032 1768 2125 1804 favet
2143 1777 2173 1795 n.

1220 1823 1273 1850 P·‚
1298 1811 1378 1850 quod
1396 1811 1457 1839 sine
1478 1821 1563 1839 mora
1580 1810 1787 1848 corrigendum
1809 1815 1885 1838 erat:
1908 1811 1977 1838 Stat
1992 1811 2051 1838 Ιιαο
2071 1809 2106 1837 id
2131 1814 2174 1837 est

1216 1855 1309 1891 favet
1333 1865 1362 1882 n.
1379 1864 1412 1892 p.
1436 1853 1512 1881 Tum
1541 1853 1572 1881 in
1596 1853 1731 1891 exemplo
1763 1852 1886 1890 legitur:
1919 1851 2035 1891 Iupiter
2058 1851 2173 1889 adstat,

1226 1896 1308 1935 quod
1332 1896 1443 1934 pariter
1463 1895 1544 1924 haud
1572 1899 1747 1924 cunctanter
1776 1895 1902 1923 correxi.
1933 1896 2068 1924 Ceterum
2093 1894 2175 1934 apud

1225 1939 1309 1977 Virg.
1325 1939 1393 1975 XII,
1410 1940 1482 1970 565.
1498 1942 1556 1969 est:
1581 1938 1625 1966 Ne
1642 1948 1702 1976 qua
1717 1939 1789 1965 meis
1804 1943 1863 1965 esto
1885 1936 1976 1965 dictis
1996 1948 2098 1972 mora,·
2122 1936 2174 1965 Iu-

1220 1983 1303 2021 piter
1322 1981 1381 2009 hac
1406 1986 1477 2009 stat.
1511 1997 1553 2002 —
1582 1979 1625 2020 10)
1659 1981 1743 2018 Vt'rg.
1774 1981 1848 2008 Aen.
1874 1978 1950 2008 ῙΠῙ.
1979 1982 2051 2011 634·
2075 1979 2108 2009 Δ.
2131 1979 2174 2009 M·

1230 2041 1266 2045 —
1298 2026 1341 2060 11)
1358 2024 1438 2052 Haec
1457 2023 1585 2052 formula
1609 2033 1673 2051 cum
1698 2023 1833 2061 exemplo
1862 2032 1914 2050 suo
1937 2022 2019 2051 deest
2038 2022 2118 2060 apud
2138 2022 2174 2052 A.

1226 2066 1265 2095 M.
1284 2066 1340 2094 Pro
1354 2065 1467 2095 verbis:
1492 2065 1696 2104 pulcherrima
1709 2066 1781 2093 nisu
1797 2066 1885 2093 Sistit
1906 2065 1936 2093 in
1952 2064 2023 2093 cod.
2042 2065 2098 2092 Gu.
2116 2068 2172 2092 est:

1221 2109 1424 2148 pulcherrimi
1441 2110 1573 2143 insistit,
1597 2107 1676 2146 quod
1701 2118 1758 2136 non
1784 2107 1918 2135 dubitavi
1940 2107 2094 2144 corrigere.
2119 2106 2174 2134 Lo-

1227 2161 1279 2180 cus
1301 2157 1343 2180 est
1368 2152 1439 2180 Aen.
1458 2151 1510 2186 ΧΙ,
1533 2153 1605 2182 853.
1625 2167 1667 2173 --
1697 2150 1740 2189 19)
1765 2149 1845 2177 lde-m
1861 2150 1923 2178 Ecl.
1945 2149 1996 2180 Vl.
2014 2151 2063 2180 20.
2080 2148 2113 2176 Δ.
2132 2148 2171 2176 Μ.

1226 2194 1316 2222 Notat
1335 2194 1370 2221 ad
1393 2193 1474 2221 hunc
1492 2193 1609 2221 demum
1632 2192 1729 2220 locuni
1747 2193 1779 2220 A.
1789 2193 1828 2221 M.
1847 2192 1877 2220 in
1898 2192 2004 2220 Codice
2022 2200 2076 2219 suo
2094 2200 2173 2219 sem-

1226 2246 1279 2275 per
1299 2236 1414 2264 laudm-i
1436 2235 1550 2274 Virgilii
1568 2235 1715 2271 Bucolica,
1731 2235 1781 2263 sed
1796 2235 1852 2263 sibi
1867 2233 2049 2262 commodius
2066 2233 2172 2270 visum,

1228 2279 1321 2307 citare
1347 2279 1478 2316 Eclogas.
1504 2279 1543 2307 Ea
1563 2287 1623 2305 non
1645 2282 1688 2306 est
1711 2277 1797 2313 fides,
1822 2286 1896 2315 quae
1922 2277 2005 2306 decet
2024 2275 2174 2303 Editorem

1227 2320 1401 2360 principem.
1423 2337 1465 2342 —
1488 2322 1530 2358 13)
1555 2320 1639 2348 Deest
1658 2319 1707 2348 hie
1724 2319 1866 2348 articulus
1879 2319 1957 2357 apud
1978 2318 2009 2345 A.
2023 2317 2062 2345 Μ.
2079 2317 2176 2346 Locus

1228 2367 1270 2390 est
1292 2363 1371 2400 Virg.
1388 2363 1448 2391 Ecl.
1469 2362 1520 2399 IX,
1542 2365 1592 2394 21.
1615 2378 1656 2384 —
1681 2362 1726 2398 14)
1750 2361 1894 2399 Subligat
1918 2360 1982 2395 illi,
2006 2369 2062 2388 om.
2074 2361 2172 2397 parti,

1229 2404 1301 2435 Cod.
1321 2405 1358 2435 A.
1381 2405 1418 2436 M.
1440 2405 1520 2434 Idem
1543 2406 1616 2434 Aen.
1639 2405 1715 2441 VIII,
1738 2404 1808 2436 549.
1832 2405 1864 2433 A.
1887 2402 1924 2431 M.
1950 2402 2079 2440 Tegeum
2101 2402 2172 2432 Cod.
