2263 2668
178 172 181 176 ”
222 174 297 209 328
649 164 997 203 COMMENTARII
1022 165 1070 198 ΙΝ
1097 165 1241 200 PAULI
1267 166 1464 201 DIACONI
1489 167 1743 201 EXCERPTA

222 269 318 307 (21.):
353 262 456 295 Multa
484 260 546 290 alia
573 259 723 300 sacn'ficia
748 256 872 297 locaque
893 257 987 287 sacris
997 256 1170 299 faciendis,
1214 271 1288 300 quae
1308 259 1425 300 Argeos
1444 261 1598 301 poniffices
1617 268 1741 296 vocant,
1777 259 1877 290 Numa
1900 261 2056 295 dedicavit.
2101 266 2175 295 Vide

222 310 311 339 ovid.
332 308 363 337 in
384 307 460 335 Fast.
483 302 552 342 (ΙΙΙ,
575 302 677 340 791.):

794 341 861 371 Itur
881 340 923 370 ad
940 341 1073 381 Argeos,
1106 345 1158 383 qui
1179 345 1236 373 sint
1258 356 1310 373 sua
1330 345 1443 384 pagina
1466 343 1552 374 dicet.

222 395 376 432 Perperam
397 389 451 417 hos
473 387 583 425 Argeos
606 385 764 415 confundit
784 385 948 413 Beroaldus
972 394 1038 413 cum
1061 386 1181 423 Argeis,
1212 386 1366 415 hominum
1390 387 1571 423 simulacris,
1599 387 1636 415 de
1659 387 1766 425 quibus
1789 397 1888 426 supra.
1932 388 2023 420 Dae,

380 431 615 470 Asparagus.
653 429 758 458 Melius
782 428 876 456 Varro
900 428 937 456 de
959 427 991 456 L.
1012 428 1041 455 L.
1063 428 1112 456 IV.
1136 430 1193 467 (V,
1216 441 1244 468 p.
1262 432 1331 460 107.
1356 431 1421 468 Sp.)
1445 429 1600 468 Asparagi
1622 428 1702 469 quod
1724 440 1764 458 ex
1786 431 1895 469 asper-is
1917 431 2051 470 virgultis
2073 433 2171 473 legun.

221 486 279 513 tur,
313 483 338 504 et
359 474 416 513 ipsi
435 473 517 512 scapi
539 472 635 511 asperi
654 478 737 507 sunt,
772 481 830 499 non
853 469 943 506 leves,
978 470 1036 498 nisi
1060 469 1213 500 Graecum.
1258 470 1325 500 Illis
1347 483 1461 511 quoque
1483 473 1556 500 enim
1580 470 1691 500 dicitur
1713 469 1897 513 ἆσπάραγος.
1942 475 2000 502 Sed
2024 480 2052 503 et
2073 473 2173 506 ἀσπά-

219 529 312 559 ραγον
333 515 500 553 Hesychius
529 516 757 553 interpretatur:
794 511 828 543 τὸ
857 514 888 543 ἐκ
915 515 974 542 τῶν
1002 508 1149 543 ἀκανθῶν
1177 510 1330 552 φυόμενον
1353 511 1453 554 τραχύ.
1484 512 1558 553 (Ubi
1581 514 1648 542 vide
1672 514 1817 554 interpp.‚
1853 525 1979 553 quorum
2002 517 2095 555 aliqui
2117 529 2171 557 pro

218 559 307 601 τραχύ
329 558 486 596 legendum
509 557 634 585 suadent
656 553 800 595 βλαστόν,
824 555 887 584 sive
910 552 1086 594 βλάστημα.)
1114 555 1201 586 Dac.

380 598 595 629 Assidelae.
642 600 683 627 De
711 599 748 627 iis
776 597 850 626 nihil
880 597 959 636 apud
983 597 1055 626 alios
1078 599 1238 638 scriptores
1262 599 1366 636 legisse
1388 609 1435 627 me
1459 598 1587 627 memini.
1631 598 1720 636 Apud
1743 599 1888 627 Isidorum
1911 605 2026 629 tanturn
2047 601 2172 639 legitur:

218 643 360 679 Adada,
382 641 455 671 sella
479 640 670 682 quadriiugis.
703 641 739 670 Et
761 640 862 669 eadem
885 641 1023 676 fortasse,
1047 651 1123 678 quae
1146 640 1297 679 adsidela,·
1321 646 1355 670 ut
1371 640 1475 677 turba,
1499 639 1619 669 turbela.
1642 641 1730 671 Dae.
1765 642 1813 670 Sic
1829 653 1844 669 a
1862 641 1997 671 custodia
2014 642 2172 674 custodela.

381 684 538 724 Anceps.
573 683 663 719 Quod
686 694 723 712 ex
746 689 872 721 utraque
888 689 973 721 parte
991 687 1081 721 caput
1097 683 1198 720 habet,
1224 689 1254 712 ut
1269 684 1389 713 securis.
1420 684 1554 722 Respicit
1568 684 1666 712 locum
1684 684 1778 713 Plauti
1795 684 1944 716 Menaech.
1955 685 1992 722 V,
2014 688 2042 717 2.
2062 686 2172 726 (105.):

586 725 708 755 Faciam
733 725 812 766 quod
834 725 933 763 iubes;
961 726 1083 754 securim
1106 727 1223 766 capiam
1245 727 1401 765 ancipitem
1425 733 1512 766 atque
1533 725 1610 754 hunc
1632 738 1726 755 senem

589 767 765 807 Exossabo,
796 767 860 796 dein
885 767 1030 797 dedolabo
1053 767 1204 797 assulatim
1226 769 1347 797 viscera.

218 816 276 842 Pro
301 822 408 851 anceps
432 812 544 840 dictum
569 811 625 840 suit
648 812 781 850 ancipes,
805 810 888 849 quasi
911 821 1053 849 ancupes,
1079 816 1111 839 ut
1131 821 1272 850 concapes
1288 813 1320 839 in
1338 812 1392 849 leg.
1407 811 1472 839 XII.
1488 811 1566 839 tabb.
1601 811 1689 846 Quod
1707 812 1815 850 probat
1830 823 1846 841 a
1862 812 1957 851 capite
1974 812 2073 850 potius
2090 813 2170 849 oriri,

217 866 302 895 quam
325 866 341 884 a
365 855 529 894 capiendo,
553 859 658 883 contra
680 854 759 882 Festi
781 853 967 882 sententiam.
1003 853 1079 881 Hinc
1096 854 1191 882 Gloss.
1215 865 1351 893 anceps
1377 854 1546 889 δικέφαλος.
1575 853 1664 883 Dae.
1705 853 1864 894 Captatur,
1888 855 2034 894 capiatur.
2068 852 2171 884 Goth.

379 898 518 927 Ancus.
565 897 624 932 Qui
642 897 744 924 Latine
764 896 886 932 Ancus,
910 896 934 924 is
957 907 971 924 a
998 896 1118 924 Graecis
1141 893 1316 935 γαλιαγκών.
1353 897 1488 926 Meminit
1511 901 1539 924 et
1564 897 1761 925 Glossarium:
1786 896 1907 934 Ancus,
1931 897 2079 934 Mamas,
2101 900 2170 928 κυλ-

214 941 281 977 λὸς,
303 939 419 980 λορδός.
453 938 553 968 Scal.
598 938 668 967 Inde
690 939 791 967 Ancus
814 939 938 967 Martius
959 948 1012 966 rex
1037 939 1144 967 dictus.
1189 938 1277 967 Dae.

378 980 573 1012 Ancillae.
618 983 711 1018 Sane,
738 982 806 1018 quia
830 981 958 1019 primum
981 980 1078 1009 dictae
1099 979 1246 1011 Anculae.
1290 981 1473 1019 Argumento
1497 981 1542 1009 Dii
1564 981 1626 1018 illi,
1653 981 1760 1020 quibus
1782 992 1891 1010 nomen
1913 980 2029 1012 Anculi
2051 987 2079 1011 et
2100 982 2171 1011 An-

216 1026 314 1061 culae,
338 1031 478 1063 tanquam
500 1024 625 1053 ministri
649 1025 778 1062 quidam.
802 1022 902 1054 Scal.
938 1024 963 1051 A
988 1023 1101 1052 Giaeco
1126 1021 1262 1062 ἅγγελος,
1285 1025 1416 1052 minister
1437 1029 1553 1052 veteres
1576 1024 1674 1052 Latini
1696 1025 1792 1053 secere
1814 1023 1956 1063 angulus,
1979 1023 2114 1059 αηουῖιιε,
2139 1030 2171 1054 ut

215 1081 231 1098 a
256 1066 378 1104 Σικελὸς
402 1065 527 1097 Siculus.
573 1067 668 1095 Gloss⁴
692 1066 814 1095 Isidori:
841 1064 994 1102 Anculus,
1017 1064 1216 1094 ministerialis
1239 1065 1342 1095 domus
1365 1067 1467 1105 regiae.
1512 1066 1584 1095 Inde
1606 1065 1755 1103 annulari,
1779 1067 1947 1096 ministrare
1970 1071 1999 1095 et
2021 1065 2170 1104 ancillari,

215 1112 398 1141 diminutive.
432 1109 514 1138 Unde
536 1108 660 1138 ancilla.
685 1110 772 1138 Dac.
803 1107 856 1136 Dii
877 1116 902 1136 et
922 1108 1000 1136 Deae
1020 1107 1136 1137 Anculi
1158 1115 1183 1136 et
1205 1107 1353 1137 Anculae.
1384 1109 1410 1137 Ii
1433 1109 1516 1147 quasi
1540 1109 1724 1147 reliquorum
1748 1110 1869 1138 deorum
1892 1109 2034 1145 ministri,
2056 1109 2091 1137 ab
2115 1120 2170 1138 an-

215 1154 313 1185 culare
335 1153 420 1188 dicti,
452 1152 532 1190 quod
556 1156 599 1180 est
622 1152 798 1180 ministrare.
832 1148 935 1180 Goth.
982 1151 1136 1179 Descendit
1157 1150 1283 1179 sortasse
1307 1162 1321 1179 a
1345 1153 1493 1180 Sanscrna
1516 1152 1616 1180 radice
1639 1151 1757 1188 musali,
1796 1162 1871 1190 quae
1894 1151 2039 1190 significat
2061 1151 2169 1189 colere,

213 1196 366 1232 venerari,
403 1195 483 1223 unde
507 1195 660 1224 derivatur
681 1192 845 1229 antsch‘ila,
881 1203 983 1231 propr.
1005 1193 1173 1230 veneratio,
1213 1193 1319 1222 deinde
1342 1204 1483 1223 manuum
1505 1194 1669 1233 implicatio
1692 1195 1729 1223 ad
1752 1195 1965 1224 venerandum.
2008 1194 2071 1223 Nisi
2092 1195 2169 1223 sorte

213 1238 340 1270 Ancilla
362 1238 398 1267 ab
421 1249 468 1266 am
493 1248 592 1276 praep.
616 1242 646 1266 et
669 1235 785 1273 cellere,
829 1235 967 1264 celeriter
989 1246 1125 1273 movere,
1167 1236 1394 1272 deducendum,
1428 1238 1589 1276 eademque
1611 1238 1727 1266 ratione
1750 1237 1881 1274 dicatur,
1919 1237 2167 1276 quemadmodum

214 1284 358 1312 Graecum
381 1278 560 1319 ἀμφίπολος.

377 1323 567 1352 Ancaesa.
612 1323 704 1359 Quasi
725 1323 830 1352 incisa.
860 1338 903 1343 —
934 1320 1073 1361 Caelata;
1103 1323 1205 1352 celata.
1246 1323 1284 1351 Ut
1305 1328 1332 1351 et
1353 1323 1383 1351 in
1407 1322 1425 1351 l.
1449 1333 1515 1351 cum
1539 1333 1645 1351 aurum
1670 1325 1717 1355 19.
1738 1325 1761 1361 §.
1781 1323 1897 1352 Insecti.
1920 1332 1995 1352 vers.
2021 1332 2058 1351 an
2081 1322 2167 1352 celati

214 1367 243 1395 ff.
266 1367 301 1396 de
324 1376 406 1395 auro.
433 1364 560 1395 Caelare.
590 1366 666 1395 Hinc
689 1366 835 1394 caelatura
858 1365 889 1393 in
910 1365 929 1393 l.
945 1367 993 1396 13.
1008 1366 1037 1395 ss‘.
1063 1366 1099 1394 de
1122 1366 1208 1394 cond.
1233 1365 1304 1394 surt.
1354 1364 1458 1394 Goth.

376 1409 567 1438 Aer-osam.
611 1409 650 1437 Ut
678 1418 779 1437 aerosa
798 1409 932 1446 Cyprus,
966 1408 1008 1435 sic
1031 1418 1134 1436 aerosa
1160 1409 1287 1446 pecunia
1310 1408 1340 1435 in
1362 1408 1381 1436 l.
1396 1407 1510 1438 102.ff.
1534 1407 1570 1436 de
1593 1406 1806 1442 solutionibus3
1840 1407 1890 1435 ubi
1914 1406 1986 1437 dixi.
2030 1407 2114 1436 Unde
2137 1412 2167 1437 et

214 1452 327 1481 Glossis
349 1449 512 1490 ἶκτερικὸς,
536 1451 738 1489 auriginosus,
765 1451 800 1479 ab
823 1451 888 1478 auri
911 1450 1026 1485 colore3
1056 1456 1085 1480 et
1107 1461 1245 1485 aurosus,
1269 1448 1466 1490 πολύχρυσος.
1497 1448 1601 1479 Goth.
1637 1450 1680 1478 Cs.
1701 1449 1861 1478 Forcellini
1884 1449 1954 1478 Lex.
1977 1459 2006 1480 v.
2023 1449 2165 1479 Aerosus.

377 1493 527 1523 Aenesi.
575 1494 640 1529 Qua
671 1493 804 1530 analogia
828 1492 885 1521 hoc
908 1493 1090 1521 vocabulum
1115 1503 1275 1531 procusum
1299 1493 1351 1527 sit,
1391 1492 1488 1521 dicere
1511 1503 1570 1520 non
1594 1492 1705 1529 habeo,
1741 1502 1838 1530 neque
1861 1492 2019 1530 quicquam
2043 1492 2166 1522 adnota-

212 1542 322 1566 verunt
345 1537 381 1565 ad
404 1536 433 1564 h.
452 1536 470 1564 l.
494 1537 680 1575 interpretes.
724 1537 862 1564 Fortasse
886 1545 957 1563 vera
980 1535 1155 1572 significatio
1178 1536 1266 1573 longe
1290 1540 1333 1563 est
1356 1535 1430 1570 alia,
1464 1544 1552 1572 quam
1575 1545 1650 1572 quae
1672 1534 1780 1563 tradita
1804 1539 1847 1563 est
1868 1545 1884 1562 a
1906 1535 2020 1564 Paullo.

378 1578 601 1608 Aenaiores.
640 1580 751 1606 Romae
776 1583 802 1606 et
825 1578 857 1606 in
882 1578 986 1606 castris
1008 1578 1095 1615 longe
1118 1577 1336 1606 diversissimus
1359 1577 1447 1605 tubae
1470 1582 1499 1605 et
1521 1587 1615 1605 cornu
1637 1587 1726 1613 usus,
1748 1577 1796 1605 vel
1819 1581 2007 1605 aeneatorum
2030 1578 2079 1606 vel
2101 1588 2168 1607 cor-

214 1623 355 1651 nicinum.
401 1622 509 1649 Romae
534 1626 703 1650 aeneatores
725 1621 849 1649 Comitia
868 1620 991 1648 Tributa
1015 1621 1235 1654 convocabant,
1279 1620 1444 1648 cornicines
1467 1619 1639 1648 centuriata.
1683 1619 1716 1646 ln
1740 1619 1843 1647 eastris
1866 1619 1904 1646 ad
1926 1619 2086 1649 tubicinem
2108 1621 2166 1649 mi·-

213 1665 279 1693 lites
301 1669 418 1693 tantum
441 1664 654 1701 movebantur,
692 1663 728 1691 ad
750 1660 934 1692 ‘cornicinem
957 1663 1043 1690 etiam
1067 1662 1157 1699 signa.
1202 1663 1240 1691 Et
1263 1673 1329 1690 cum
1352 1662 1382 1690 in
1406 1662 1528 1690 militem
1556 1660 1845 1690 animadvertebatur
1869 1666 1953 1690 extra
1975 1667 2092 1701 portam
2114 1663 2166 1691 de-

215 1717 384 1742 cumanam;
414 1711 448 1734 ut
471 1711 499 1734 et
521 1707 645 1743 Romae,
674 1706 823 1735 exercitus
845 1715 896 1733 seu
921 1705 1041 1733 comitia
1062 1705 1228 1734 Centuriam
1253 1705 1511 1740 convocabantur,
1542 1714 1607 1732 cum
1631 1704 1660 1732 in
1683 1709 1774 1743 caput
1796 1703 1871 1732 civis
1886 1705 2012 1732 Romani
2035 1705 2168 1734 animad-

215 1749 403 1785 vertebatur,
439 1748 701 1787 deducebaturque
730 1759 799 1777 reus
827 1759 880 1787 per
904 1748 1093 1786 Exquilinam
1124 1753 1249 1786 portam.
1297 1748 1378 1776 Unde
1410 1747 1567 1775 classicum
1596 1746 1726 1783 dictum,
1766 1747 1847 1784 quod
1870 1747 1987 1775 nonnisi
2010 1747 2116 1776 classes
2140 1753 2168 1777 et

216 1792 363 1820 exercitus
386 1801 439 1829 per
463 1801 556 1820 cornu
581 1796 787 1822 evocarentur.
829 1791 1027 1819 Glossarium:
1057 1788 1244 1826 Classicarii,
1270 1791 1435 1821 σαλπισταί.
1470 1790 1547 1827 Ergo
1570 1794 1738 1817 aeneatores
1761 1793 1849 1818 vocat
1871 1789 2051 1826 cornicines,
2076 1790 2167 1829 quod,

217 1839 250 1861 ut
270 1834 308 1862 ait
330 1834 422 1862 Varro
447 1844 483 1863 ex
506 1845 572 1863 aere
595 1835 657 1863 lieri
681 1839 803 1873 coepta,
830 1843 904 1871 quae
928 1838 1013 1862 antea
1038 1843 1075 1861 ex
1098 1843 1191 1861 cornu
1215 1833 1358 1861 animalis.
1404 1833 1510 1861 Graeci
1532 1837 1592 1860 tam
1616 1832 1798 1867 cornicines,
1823 1842 1910 1870 quam
1932 1837 2084 1861 aenatores
2106 1843 2166 1861 uno

219 1876 343 1911 generali
364 1877 482 1905 nomine
504 1883 613 1905 vocant
635 1875 812 1912 σαλπιστάς,
838 1876 934 1904 Latini
957 1876 1172 1904 buccinatores
1197 1874 1298 1905 Scal.
1343 1875 1523 1909 Aena101·es;
1546 1885 1601 1913 pro
1626 1879 1814 1909 aeneatores3
1845 1874 1881 1902 ab
1905 1885 1971 1903 aere
1993 1875 2070 1904 enim
2091 1876 2168 1904 aeri-

220 1928 302 1951 neus,
339 1928 391 1956 per
415 1929 566 1957 syncopen
591 1931 710 1952 aenens,
751 1930 857 1955 aenus,
894 1924 923 1947 et
945 1920 1042 1948 arnus.
1096 1918 1255 1946 Aenatores
1280 1918 1468 1953 Cornicines,
1507 1917 1606 1955 quod,
1642 1922 1676 1945 ut
1704 1917 1744 1946 ait
1767 1917 1861 1945 Varro
1885 1916 1935 1945 lib.
1949 1917 1995 1947 IV.
2020 1917 2056 1946 de
2077 1918 2110 1946 L.
2134 1918 2165 1949 L.

221 1958 273 1993 (V,
296 1961 420 1996 p-122.)
443 1972 474 1989 ea
498 1974 571 2001 quae
592 1973 670 1991 nunc
692 1969 758 1990 sunt
780 1972 820 1990 ea:
843 1972 923 1996 aere,
948 1968 1017 1989 tunc
1030 1959 1147 2000 fiebant
1170 1972 1210 1989 ex
1234 1959 1341 1989 bubulo
1365 1971 1464 1989 cornu.
1503 1960 1610 1988 Verum
1633 1963 1701 1998 post
1724 1959 1862 1988 tubarum
1883 1959 2082 1989 inventionem
2105 1961 2167 1988 Ro-

221 2010 283 2028 mae
306 2005 334 2028 et
355 2001 383 2028 in
407 2003 507 2031 castris
530 2005 666 2033 diversus
688 2009 877 2032 aeneatorum
901 2009 989 2041 atque
1011 2003 1195 2031 cornicinum
1220 2013 1299 2032 usus.
1320 2003 1407 2032 Dae.
1437 2002 1533 2030 Gloss.
1556 2002 1717 2032 σαλπικταί.
1742 2003 2034 2041 κυμβαλοκρουσταί,
2061 2001 2165 2033 Goth.

383 2043 595 2074 Aenariam.
640 2046 816 2085 Campaniae
844 2046 939 2074 littori
962 2046 1106 2074 obiectam
1129 2046 1274 2081 insulam,
1311 2045 1347 2074 ab
1371 2045 1484 2073 Aeneae
1508 2045 1631 2074 statione
1653 2045 1696 2072 sic
1718 2044 1837 2073 dictam.
1875 2045 2016 2082 Pham,
2039 2047 2073 2078 6,
2101 2048 2165 2077 12.:

221 2083 355 2112 Aenaria
377 2083 414 2111 ab
436 2088 558 2115 statione
580 2089 694 2116 navium
713 2089 846 2123 Aeneae,
870 2087 1002 2117 Homero
1021 2085 1193 2127 Ἰναρίμη
1217 2087 1314 2123 dicta,
1341 2086 1461 2116 Graecis
1480 2086 1654 2124 Pithecusa,
1676 2098 1734 2115 non
1757 2098 1776 2114 a.
1798 2088 1947 2116 simiarum
1970 2086 2165 2124 multitudine,

222 2133 252 2154 ιιι
274 2124 367 2165 aliqui
388 2126 602 2165 existimavere,
629 2130 678 2158 scil
702 2130 852 2171 afiglinis
876 2129 1079 2159 doliariorum.
1122 2131 1179 2159 Sed
1201 2130 1273 2160 haec
1297 2129 1494 2169 perubsurda,
1518 2140 1614 2168 neque
1638 2129 1715 2158 enim
1737 2129 1884 2158 Homerus
1905 2130 2054 2158 Inarimen
2076 2129 2164 2166 dixit,

221 2168 293 2196 licet
315 2168 355 2196 ita
377 2167 532 2204 Virgilius,
555 2171 678 2200 Ovidius
701 2178 728 2201 et
751 2174 800 2201 alii
825 2174 935 2211 quique
957 2174 1113 2201 inferiores
1134 2178 1258 2212 poetae,
1288 2173 1339 2202 sed
1364 2172 1520 2201 disiunctis
1542 2172 1666 2201 vocibus
1690 2173 1734 2202 εἶν
1751 2169 1901 2211 Ἀρίμοις.
1947 2173 1983 2201 Et
2006 2172 2041 2201 ab
2065 2171 2163 2201 Aenea

223 2220 282 2239 non
305 2209 455 2238 diceretur
476 2210 623 2250 Aenaria,
653 2215 704 2242 scd
726 2215 890 2251 Aenearia,
920 2216 967 2243 vel
989 2216 1089 2254 potius
1109 2216 1239 2250 Aeneia,
1271 2220 1300 2244 et
1322 2226 1337 2243 a
1360 2215 1448 2245 doliis
1471 2214 1604 2244 Pithusa.
1649 2215 1687 2243 At
1709 2225 1724 2242 a
1747 2215 1840 2243 simiis
1863 2220 1907 2244 est
1928 2213 2099 2251 Pithecusa,
2128 2217 2162 2242 ut

223 2253 253 2281 5¹¹
275 2252 372 2280 Africa
395 2250 565 2287 Pithecusa,
591 2255 626 2282 de
651 2256 756 2292 quibus
780 2258 929 2286 Diodorus
950 2258 1002 2288 lib.
1015 2259 1050 2286 II.
1095 2259 1144 2286 Sic
1166 2257 1243 2286 hanc
1265 2258 1392 2287 insulam
1414 2257 1598 2286 Pithecusam
1622 2269 1637 2285 a
1661 2257 1838 2296 Cercopibus
1860 2257 1919 2286 clici
1942 2257 2049 2285 volunt
2067 2256 2099 2285 in
2119 2255 2161 2283 si-

224 2295 298 2323 mias
319 2305 334 2322 a
354 2295 424 2322 Iove
447 2295 566 2322 mutatis
590 2301 616 2322 et
640 2297 776 2336 deinceps
806 2300 857 2328 illo
885 2300 1043 2330 translatis.
1088 2301 1161 2329 Vide
1185 2302 1327 2340 Cercopa.
1373 2300 1452 2336 Quin
1483 2305 1512 2328 et
1534 2300 1678 2329 Aenariae
1708 2299 1758 2329 vel
1778 2300 1902 2329 Enariae
1929 2300 2028 2338 potius
2054 2307 2161 2326 nomeu

226 2337 328 2366 eodem
350 2337 441 2365 refert
462 2337 581 2365 Servius
604 2338 740 2367 lib.V11[.
762 2342 880 2371 Aeneid.
921 2341 1049 2370 Inarime
1078 2354 1154 2372 nnnc
1174 2342 1287 2372 Enaria
1317 2341 1426 2372 dicitur·
1454 2349 1494 2377 et,
1531 2343 1602 2383 quia
1629 2343 1660 2371 in
1688 2353 1751 2371 eam
1774 2340 1817 2370 ad
1837 2340 2040 2372 contumeliam
2060 2339 2161 2368 simiae

226 2380 331 2407 mis-⁹1²⁰
351 2385 431 2414 ΝΜ,
462 2390 535 2418 qua-⁹
561 2377 736 2408 Graecorum
759 2380 860 2420 lingua
883 2380 1047 2421 ἆῤῥῖνας
1063 2384 1095 2413 id
1115 2392 1156 2414 est
1178 2397 1309 2414 enar-es
1333 2384 1449 2421 dicunt,
1481 2383 1516 2413 ob
1540 2396 1628 2425 quam
1651 2395 1772 2414 causam
1793 2383 1978 2414 Pithecusam
2000 2382 2086 2410 etiam
2108 2392 2159 2410 vo-

228 2422 330 2450 citant.
370 2421 480 2459 Nempe
509 2426 541 2449 ut
570 2422 670 2450 simius
698 2422 809 2450 dicitur
838 2426 906 2462 quia
928 2427 1018 2454 simus
1041 2432 1100 2461 est3
1137 2428 1177 2456 itu
1199 2427 1307 2457 Enaris
1329 2428 1398 2466 quia
1420 2428 1481 2456 sine
1502 2427 1630 2456 naribus.
1672 2427 1777 2456 Enaris
1799 2431 1834 2455 ut
1854 2424 1989 2460 elumbis,
2025 2421 2157 2462 elinguis.
