2263 2668
242 130 317 165 174
421 124 648 163 EUTYCHn
674 123 737 157 DE
763 116 1107 155 DISCERNENDIS
1134 118 1578 155 CONIUGATIOMBUS
1611 119 1700 153 Lm.
1727 120 1753 153 1.
1788 120 1931 158 SEGM.
1955 123 2013 158 ιν.

247 226 422 270 fugerunt,
457 232 544 265 quae
566 229 665 253 unam
695 216 729 248 in
751 224 811 248 sco
839 212 1122 257 terminationem,
1154 217 1224 248 tam
1244 214 1278 247 in
1296 211 1307 231 ¹
1347 213 1551 256 derivativis,
1586 225 1672 258 quae
1703 214 1833 247 formae
1865 220 1938 249 sunt
1964 216 2191 256 inchoativae,

249 288 351 322 quam
373 273 564 320 primitivis,
590 279 675 312 quae
698 267 828 300 formae
844 268 919 298 sunt
939 264 1127 309 perfectae,
1154 266 1224 299 sola
1253 265 1417 311 possidet3
1443 265 1612 309 semelque
1628 263 1641 283 ²
1674 265 1743 299 hoc
1763 267 1963 310 generaliter
1985 273 2034 301 est
2055 267 2189 315 [2167]

250 326 512 363 observandum,
539 320 632 364 quod
652 319 686 351 in
708 318 741 351 io
766 328 824 350 seu
842 317 876 350 in
900 316 953 349 ior
977 316 1157 349 desinentia
1181 318 1299 359 verba,
1326 317 1381 350 vel
1405 317 1533 361 primae
1561 320 1652 357 sunt,
1685 328 1763 351 cum
1788 314 1874 350 sint3
1909 323 2035 353 tantum
2057 320 2191 353 deriva-

250 382 333 419 tiva,
366 377 424 411 sed
455 371 682 407 observatione
713 369 844 413 primae
871 368 1114 412 coniugationis
1143 369 1303 409 carentia3
1347 372 1584 402 consonantem
1613 379 1692 401 vero
1731 374 1806 402 ante
1836 380 1856 402 ο
1884 370 1939 403 vel
1968 382 2008 404 or
2034 370 2192 404 habentia

251 432 368 470 verba,
404 427 513 471 prima
536 422 672 467 quidem
693 419 884 465 coniugatio
911 420 1071 461 vindicat,
1099 421 1247 463 quamvis
1263 417 1275 437 ‘¹
1311 420 1511 464 plerumque
1535 419 1681 453 derivata
1696 416 1731 460 ⁵,
1758 426 1869 453 tamen
1897 421 2002 455 habet
2027 422 2193 455 interdum

253 489 285 517 et
307 479 481 525 primitiva.
533 474 647 508 Tertia
670 483 770 514 vero,
806 473 932 514 absque
964 472 998 503 in
1024 482 1083 504 sco
1114 471 1334 505 desinentibus
1366 471 1559 504 inchoativis
1592 475 1624 503 et
1655 472 1902 513 communibus,
1934 473 1989 506 vel
2016 473 2193 517 deponen-

253 534 339 566 tibus
361 531 395 562 in
423 537 503 562 scor
526 525 763 563 desinentibus;
793 523 827 556 in
850 523 969 566 quibus
995 523 1072 555 solis
1096 523 1379 556 terminationibus
1405 523 1507 555 habet
1533 521 1711 556 derivativa
1732 520 1754 558 ⁶.
1807 524 1846 556 In
1874 525 2026 558 omnibus
2059 525 2194 568 reliquis

253 581 466 617 finalitatibus
487 590 553 612 non
576 577 674 611 facile
698 574 898 615 derivativa,
925 573 984 607 sed
1007 574 1171 618 primitiva
1191 579 1317 608 tantum
1340 575 1443 607 verba
1467 573 1593 606 habere
1616 575 1788 618 reperitur.
1841 575 1911 609 Sed
1931 576 2009 620 quia
2027 575 2062 608 in
2085 575 2194 609 omni-

254 637 316 669 bus
338 634 404 666 iam
424 636 499 665 ante
520 629 615 663 dictis
637 631 711 661 sunt
731 632 799 660 tam
823 626 1007 671 primitiva,
1036 625 1079 658 de
1100 626 1217 669 quibus
1244 625 1372 669 aliquid
1393 630 1504 670 potest
1531 626 1696 669 ignorari,
1723 638 1825 670 quam
1854 627 2034 661 derivativa
2049 623 2080 667 ¹¹,
2105 637 2195 671 quo-

256 697 330 720 rum
353 684 456 718 dubia
479 686 527 714 est
554 679 748 725 originatio3
774 690 815 712 ne
839 674 946 722 quida
970 681 1070 710 restet
1101 678 1267 722 ambigui,
1301 678 1413 721 placet
1445 677 1543 709 etiam
1574 677 1761 721 specialiter
1790 678 1935 723 singulas
1962 683 2032 712 ter·
2060 676 2193 724 [2168]

255 737 448 771 minationes
473 727 677 766 verborum⁰
705 729 850 765 scrutari.
903 729 1072 770 Quoniam
1094 734 1204 762 autem
1219 725 1242 745 ¹⁰
1268 729 1311 761 de
1337 728 1446 762 verbis
1472 728 1505 760 in
1533 738 1572 760 eo
1603 729 1658 761 vel
1686 730 1720 761 in
1748 740 1824 770 eor,
1858 730 1891 763 in
1921 731 1953 763 io
1980 730 2035 763 vel
2067 731 2102 762 in
2130 730 2195 769 ior,

258 790 290 823 in
323 799 367 822 uo
398 786 453 819 vel
481 785 513 817 in
536 794 600 817 uor
620 779 655 825 ¹¹,
682 781 904 816 desinentibus
939 781 1006 813 iam
1038 785 1113 813 ante
1149 780 1246 815 dictis
1276 780 1376 821 nihil,
1404 784 1440 813 ut
1472 779 1610 824 opinor,
1637 779 1718 812 addi
1746 785 1875 824 potest,
1908 782 1969 814 nisi
1998 781 2069 814 hoc
2101 780 2196 825 quod

258 852 321 875 nec
343 836 498 877 secunda,
521 847 608 880 quae
628 846 760 878 semper
780 834 814 866 in
830 844 869 866 eo
897 831 1024 872 desinit,
1050 832 1190 865 verbum
1215 836 1327 876 potest
1341 828 1365 848 ¹²
1380 831 1508 864 habere
1530 831 1763 875 dissyllabum,
1784 832 1909 876 absque
1935 844 2015 875 neo,
2042 843 2112 874 nes,
2137 835 2198 865 ‘net

260 897 292 926 et
316 890 405 938 fleo,
427 887 515 934 fles,
537 886 610 933 flet
631 886 754 927 verbis,
783 884 877 929 quod
905 884 982 917 nevi
1012 887 1044 915 et
1060 883 1153 930 flevi
1180 884 1331 917 fecerunt
1345 879 1368 900 ¹³
1393 883 1427 915 in
1453 883 1651 927 praeter-itm
1683 882 1772 916 unde
1801 887 1833 916 et
1865 883 1946 925 beo,
1973 894 2069 926 creo,
2102 893 2196 923 meo,

257 944 335 976 licet
373 942 406 974 in
441 951 480 973 eo
514 938 693 972 desinentia
723 936 888 971 secundae
921 935 1082 968 deberent
1113 947 1199 975 esse,
1231 939 1342 967 tamen
1370 935 1499 979 primae
1528 939 1618 972 sunt:
1652 945 1692 967 eo
1716 946 1851 978 quoque
1882 940 1915 968 et
1945 946 2032 980 queo
2058 941 2197 978 quartae

257 999 330 1028 sunt
346 989 370 1010 ¹³
395 989 646 1036 coniugationis.
699 989 771 1022 Nec
793 988 826 1020 in
857 988 890 1020 io
920 986 1117 1027 desinentia,
1151 986 1375 1030 cuiuscunque
1403 986 1465 1019 sint
1495 986 1738 1030 coniugationis
1761 982 1796 1027 ¹⁵,
1823 986 1928 1019 minus
1959 986 2065 1019 trihus
2094 986 2197 1030 sylla—

256 1046 308 1080 bis
346 1055 415 1078 esse
441 1046 594 1088 possunt;
625 1040 745 1074 notatis
771 1040 899 1084 primae
930 1038 1067 1081 quidem
1099 1038 1175 1078 hio,
1203 1034 1332 1080 hiasffl,
1354 1037 1435 1083 pio,
1467 1037 1573 1082 pias5
1611 1043 1749 1081 quartae
1784 1049 1882 1079 vero,
1903 1036 1983 1085 fio,
2003 1036 2076 1084 fis,
2109 1037 2198 1076 scio,

257 1097 342 1138 scis,
371 1100 403 1129 et
429 1094 594 1127 interdum
615 1093 668 1126 cio
697 1092 763 1132 cis,
790 1091 879 1124 unde
899 1090 1128 1133 componitur,
1156 1090 1253 1122 ereio
1283 1090 1378 1122 exeis
1395 1086 1440 1127 ¹⁷;
1475 1088 1568 1132 quod
1598 1094 1629 1122 et
1658 1089 1731 1122 cieo
1760 1090 1927 1123 secundae
1956 1087 2199 1133 coniugationis

255 1148 427 1182 invenitur.
478 1145 637 1188 Reliquas
660 1143 904 1176 terminationes
920 1143 1100 1175 verborum
1124 1141 1379 1176 consonantibus
1399 1140 1676 1185 praecedentibus
1699 1151 1761 1185 per
1776 1137 1800 1158 ¹⁸
1824 1141 1975 1174 ordinem
1996 1140 2030 1174 in
2051 1138 2199 1183 sequenti

256 1199 374 1234 libello
403 1196 714 1242 contemplabimur.

345 1352 373 1392 1)
397 1353 431 1383 In
451 1351 553 1381 addidi
575 1360 590 1379 e
614 1349 684 1378 Cod.
711 1364 749 1371 —
771 1351 802 1384 2)
824 1347 894 1377 Inde
917 1357 933 1375 a
948 1356 978 1376 v.
993 1346 1138 1384 semelque
1152 1356 1208 1374 no-

262 1406 333 1425 vum
357 1396 389 1424 in
415 1395 487 1424 cod.
512 1393 605 1432 incipi
639 1396 838 1430 segmentum,
869 1390 997 1428 scriptor
1026 1388 1142 1417 notavit
1176 1389 1208 1416 in

263 1438 394 1477 margine
414 1437 460 1466 his
482 1436 595 1465 verbis:
619 1433 712 1462 aliud
731 1433 900 1472 epithema,
924 1431 1004 1470 qnod
1022 1441 1127 1459 verum
1147 1441 1208 1459 non

1252 1346 1299 1374 1ch
1321 1344 1366 1382 Io,
1391 1345 1437 1373 vel
1460 1344 1509 1373 Im·
1530 1344 1711 1373 exhibentes.
1738 1360 1781 1366 —
1813 1347 1855 1379 12)
1871 1345 1992 1373 Habere
2006 1350 2103 1383 potest
2119 1344 2199 1373 Cam.

1252 1389 1285 1418 P.
1312 1404 1348 1409 —
1374 1387 1419 1427 13)
1436 1388 1506 1416 Cod.
1523 1387 1636 1426 absque
1651 1398 1703 1415 neo
1723 1398 1775 1415 nes
1796 1393 1844 1415 net
1864 1388 2030 1426 etfleofles
2043 1388 2097 1425 flet
2113 1387 2200 1415 verbo

1253 1430 1338 1470 quod
1358 1432 1426 1459 neri
1447 1436 1472 1458 et
1486 1430 1564 1468 steri
1577 1431 1720 1467 fecerunt
1743 1431 1777 1458 ιἰι
1798 1440 1846 1468 pr.
1889 1430 1991 1458 Altera
2007 1439 2112 1458 manus
2128 1439 2201 1457 cor-

263 1492 324 1511 esse
345 1485 452 1520 sponte
475 1483 565 1518 patet.
596 1493 639 1499 -—
665 1475 694 1517 3)
721 1476 775 1505 Vv.
805 1485 874 1503 cum
904 1475 966 1501 sint
994 1474 1068 1502 male
1100 1473 1209 1501 desunt
1251 1473 1330 1502 rexit
1340 1474 1437 1510 facit.
1481 1473 1542 1510 Ego
1562 1476 1636 1511 puto
1654 1471 1730 1500 nihil
1747 1471 1960 1501 discedendum
1979 1482 2041 1502 esse
2063 1482 2080 1500 a
2094 1482 2139 1511 pr.
2158 1481 2200 1501 m.

264 1524 343 1563 apud
364 1524 392 1552 P.
424 1538 465 1543 —-
499 1521 529 1559 4)
553 1521 596 1549 Ita
617 1523 698 1548 recte
725 1517 796 1547 cod.
815 1519 938 1546 Primae
961 1515 1082 1554 quidem
1101 1517 1208 1544 conia·
1250 1516 1307 1544 nisi
1326 1515 1408 1554 quod
1424 1515 1507 1544 verbo
1530 1515 1561 1542 iu
1577 1514 1674 1543 verbis
1691 1514 1883 1551 mutandum,
1918 1515 1970 1553 qui
1993 1525 2077 1544 error
2096 1524 2130 1543 eo
2152 1524 2202 1542 or-

262 1567 399 1606 gationis
416 1565 497 1593 ναιίο
516 1563 707 1602 plerumque.
752 1561 822 1588 Cam
845 1560 875 1588 P.
891 1559 954 1588 sine
971 1557 1124 1586 commodo
1140 1567 1209 1586 sen-
1251 1563 1317 1594 tus,
1346 1558 1428 1597 quod
1452 1557 1632 1597 particulam
1657 1556 1739 1596 quod
1766 1568 1822 1596 pro
1849 1557 2026 1596 pronomine
2048 1556 2201 1586 haberent.

265 1619 314 1645 su3
338 1619 406 1637 nam
425 1606 550 1636 verbum
569 1604 689 1633 finitum
706 1602 805 1631 deesse
828 1612 888 1630 non
906 1605 1014 1640 potest.
1038 1617 1079 1622 —
1101 1598 1130 1639 5)
1144 1601 1210 1628 De·
1253 1601 1333 1629 Cam.
1359 1605 1387 1628 et
1408 1601 1439 1629 P.
1467 1600 1579 1638 alasque
1593 1610 1654 1637 neo,
1678 1611 1737 1638 nm,
1762 1606 1811 1628 net
1824 1599 1910 1628 rea-ho
1931 1599 2014 1638 quod
2033 1600 2101 1628 nevi
2114 1599 2203 1637 facit

267 1653 369 1678 rirata
384 1650 452 1677 Cod.
471 1648 644 1677 derivatiwa
667 1647 747 1674 Cam.
769 1645 800 1674 P.
831 1660 874 1665 ·-
902 1646 932 1679 6)
953 1643 1054 1671 Habet
1070 1642 1211 1670 derivata

270 1692 341 1720 cod.
371 1691 459 1719 habet
485 1696 517 1718 et
550 1689 720 1717 derivativa
740 1685 861 1716 Putsch.
893 1685 981 1713 habet
1009 1691 1041 1713 et
1072 1684 1212 1713 derivata

270 1734 349 1762 Cam.
370 1749 411 1754 —
441 1735 471 1767 7)
492 1731 529 1760 V.
553 1731 644 1759 verba
664 1730 778 1759 addunt
798 1729 876 1757 Cam.
894 1733 923 1757 et
946 1728 978 1758 P.
1001 1744 1043 1749 —-
1072 1728 1101 1765 8)
1128 1726 1213 1755 Forte

268 1776 298 1805 h.
313 1776 332 1804 l.
345 1775 540 1812 interponunt
563 1774 640 1801 Cam.
658 1777 687 1800 et
702 1773 733 1801 P.
756 1788 798 1793 —
819 1773 853 1807 9)
876 1770 1000 1799 Addunt
1023 1769 1051 1798 h.
1067 1770 1088 1798 l.
1110 1771 1141 1797 in
1165 1780 1213 1798 se—

271 1816 370 1847 cundo
397 1816 474 1844 libro
507 1815 585 1844 cam.
612 1818 642 1842 et
662 1814 692 1843 P.
714 1830 756 1834 —
787 1811 830 1851 10)
851 1813 1004 1851 Quoniam
1026 1823 1109 1840 uero
1133 1812 1211 1842 cam.

272 1866 301 1890 et
319 1861 350 1889 P.
380 1875 421 1880 -
451 1857 496 1895 11)
522 1857 560 1887 In
586 1867 622 1884 eo
645 1857 694 1884 vel
710 1857 742 1882 ιίι
770 1866 846 1891 eor,
878 1857 911 1883 ι’]ι,
936 1857 971 1883 io
996 1855 1045 1883 vel
1076 1856 1107 1882 in
1136 1856 1212 1890 ior,

273 1905 305 1931 ιἰι
334 1913 379 1931 no
403 1902 451 1930 «rel
477 1901 509 1928 ιή
535 1910 612 1928 uor.
635 1898 685 1926 Sic
706 1901 787 1926 recte
815 1897 885 1927 Cod.
928 1898 1003 1926 Male
1035 1897 1214 1926 dissentiunt

273 1946 352 1975 Cam.
376 1948 404 1973 et
423 1943 471 1972 P.:
503 1944 534 1971 ἰη
555 1943 601 1970 Eo
628 1941 673 1970 vel
693 1941 726 1968 ιἸι
751 1941 832 1976 Eur,
863 1941 894 1967 in.
921 1941 985 1977 Vo,
1015 1940 1063 1969 vel
1085 1941 1117 1967 in
1142 1940 1214 1976 Vor,

1254 1645 1287 1671 in,
1298 1644 1480 1681 praeterito,
1504 1649 1530 1670 et
1544 1643 1624 1681 fleo,
1638 1643 1715 1681 stes,
1730 1642 1797 1680 flet.
1828 1642 1907 1671 Haec
1927 1652 1964 1671 ex
1987 1653 2064 1671 corr.
2085 1658 2126 1664 —-
2149 1640 2202 1676 14)

1255 1686 1332 1714 S¹mt
1347 1685 1427 1713 deest
1441 1685 1521 1724 apud
1541 1686 1573 1713 P.
1601 1699 1636 1707 —-
1662 1689 1705 1720 15)
1723 1683 1957 1724 Goniugationis
1978 1683 2082 1713 addidi
2095 1693 2112 1712 e
2129 1683 2202 1712 Cod.

1255 1743 1297 1750 —-
1318 1727 1364 1764 16)
1386 1730 1435 1757 Et
1461 1729 1514 1766 pio
1537 1729 1610 1766 pias
1632 1728 1710 1756 Cam.
1733 1732 1761 1756 et
1784 1728 1815 1756 P.
1846 1727 1960 1766 Copula
1982 1726 2064 1755 abest
2088 1736 2103 1754 a
2127 1725 2202 1756 Cod-

1255 1785 1298 1791 —
1321 1769 1366 1807 17)
1389 1770 1484 1798 Exclu
1501 1771 1614 1798 excire
1637 1771 1716 1799 Cam.
1737 1774 1766 1798 et
1783 1770 1814 1799 P.
1834 1769 1936 1798 Paullo
1952 1773 2023 1808 post
2039 1770 2099 1796 cieo
2125 1769 2203 1796 cies

1255 1812 1286 1840 P.
1308 1813 1366 1839 cies
1388 1812 1469 1840 abest
1490 1823 1505 1840 a
1528 1813 1599 1842 cod.
1621 1817 1649 1841 et
1674 1813 1752 1841 Cam.
1778 1828 1820 1833 -—
1850 1814 1894 1846 18)
1912 1810 2085 1840 Secundum
2116 1809 2203 1839 ordi-

1254 1864 1322 1882 nem
1343 1854 1422 1882 Cam.
1442 1859 1470 1882 et
1489 1855 1518 1882 P.
1542 1855 1617 1883 Turn
1640 1860 1739 1883 tamen
1763 1858 1834 1892 post
1852 1864 1880 1884 v.
1902 1853 2038 1882 ordinem
2061 1853 2203 1893 interpo-

1255 1896 1301 1925 nit
1323 1896 1402 1925 Cam.
1420 1901 1448 1924 ct
1464 1897 1535 1925 Cod.
1557 1902 1626 1936 post
1643 1907 1671 1927 v.
1692 1898 1828 1936 sequenti
1850 1906 1997 1935 suprascr.
2016 1895 2112 1927 habet.
2143 1896 2202 1925 Nos

1257 1949 1326 1968 cum
1349 1939 1379 1969 P.
1402 1939 1563 1968 omisimus.
