2263 2668
500 184 565 218 DE
591 182 977 218 SlGNlFICATIONE
1004 184 1288 220 VERBORUM.
1341 184 1485 217 LIBER
1509 183 1586 218 ΧΠ.
1946 186 2022 220 529

70 277 193 317 (Georg.
211 277 240 313 I,
265 275 368 312 262.):
399 284 485 306 cavat
508 276 612 306 arbore
634 275 750 308 lintres:
781 274 867 313 Alii,
890 275 1005 314 inquit,
1029 275 1144 315 lintres,
1166 278 1197 306 in
1220 276 1324 317 quibus
1347 288 1402 306 uva
1422 284 1586 318 portatur&
1597 276 1753 316 accipiunt.
1799 277 1878 306 Haec
1900 279 2021 308 Servius

71 321 209 350 Danielis.
233 320 344 348 Tibull.
366 320 417 350 lib.
428 320 449 348 l.
473 318 527 360 (V,
551 318 632 360 23.):

631 361 718 390 Haec
741 361 812 390 mihi
834 359 958 390 servabit
978 359 1073 400 plenis
1096 362 1125 390 in
1149 360 1286 390 lintribus
1309 373 1388 392 uvas,

70 405 145 434 Nam
172 409 201 433 et
223 404 312 432 navia
335 409 364 433 et
386 402 486 441 linter,
509 409 668 443 utrumque
693 409 737 433 est
759 405 871 441 lignum
894 408 1038 432 cavatum.
1084 404 1116 431 ln
1140 405 1237 432 verbis
1262 405 1339 432 Festi
1362 405 1439 442 lege:
1469 403 1568 432 Nauia
1591 410 1631 431 est
1654 415 1741 432 unum
1765 402 1876 442 lignum
1899 403 2019 434 exscul-

69 455 160 487 ptum.
202 448 297 475 Unum
321 446 414 482 dixit,
444 447 522 475 unde
545 446 692 484 μονόξυλα
717 445 817 485 σκάφη
843 446 955 474 Graeci.
998 445 1129 484 Denique
1153 445 1238 475 linter
1261 452 1287 474 et
1311 448 1397 475 navia
1420 452 1464 475 est
1488 443 1623 483 σκάφος,·
1654 443 1808 482 σκάπτειν,
1837 447 2021 484 exsculpere.

70 491 177 518 Melius
202 495 298 517 tamen
321 490 439 526 legeris:
474 489 572 518 Navia
595 501 634 518 ex
657 500 713 518 uno
736 488 815 528 ligno
839 486 1008 527 eoesculpto,
1036 489 1116 526 quod
1140 489 1327 517 retinendum
1351 499 1467 518 censeo.
1506 490 1608 516 Cicero
1632 488 1668 517 II.
1693 487 1728 526 (e.
1746 487 1806 526 18.)
1831 489 1867 516 de
1890 488 2020 525 legibus:

72 533 218 571 Ligneum
243 538 337 560 autem
361 529 496 571 quodque
516 531 654 567 voluerit,
684 543 741 560 uno
764 543 778 559 e
800 530 879 571 ligno
902 529 1047 559 dedicato.
1076 530 1176 560 Scal.
1222 532 1328 559 Suidas
1352 531 1471 559 nahiam
1493 534 1663 570 πορθμεῖον
1686 530 1902 569 interpretatur
1926 532 2019 567 male,

72 585 139 603 nam
163 575 209 603 vel
231 573 301 602 hinc
324 575 392 601 satis
415 575 509 611 liquet
532 584 565 602 eo
589 576 706 602 nomine
729 575 829 613 potius
853 583 955 602 navem
984 573 1081 611 ipsam
1110 574 1252 611 intelligi,
1290 579 1321 601 ut
1344 579 1372 602 et
1395 584 1430 602 ex
1452 575 1520 602 lusu
1542 574 1594 601 illo
1618 579 1751 600 vetorum
1776 583 1834 610 quo
1858 574 1946 611 pueri
1968 572 2022 601 de-

74 618 171 646 narios
199 617 231 644 in
259 616 385 644 sublime
415 616 556 645 iactantes
585 617 684 655 capita
712 624 763 644 aut
786 618 872 645 navia
895 616 1076 649 clamabant,
1114 616 1150 644 de
1174 627 1232 654 quo
1257 617 1386 644 Mam-ob.
1410 618 1524 645 Saturn.
1549 616 1634 645 lib.I.
1659 625 1723 653 cap.
1737 618 1767 646 7.
1797 614 1886 644 Dae.
1934 615 2022 644 Tanti

73 659 215 688 momenti
238 659 287 686 hic
311 660 394 687 locus
417 664 475 696 est,
500 664 533 687 ut
556 659 591 687 de
615 670 648 687 eo
672 660 763 687 totius
787 659 874 687 huius
898 658 966 686 libri
990 658 1102 686 utilitas
1126 660 1272 686 aestimari
1296 659 1404 697 possib,
1433 659 1580 686 inauditae
1603 662 1768 696 praeterea,
1793 667 1828 684 ac
1850 657 2021 686 reconditae

74 701 251 731 eruditionis
275 701 333 729 illis
356 702 542 739 praesertim,
569 702 619 740 qui
643 702 781 730 nesciunt
804 702 891 729 ficum
913 701 1035 729 Naviam
1059 701 1179 728 eandem
1207 712 1271 729 cnm
1295 702 1352 729 ficu
1375 700 1506 729 Rumina
1528 711 1579 729 seu
1601 698 1759 728 Ruminali
1780 699 1880 728 fuisse.
1925 700 2021 728 Pone-

75 755 140 773 mus
168 745 251 782 prius
281 744 394 780 locum,
430 745 454 772 si
484 755 544 772 non
574 745 645 783 ipsis
675 744 774 772 velbis
798 744 888 779 Festi,
925 748 954 771 at
984 747 1063 771 certe
1092 744 1232 772 sententia
1257 745 1320 782 ipsa
1344 744 1484 771 incolumi
1509 748 1596 781 atque
1618 743 1737 780 integra.
1781 742 1831 770 Sic
1853 742 1944 779 igitur
1966 741 2021 770 hos

75 788 172 815 hiatus
198 787 364 825 expiemus:
398 787 480 815 iussit
504 798 558 815 rex
582 794 671 815 cotem
696 798 733 815 ac
753 786 925 816 novaculam
947 785 1090 827 proferri3
1122 797 1180 825 qua
1202 786 1321 825 prolata
1345 787 1539 824 interrogatus
1562 786 1684 823 Augur,
1716 795 1753 812 an
1778 794 1827 812 cos
1850 783 1904 812 illa
1925 791 2021 822 posset

75 828 209 869 praecidi
238 827 397 863 novacula,
435 828 530 857 subito
562 840 623 857 eam
653 827 807 868 praecidit.
852 828 903 857 Ex
932 839 980 865 eo,
1024 829 1183 867 Tarquinio
1208 828 1282 857 nihil
1303 839 1374 856 auso
1399 827 1635 867 contrafacere,
1672 825 1846 854 novaculam
1870 836 1906 854 ac
1930 833 2021 854 cotem

77 870 129 900 sub
156 870 251 900 locum
275 877 472 899 consecratum
499 870 601 912 defodi
623 872 751 907 iussisse,
791 878 816 899 et
836 872 931 910 ficum
962 869 999 899 al)
1030 881 1061 898 co
1091 878 1186 898 satam
1215 882 1272 898 esse
1301 872 1378 899 intra
1402 868 1448 905 icl,
1487 869 1566 908 quod
1589 876 1751 898 contentum
1775 869 1835 896 sine
1856 878 1941 896 sacro
1965 869 2020 903 si1,·

76 925 207 953 eamque,
246 914 271 941 si
298 911 416 952 quando
447 915 586 950 aruisset,
624 913 734 942 subseri
763 914 884 942 iussisse.
928 911 1040 941 Deinde
1069 924 1131 941 cum
1160 921 1226 951 post
1257 920 1298 941 tot
1328 924 1420 941 annos
1448 910 1525 940 aliae
1555 913 1583 939 in
1613 922 1643 939 eo
1668 910 1733 939 loco
1758 908 1921 948 complures
1937 910 2022 949 ficus

77 963 183 992 essent,
209 963 234 983 ct
257 953 384 991 evulsae,
416 954 450 983 de
473 955 538 985 loco
561 967 646 985 sacro
670 964 895 993 removerentur,
928 967 1038 991 omnes,
1069 966 1143 995 quae
1164 954 1238 983 inibi
1260 962 1339 984 erant
1356 955 1452 993 ficus,
1480 961 1594 993 praeter
1616 964 1693 989 eam,
1722 953 1826 981 eiectas
1839 951 1940 992 fuisse
1961 950 2022 980 ad-

77 999 189 1026 monitu
212 1008 248 1027 ac
271 998 348 1025 iussu
372 998 554 1037 aruspicum,
585 1006 609 1027 et
633 997 741 1026 divinis
763 999 919 1038 responsis,
949 996 1079 1038 quandiu
1102 1009 1135 1025 ea
1156 998 1274 1033 vireret,
1306 996 1466 1026 libertatem
1488 995 1591 1035 populi
1613 1006 1794 1030 mansuram,
1824 993 1888 1022 ideo
1912 992 1992 1033 quod
2014 1016 2021 1022 .

78 1061 238 1069 ......
272 1040 422 1068 Postrema
447 1052 503 1069 non
527 1051 683 1079 possumus
706 1041 841 1079 explere,
865 1041 932 1079 quia
956 1051 1015 1068 non
1039 1041 1109 1067 satis
1132 1040 1219 1079 spatii
1242 1040 1381 1068 relictum
1405 1039 1441 1067 sit
1465 1040 1500 1066 ad
1525 1038 1702 1077 explendum
1729 1041 1869 1075 quantun]
1892 1036 2023 1074 postulat

78 1083 235 1111 sententia.
274 1082 399 1110 'santum
425 1084 500 1111 enin]
524 1084 581 1111 loci
607 1084 806 1120 desideratur,
830 1088 973 1121 quantum
997 1084 1066 1111 satis
1091 1089 1163 1110 esset
1184 1082 1230 1110 his
1254 1088 1303 1110 aut
1327 1082 1470 1110 similibus
1493 1082 1605 1109 verbis:
1630 1079 1693 1108 idco
1717 1078 1796 1120 quod
1817 1079 1846 1106 in
1869 1090 1901 1106 ea
1916 1077 2022 1120 fatum

76 1123 180 1164 populi
201 1123 258 1153 Ro.
282 1133 368 1161 esset,
406 1131 456 1154 aut
484 1126 542 1154 tale
570 1126 669 1154 nescio
700 1126 780 1164 quid.
826 1126 912 1155 Multi
936 1126 1022 1154 huius
1045 1125 1161 1154 fabulae
1185 1127 1359 1161 meminere,
1397 1124 1445 1162 qui
1470 1134 1570 1151 omnes
1594 1123 1736 1151 adiuvant
1759 1122 1944 1150 coniecturas
1967 1131 2024 1148 no-

79 1173 164 1197 snas.
206 1166 264 1194 Sed
287 1172 354 1195 unte
378 1178 477 1196 omnes
501 1169 628 1206 Plinius,
652 1169 735 1196 cuius
759 1168 849 1196 verba
874 1179 1021 1207 apponam
1045 1178 1080 1196 ex
1104 1168 1179 1196 libro
1196 1169 1281 1203 XVI,
1306 1169 1450 1205 cap-18:
1478 1165 1591 1195 Colitur
1602 1166 1685 1204 ficus
1707 1163 1795 1192 arbor
1817 1165 1845 1191 in
1859 1162 1938 1204 foro
1961 1163 2023 1201 ipso

79 1221 115 1238 ac
139 1210 257 1238 comitio
281 1208 395 1237 Romae
419 1219 503 1247 nata,
526 1222 612 1240 sacra
632 1210 803 1252 fulguribus
826 1210 867 1239 ibi
890 1210 1025 1240 conditis.
1069 1210 1230 1251 Dffagisque
1252 1209 1287 1239 ob
1311 1210 1479 1238 memoriam
1504 1210 1577 1245 eius,
1601 1218 1675 1247 quae
1697 1207 1801 1235 nutri]=
1811 1205 1879 1245 fuit
1901 1203 2025 1233 Romuli

78 1262 115 1280 ac
137 1251 225 1280 Remi
249 1251 411 1281 conditoris
433 1252 597 1292 appellata,
625 1254 763 1293 quoniam
787 1253 840 1281 sub
863 1265 896 1281 ea
919 1255 1034 1282 inventa
1058 1261 1097 1281 est
1121 1252 1191 1292 lupa
1214 1251 1378 1293 infantibus
1400 1251 1539 1290 praelieris
1564 1261 1661 1278 rumen
1686 1251 1738 1286 (ita
1761 1247 1906 1276 vocabant
1928 1258 2024 1275 mam-

80 1297 170 1331 mam)
194 1293 338 1322 miraculo
361 1306 400 1323 en:
423 1306 487 1323 aere
509 1297 597 1324 iuxta
621 1295 736 1331 dicato,
774 1303 913 1335 tanquam
944 1297 973 1324 in
1000 1294 1154 1324 Comitium
1183 1303 1283 1335 sponte
1311 1296 1468 1323 transisset.
1513 1291 1634 1321 Atlacto
1665 1292 1781 1330 navigio
1810 1289 1879 1319 ilico
1910 1290 2025 1326 arescit,

81 1348 233 1376 rursusque
256 1347 325 1364 cura
349 1336 533 1366 sacerdotum
556 1338 667 1366 seritur.
713 1338 791 1366 Haec
814 1338 880 1373 ille3
909 1339 937 1366 in
961 1338 1066 1376 quibus
1092 1339 1197 1375 miror,
1227 1348 1281 1366 cur
1305 1337 1414 1365 dixerit
1436 1335 1551 1365 Romae
1574 1341 1658 1369 nata,
1683 1334 1763 1372 quasi
1788 1333 1822 1360 de
1845 1333 1901 1360 alio
1924 1332 2026 1359 Comi-

80 1379 137 1415 tio,
163 1389 251 1417 quam
273 1379 310 1406 de
335 1380 464 1407 Romano
488 1380 614 1417 intelligi
635 1381 738 1419 possit.
784 1381 896 1408 Deinde
921 1381 992 1419 qnid
1016 1385 1074 1417 est,
1099 1379 1208 1409 adacto
1232 1381 1347 1419 navigio
1370 1378 1439 1408 ilico
1463 1376 1612 1406 arescere?
1644 1378 1709 1404 Scio
1733 1375 1862 1403 Tiberim
1887 1373 1921 1401 ad
1943 1374 2027 1401 illum

82 1431 174 1460 usque
198 1426 327 1449 tractum
352 1423 432 1450 urbis
456 1427 528 1450 tunc
551 1423 624 1461 ripis
648 1424 705 1451 suis
730 1423 856 1451 eiectum
882 1423 986 1460 fuisse,
1024 1423 1113 1461 idque
1141 1424 1259 1451 solitum
1291 1424 1360 1450 alias
1388 1422 1478 1459 vulgo
1506 1420 1647 1448 aci-idere.
1692 1420 1729 1447 At
1758 1419 1781 1446 si
1810 1416 1934 1454 navigiis
1956 1421 2027 1444 tunc

82 1474 113 1492 ea
137 1474 213 1502 aqua
240 1465 512 1503 transmittebatur,
536 1466 600 1504 quis
623 1471 681 1494 tam
705 1466 856 1503 religionis
880 1471 1083 1504 contemptor,
1115 1468 1165 1504 qui
1190 1466 1226 1493 ad
1250 1466 1336 1493 licum
1361 1465 1508 1500 navigium
1534 1463 1678 1500 adigeret,
1708 1465 1741 1489 ut
1763 1461 1812 1488 illa
1836 1463 2028 1494 exaresceret,

82 1517 149 1535 cum
173 1506 275 1542 sciret,
315 1507 373 1535 hoe
396 1518 455 1535 non
479 1518 567 1547 posse
591 1509 713 1543 evitari,
750 1509 773 1536 si
796 1509 868 1536 illuc
891 1518 993 1536 navem
1022 1509 1223 1547 impingeret?
1262 1508 1434 1546 Suspicatus
1458 1506 1546 1543 igitur
1569 1515 1632 1532 snm
1656 1504 1701 1539 id,
1737 1502 1817 1541 quod
1839 1511 1942 1529 verum
1967 1511 2029 1529 esse

80 1554 184 1588 postea
207 1550 362 1588 apparuit,
397 1550 497 1578 locum
526 1551 723 1589 depravatum
748 1560 819 1580 esse.
865 1551 959 1588 quue
983 1551 1107 1579 sortasse
1132 1551 1228 1578 doctis
1252 1551 1325 1578 viris
1352 1549 1560 1587 probabimus,
1597 1547 1619 1575 si
1643 1551 1772 1575 nostram
1797 1544 1969 1572 sententiam
1992 1543 2029 1571 de

82 1593 145 1620 eius
168 1592 225 1620 loci
250 1592 453 1620 emendatione
478 1604 688 1631 proponamus.
733 1592 776 1620 lta
800 1592 891 1630 igitur
916 1593 1067 1629 legendum
1093 1597 1246 1630 putamus:
1287 1590 1401 1620 Colitur
1419 1592 1503 1630 ficus
1530 1589 1619 1618 arbor
1649 1590 1678 1617 in
1698 1588 1775 1628 soro
1802 1588 1865 1625 ipso
1888 1585 2029 1621 Romina,

83 1635 144 1662 iam
166 1644 253 1662 sacra
266 1632 444 1675 fulguribus
466 1635 508 1663 ibi
531 1634 672 1671 conditis,
709 1635 860 1674 magisque
882 1633 917 1662 ob
941 1635 1108 1663 memoriam
1133 1636 1207 1670 eius,
1245 1645 1320 1673 quae
1342 1635 1446 1661 nutrix
1458 1632 1525 1672 fuit
1549 1630 1672 1660 Romuli
1694 1642 1731 1659 ac
1752 1628 1839 1658 Remi
1861 1627 2030 1664 conditoris,

84 1674 250 1715 appellata,
289 1677 424 1715 quoniam
454 1677 506 1704 sub
536 1688 568 1705 ea
599 1678 714 1705 inventa
744 1684 784 1704 est
807 1675 876 1715 lupa
900 1675 1064 1716 infantibus
1085 1676 1226 1715 praebens
1251 1688 1348 1703 rumen
1375 1675 1433 1714 (ita
1456 1673 1601 1703 vocabant
1624 1672 1798 1709 mammam)
1825 1669 1968 1698 miraculo
1991 1680 2031 1698 ex

85 1728 150 1746 aere
172 1719 260 1746 iun-ta
283 1717 401 1747 dicato:
426 1730 512 1759 quam
537 1727 676 1759 tanquam
701 1720 731 1746 in
758 1718 913 1747 Comitium
936 1726 1036 1757 sponte
1059 1720 1250 1754 transii-isser,
1274 1717 1310 1746 σί]
1334 1718 1426 1746 Actio
1451 1716 1556 1744 Navio.
1598 1714 1673 1743 Ilico
1697 1715 1814 1749 arescit,
1840 1724 1938 1740 rursus
1961 1722 2030 1740 cura

84 1758 267 1788 sacerdotum
291 1762 402 1789 seritur.
432 1762 561 1790 Primum
585 1762 665 1800 qnod
690 1762 730 1789 uit
751 1771 864 1789 sacram
888 1761 994 1797 fuisse,
1019 1761 1095 1789 idom
1120 1766 1148 1789 et
1173 1761 1329 1798 Dionysius
1353 1764 1476 1787 testatur
1498 1757 1545 1785 his
1569 1757 1666 1785 veibis
1690 1758 1769 1795 (pag.
1782 1758 1854 1786 202.
1872 1765 1935 1793 cap.
1949 1754 2032 1792 70.):

77 1799 201 1832 ’Έπειτα
224 1800 253 1832 δ’
277 1799 370 1833 αὐτὸν
390 1801 442 1834 τὸν
468 1803 590 1844 Νάβιον
613 1806 800 1842 θεραπεῦσαι
824 1802 965 1843 διαγνοὺς
997 1802 1212 1842 (Tarquinius)
1245 1801 1284 1838 aig
1314 1799 1456 1831 ἁπάντων
1479 1798 1653 1838 (Ῑνίὶρώπων
1675 1798 1910 1835 θεοφιλέστατον
1933 1793 2034 1832 ὅλλαις

86 1856 117 1875 τε
140 1846 385 1884 φιλανθρωπίαις
407 1844 590 1887 ὑπηγάγετο,
621 1847 687 1883 καὶ,
715 1847 763 1876 ἵνα
785 1845 905 1885 μνήμης
928 1847 1053 1876 αἰωνίου
1070 1844 1216 1887 -τυγχάνοι
1239 1843 1320 1881 παρὰ
1344 1847 1403 1875 τῶν
1426 1842 1657 1883 ἐπιγινομένων,
1684 1839 1785 1871 εἰκόνα
1808 1837 2034 1882 κατασκευάσας

88 1884 183 1917 αὐτοῦ
205 1890 318 1925 χαλκῆν
341 1888 493 1927 διέστησεν
516 1890 564 1919 ἐπὶ
586 1889 637 1928 τῆς
661 1887 788 1929 ιῖγορᾱς,
813 1886 834 1926 ἣ
856 1889 905 1918 καὶ
929 1889 969 1923 εἰς
991 1888 1039 1927 ἐμὲ
1062 1888 1100 1923 ἦν
1124 1887 1183 1926 πρὸ
1206 1891 1260 1918 τοῦ
1282 1888 1498 1927 βουλευτηρίου
1523 1886 1641 1923 κειμένη
1664 1885 1792 1922 πλησίον
1814 1885 1867 1920 τῆς
1886 1882 1965 1920 ΐερᾶς
1983 1891 2033 1910 συ-

89 1931 154 1967 κῆς.
188 1930 298 1958 Deinde
322 1931 442 1959 subiicit
465 1932 501 1960 de
524 1932 691 1969 fulguribus
715 1932 754 1960 ibi
779 1931 921 1966 conditis,
945 1932 1014 1969 quia
1038 1931 1152 1959 scilicet
1174 1931 1214 1959 ibi
1240 1937 1345 1969 puteus
1370 1931 1486 1965 fuisset,
1511 1929 1559 1966 qui
1585 1937 1651 1955 cum
1676 1926 1711 1954 de
1735 1926 1818 1954 coelo
1835 1928 1929 1952 tactus
1947 1927 2031 1957 esset,

89 1977 284 2010 procuratum
311 1983 377 2001 eum
406 1974 504 2002 locum
534 1980 636 2014 postea
668 1974 810 2013 operculo
841 1974 981 2012 imposito
1010 1972 1115 2002 Puteal
1143 1978 1281 2001 vocatum
1312 1973 1419 2009 fuisse,
1460 1981 1525 1999 nam
1550 1968 1656 1998 Puteal
1683 1973 1726 1996 est
1754 1965 1918 2007 operculum
1942 1965 2033 2012 putei,

90 2015 176 2043 etiam
200 2020 272 2044 teste
295 2015 519 2045 Iurisconsulto.
563 2018 661 2053 Quare
684 2028 698 2045 a
722 2018 789 2045 loco
811 2027 896 2044 sacro
920 2017 1006 2044 ticum
1030 2026 1142 2044 sacram
1165 2016 1303 2044 nominat.
1348 2015 1426 2050 Quin
1451 2019 1479 2043 et
1504 2013 1659 2051 Dionysius
1683 2012 1724 2039 ait
1748 2020 1826 2039 aram
1849 2018 2035 2047 superimpo-

90 2058 191 2092 sitam,
227 2059 307 2096 quod
331 2058 404 2087 nihil
428 2060 508 2088 aliud
533 2065 591 2095 est,
624 2070 710 2098 quam
737 2059 909 2098 operculum
933 2060 1029 2098 ipsum
1054 2059 1121 2086 ostii
1146 2059 1272 2087 Deorum
1297 2058 1442 2092 Manium3
1477 2057 1527 2085 sed
1555 2055 1684 2089 fallitur,
1720 2057 1753 2081 ut
1779 2051 1869 2080 homo
1894 2051 2034 2098 Graecus,

92 2101 142 2138 qui
166 2101 243 2128 idem
268 2106 354 2139 putet
376 2112 436 2129 esse
457 2101 559 2141 puteal
582 2113 615 2130 ac
640 2102 750 2141 φρέαρ,
777 2112 861 2138 cum,
893 2106 925 2129 nt
947 2102 1022 2136 dixi,
1049 2099 1150 2139 puteal
1170 2111 1229 2129 non
1253 2101 1363 2139 φρέαρ,
1395 2100 1446 2129 sed
1469 2101 1558 2135 πῶμα
1581 2100 1635 2127 τοῦ
1657 2095 1785 2134 φρέατος
1808 2094 1854 2123 sit.
1902 2094 1940 2121 At
1963 2094 2036 2122 10018

92 2143 240 2181 fulguritis
263 2153 341 2171 aram
365 2145 566 2183 superimponi
591 2145 702 2178 solere,
734 2150 839 2172 auctor
860 2149 981 2183 praeter
1008 2143 1179 2181 Dionysium
1204 2148 1232 2171 et
1256 2142 1477 2171 Artemidorus:
1514 2138 1531 2171 ό
1553 2136 1698 2178 κεραυνὸς
1720 2135 1754 2167 zoi
1778 2135 1878 2174 ἄσημα
1900 2139 1960 2165 τῶν
1980 2148 2037 2175 χω-

93 2188 166 2224 ρίων
196 2187 323 2224 ἐπίσημα
352 2191 430 2217 ποιεῖ
460 2186 508 2217 otti
535 2185 605 2222 τούς
634 2187 845 2225 ε’νιὸρυμένους
872 2184 1009 2226 βωμούς,
1046 2185 1095 2215 καὶ
1125 2185 1177 2220 τὸς
1208 2185 1238 2215 ἐν
1265 2182 1366 2219 αὐτοῖς
1388 2184 1545 2224 γινομένας
1565 2182 1684 2216 θυσίας.
1730 2179 1763 2207 1¹¹
1787 2179 1977 2217 sequesslibus
2001 2178 2036 2206 (le

93 2233 218 2266 utraque
242 2229 443 2267 appellatione
467 2230 538 2257 licus
562 2230 641 2257 illius
664 2230 760 2257 innuit
784 2229 903 2258 Plinius.
935 2229 1006 2256 Nam
1030 2238 1097 2256 cum
1121 2238 1183 2256 eam
1207 2228 1256 2255 alii
1280 2228 1478 2262 Ruminalem,
1503 2225 1552 2254 alii
1574 2223 1698 2252 Naviam
1721 2226 1878 2257 vocarent,
1894 2220 2035 2267 frequen—

94 2272 165 2306 ὶίυε,
197 2272 307 2309 inquit,
336 2283 354 2299 a
375 2273 486 2300 nutrice
506 2271 694 2310 gemellorum
718 2270 797 2300 urbis
821 2270 1022 2306 conditorum,
1049 2271 1217 2309 praesertim
1242 2281 1305 2299 cum
1330 2269 1371 2298 ibi
1392 2267 1579 2298 simulacrum
1603 2276 1720 2294 aeneum
1744 2265 1781 2293 sit
1802 2263 1903 2303 lupae,
1933 2261 2036 2291 Rumz-

95 2312 171 2341 nolis
195 2313 345 2352 appellata
374 2322 429 2350 est,
467 2325 555 2353 quam
578 2314 676 2342 Navia
705 2313 742 2341 ab
766 2313 858 2342 Actio
883 2313 994 2349 Navio,
1035 2313 1086 2352 qui
1107 2320 1207 2351 sponte
1229 2324 1281 2340 sua
1305 2311 1388 2340 illam
1413 2309 1593 2340 transseverit
1615 2309 1645 2336 in
1671 2306 1842 2343 Comitium3
1877 2310 2035 2352 utrumque

95 2356 172 2384 enim
197 2366 299 2384 verum
322 2367 399 2391 ease,
424 2362 453 2385 et
477 2357 597 2384 Naviam
621 2361 648 2384 et
666 2357 849 2385 Ruminalem
872 2356 991 2392 vocari,
1014 2354 1067 2383 sed
1090 2355 1180 2393 magis
1204 2355 1306 2392 utique
1326 2354 1525 2388 Ruminalem,
1550 2361 1637 2390 quam
1655 2351 1795 2386 Naviam3
1819 2356 1937 2394 promus
1960 2354 2034 2372 emm

95 2409 166 2428 vero
184 2409 261 2434 esse,
286 2404 313 2427 et
336 2399 426 2436 magis
450 2405 697 2435 consentaneum,
721 2409 784 2427 eam
807 2403 873 2427 ante
891 2399 1017 2427 Navium
1041 2397 1146 2433 fuisse,
1171 2402 1198 2426 et
1220 2397 1274 2426 sub
1298 2407 1329 2425 ea
1352 2397 1453 2436 lupam
1470 2393 1612 2424 Gemellis
1632 2392 1722 2421 ubera
1743 2392 1922 2435 praebuisse,
1948 2396 2036 2424 quam

98 2446 197 2480 postea
222 2441 257 2469 ab
283 2442 367 2470 Actio
392 2441 484 2470 Navio
507 2443 547 2471 ibi
570 2442 834 2471 transiit-minatam.
876 2440 950 2470 Vide
974 2450 1060 2479 quam
1083 2439 1243 2478 pulchrum
1270 2439 1420 2469 vetustatis
1443 2437 1656 2467 monimentum
1678 2435 1732 2464 sub
1753 2434 1806 2462 illo
1829 2435 1889 2459 situ
1910 2429 2035 2458 mendo-

146 2492 311 2521 ὓπΛΜνῑΛτ.
334 2503 399 2521 Lar.
421 2493 455 2521 tl.
1531 2489 1561 2521 Χ
1576 2499 1593 2520 x
1609 2499 1628 2520 x
