2263 2668
424 145 489 180 DE
517 145 794 182 VERBORUM
821 142 1210 180 SIGNIFICATIONE
1237 143 1551 180 FRAGMENTA.
1800 144 1874 180 265

94 241 209 281 blicis,
237 241 392 286 Augures
415 252 488 274 eam
516 240 671 275 demoliri
699 245 868 286 cogerent.
922 239 998 272 Sex
1025 238 1180 272 Vestae
1207 239 1396 272 sacerdotes
1417 240 1612 273 constitutae
1634 243 1724 279 sunt,
1752 244 1787 272 ut
1809 252 1874 285 po-

95 294 194 338 pulus
220 304 283 337 pro
311 304 368 325 sua
395 304 528 336 quaque
555 299 651 338 parte
678 294 820 326 liaberet
846 291 1024 325 ministram
1051 301 1236 329 sacrorum,
1266 292 1344 333 quia
1372 291 1484 324 civitas
1510 293 1662 324 Romana
1688 291 1722 323 in
1749 303 1804 324 sex
1828 297 1876 325 est

96 345 270 377 distributa
303 344 423 389 partis,
465 345 497 376 in
528 345 654 389 primos
681 344 911 387 secundosque
933 343 1114 383 Titienses,
1158 342 1324 382 Ramnes,
1369 342 1524 377 Luceres
1577 342 1763 376 Salinum
1797 354 1875 377 cum

96 396 165 429 sale
191 396 224 428 in
251 408 365 428 mensa
390 407 517 440 ponere
543 397 655 441 figulis
677 396 831 441 religioni
852 395 1010 435 habetur,
1045 393 1138 437 quod
1158 394 1329 436 quondam
1350 393 1381 425 in
1403 395 1574 437 Esquilina
1594 394 1733 439 regione
1755 395 1874 440 figul0,

99 458 174 480 cum
203 448 320 480 fornax
347 448 449 492 plena
476 459 628 481 vasorum
656 452 872 492 coqueretur,
903 450 1002 489 atque
1027 445 1085 478 ille
1111 445 1263 489 proxime
1283 456 1356 477 eam
1381 446 1585 487 convivatus,
1612 457 1713 490 super
1735 447 1875 480 modum

96 506 215 544 potus,
253 510 370 531 somno
398 503 479 532 esset
506 510 684 545 oppressus
711 511 786 534 cum
815 498 959 533 convivis
985 497 1066 538 suis,
1101 497 1303 541 praeteriens
1329 497 1465 541 quidam
1492 498 1663 542 petulans,
1700 498 1783 531 ostio
1810 510 1875 543 pa-

97 555 187 584 tente
214 562 254 583 ex
280 562 392 584 mensa
418 551 556 584 salinum
584 551 726 585 coniecit
751 551 782 583 in
808 551 997 583 fornacem:
1042 553 1142 592 atque
1168 548 1230 590 ita,
1270 548 1425 582 incendio
1454 550 1612 589 excitato,
1646 549 1770 594 figulus
1798 560 1873 583 cum

99 602 163 636 suis
191 607 419 635 concrematus
446 606 502 635 est.
555 600 923 642 Sacramentumss,
965 612 1019 634 aes
1047 600 1228 645 significat,
1272 601 1364 644 quod
1392 611 1523 645 poenae
1549 601 1681 634 nomine
1707 601 1874 645 penditur,

98 655 166 686 sive
193 665 234 686 eo
261 654 333 696 quis
359 655 600 699 interrogatur,
623 651 646 703 Η
667 656 734 687 sive
761 653 978 688 contenditur.
1004 651 1040 684 id
1066 653 1098 685 in
1126 652 1196 685 aliis
1222 653 1322 685 rebus
1348 652 1587 697 quinquaginta
1610 654 1728 686 assium
1764 651 1873 699 [153]

99 710 165 745 est,
203 706 236 737 in
263 706 333 737 aliis
360 705 459 738 rebus
484 706 742 751 quingentorum
769 706 853 738 inter
879 715 954 747 eos,
995 704 1052 748 qui
1078 704 1203 737 iudicio
1230 704 1315 736 inter
1341 715 1375 737 se
1402 704 1648 738 contenderent.
1674 716 1740 748 qua
1767 704 1811 737 de
1837 715 1874 737 re

99 757 178 802 lege
201 756 239 789 L.
262 757 387 801 Papirii
408 757 467 789 Tr.
493 757 565 801 pL*
586 763 735 793 sanctum
760 763 809 790 est
828 757 879 789 his
899 755 1023 790 verbis:
1051 755 1226 797 Quicum
1237 767 1317 798 que
1345 756 1520 789 Praetor
1546 760 1644 800 post
1669 754 1793 790 hoo*
1814 755 1920 803 fa-JJ·
1938 758 2048 784 Militum

100 814 192 842 ctus
220 810 316 849 erit,
345 808 413 852 qui
441 809 552 842 inter
579 810 693 843 cives
719 810 780 842 ius
806 809 938 846 dicet,
968 812 1053 841 tres
1080 808 1194 840 viros
1222 807 1443 851 Capitales
1470 808 1674 852 populum
1702 812 1874 852 rogato,
1905 792 2048 827 aposthac

99 860 265 903 hique†
293 867 378 893 tres
404 860 540 899 viri††
579 887 586 893 .
641 886 648 893 .
701 887 708 894 .
747 861 973 904 quicumque*
1012 885 1020 894 .
1136 885 1142 892 .
1187 859 1230 893 cti
1257 864 1360 892 erunt.
1390 863 1597 892 sacramenta
1624 863 1701 892 ὃν*
1742 885 1749 892 .
1865 883 1873 891 .
1900 861 2030 895 †t.iique

99 911 338 955 iudicantoque
365 911 553 954 eodemque
579 912 649 945 iure
676 917 789 952 sunto,
823 912 869 944 uti
897 923 936 944 ex
962 911 1109 955 legibus,
1153 911 1334 955 plebeique
1357 911 1443 944 scitis
1471 911 1624 955 exigere,
1661 910 1874 954 iudicareque
1884 895 2048 964 ffssss‘lga‘

101 963 222 1007 (esse),
261 975 397 1007 esseque
424 969 569 1007 oportet.
602 965 797 997 sacramenti
823 968 932 996 autem
961 963 1093 996 nomine
1119 962 1152 995 id
1180 974 1235 995 aes
1262 962 1329 996 dici
1355 967 1513 1007 coeptum
1541 967 1589 995 est
1615 961 1706 1004 quod
1734 966 1767 994 et
1791 971 1875 1006 pro·
1891 964 1931 990 ’ἱ
1950 965 1980 990 Α.
1998 973 2030 991 ex

101 1019 177 1059 pter
209 1015 325 1047 aerarii
357 1015 524 1059 inopiam,
569 1020 602 1048 et
631 1027 800 1049 sacrorum
827 1015 1039 1059 publicorum
1066 1014 1329 1055 multitudinem,
1374 1014 1630 1047 consumebatur
1656 1013 1689 1045 id
1717 1014 1749 1045 in
1775 998 2048 1068 rebusnffjgjgfffgm

101 1066 226 1099 divinis.
282 1064 573 1100 Sextantarii9
597 1079 681 1099 asses
708 1068 740 1100 in
767 1078 826 1100 usu
855 1078 925 1099 esse
951 1070 1134 1111 coeperunt
1160 1077 1201 1099 ex
1228 1077 1269 1099 eo
1295 1071 1467 1110 tempore,
1496 1065 1612 1109 quod*
1634 1070 1774 1109 propter
1799 1065 1876 1097 bel·
1909 1068 1945 1093 Ὗ.
1965 1076 2015 1102 quo

101 1119 169 1150 lum
189 1118 352 1151 Punicum
377 1118 579 1159 secundum,
609 1118 702 1162 quod
730 1130 804 1152 curn
826 1118 1015 1151 Hannibale
1040 1124 1169 1162 gestum
1191 1123 1255 1159 est,
1282 1117 1502 1151 decreverunt
1528 1121 1654 1161 patreS,
1681 1122 1717 1148 ut
1738 1127 1777 1149 ex
1796 1116 1873 1148 assi-

100 1169 163 1202 bus
189 1169 245 1213 qui
272 1174 341 1202 tum
369 1175 460 1202 erant
485 1169 628 1210 librarii,
653 1170 771 1203 fierent
796 1170 981 1203 sextantarii
1007 1169 1086 1213 (per
1112 1181 1196 1213 quos
1223 1181 1299 1204 cum
1321 1169 1405 1202 solvi
1426 1174 1584 1213 coeptum
1606 1169 1706 1210 esset)
1733 1168 1787 1200 et‘
1809 1178 1874 1212 po-

100 1221 199 1265 pulus
235 1232 312 1253 aere
344 1221 453 1254 alieno
487 1222 699 1264 liberaretur,
746 1227 779 1255 et
813 1222 932 1266 privati
965 1222 1084 1265 quibus
1119 1221 1266 1254 debitum
1295 1221 1431 1266 publice
1457 1220 1539 1253 solvi
1567 1219 1766 1264 oportebat,
1809 1230 1876 1252 non

101 1283 226 1318 magno
248 1272 447 1306 detrimento
471 1273 702 1306 adficerentur.
755 1273 960 1318 Septuennio
988 1284 1124 1317 quoque
1146 1273 1292 1317 (anno)*
1314 1284 1388 1305 usus
1410 1276 1473 1311 est,
1501 1277 1536 1304 ut
1559 1271 1671 1316 priore
1692 1281 1829 1303 numero
1839 1271 1914 1311 *⁸‚’s·
1934 1273 1963 1298 Α·
1982 1271 2050 1305 quod

101 1324 160 1357 sed
185 1323 220 1356 id
247 1335 313 1356 non
339 1324 521 1368 permansit
545 1324 579 1356 in
605 1336 684 1365 usu,
724 1336 786 1358 nec
813 1325 956 1369 amplius
982 1326 1144 1370 processit
1169 1325 1202 1357 in
1228 1325 1399 1357 maiorem.
1460 1323 1667 1356 Senacula
1693 1322 1754 1355 tria
1779 1315 2050 1366 ffliSSffiwmiiinmo.

100 1376 248 1416 Romae,
282 1376 315 1409 in
342 1376 462 1419 quibus
488 1380 617 1409 senatus
644 1376 762 1409 haberi
788 1377 901 1410 solitus
928 1376 984 1417 sit,
1017 1377 1198 1409 memoriae
1224 1376 1378 1415 redidit†
1401 1375 1607 1409 Nicostratus
1633 1375 1665 1406 in
1693 1374 1796 1415 libro,
1822 1373 1925 1417 qui†f-
1938 1373 2052 1409 prodidit

100 1427 287 1461 inscribitur
312 1427 356 1461 de
377 1427 502 1461 Senatu
528 1427 698 1462 habendo.
725 1439 844 1468 unum,
879 1428 938 1462 ubi
965 1439 1052 1463 nunc
1079 1433 1126 1461 est
1152 1428 1243 1461 aedis
1271 1427 1481 1461 Concordiae
1507 1426 1591 1460 inter
1615 1425 1818 1470 Capitolium
1846 1430 1878 1457 et

101 1478 244 1516 Forum:
269 1479 302 1511 in
329 1490 397 1523 quo
424 1480 575 1512 solebant
601 1481 810 1525 magistratus
831 1480 870 1513 D.
888 1480 984 1519 T.††
1010 1492 1085 1514 cum
1113 1480 1295 1513 senioribus
1323 1480 1521 1513 deliberare.
1548 1479 1705 1519 alterum,
1733 1476 1776 1509 ad
1796 1486 1876 1521 por-
1886 1476 2034 1510 ††s.‹1um-

101 1535 170 1564 tam
196 1530 379 1575 Capenam.
405 1532 556 1571 tertium,
590 1533 672 1565 citra
699 1531 816 1565 aedem
845 1532 1025 1572 Bellonae,
1059 1531 1092 1564 in
1119 1543 1186 1575 quo
1215 1537 1397 1564 exterarum
1425 1531 1593 1562 nationum
1624 1529 1760 1574 legatis,
1794 1538 1878 1572 quos
1928 1516 2003 1538 *⁸³⁸⁸

101 1582 136 1614 in
160 1581 278 1614 urbem
306 1581 480 1615 admittere
504 1582 678 1623 uolebant,
721 1588 850 1616 senatus
877 1583 1029 1616 dabatur.
1089 1583 1280 1616 Scholae
1306 1583 1415 1616 dictae
1442 1586 1533 1621 sunt,
1581 1591 1646 1612 non
1674 1581 1715 1612 ab
1744 1580 1812 1612 otio
1839 1590 1879 1612 ac

103 1633 274 1666 vacatione
301 1633 409 1675 omni,
445 1633 507 1666 sed
534 1634 645 1677 quod,
683 1635 798 1668 ceteris
824 1635 922 1667 rebus
949 1635 1093 1675 omissis,
1120 1646 1239 1668 vacare
1266 1634 1457 1667 liberalibus
1484 1632 1595 1665 studiis
1620 1631 1715 1675 pueri
1743 1631 1878 1671 debent,

104 1689 140 1715 ut
166 1684 264 1717 etiam
290 1683 361 1716 ludi
389 1685 620 1728 appellantur,
647 1685 679 1717 in
706 1686 823 1728 quibus
851 1685 983 1718 minime
1011 1686 1153 1727 luditur,
1178 1698 1219 1719 ne
1245 1686 1324 1718 tristi
1342 1682 1362 1734 Η
1379 1685 1489 1727 aliquo
1517 1684 1650 1716 nomine
1678 1683 1731 1714 fu-
1773 1679 1878 1727 [154]

104 1735 206 1781 giant
227 1735 331 1780 pueri
356 1746 418 1768 suo
433 1734 550 1780 fungi
575 1747 723 1771 munere.
776 1737 922 1770 Subici
950 1737 1035 1770 aries
1062 1738 1209 1779 dieitur,
1246 1738 1305 1782 qui
1332 1737 1473 1782 agitur,
1510 1738 1548 1767 nt
1574 1734 1756 1768 caedatur.
1783 1732 1877 1776 quod

104 1787 160 1827 fit,
199 1792 235 1818 ut
262 1786 306 1818 ait
327 1785 458 1820 Cincius
485 1788 519 1820 in
544 1786 632 1820 libro
659 1788 705 1821 de
731 1787 850 1834 officio
882 1789 1127 1828 iurisconsulti,
1172 1789 1326 1832 exemplo
1351 1786 1624 1825 Atheniensium,
1668 1784 1768 1830 apud
1793 1795 1878 1830 quos

105 1837 260 1882 expiandi
280 1837 387 1882 gratia
411 1839 494 1872 aries
521 1839 669 1884 inigitur
695 1839 742 1873 ab
769 1851 826 1883 eo,
853 1840 911 1885 qui
936 1841 1046 1874 scelus
1073 1840 1220 1881 admisit,
1248 1851 1377 1884 poenae
1403 1837 1611 1882 pendendae
1635 1837 1719 1870 loco.
1775 1835 1877 1882 Spe-

1925 1170 1959 1195 ·f.
1979 1172 2007 1195 nt

106 1956 314 1995 crumentum]
338 1959 411 1984 I'o-vt
426 1957 496 1993 hoc,
521 1958 568 1986 alii
587 1963 741 1987 mutarunt
763 1959 791 1987 in
807 1965 879 1998 post
899 1959 968 1991 hac,

106 2009 181 2037 quae
203 2009 272 2028 sane
296 1999 384 2028 lectio
399 2000 590 2029 confirmatur
612 2002 781 2030 testimonio
805 2002 969 2040 antiquita-

106 2043 152 2069 tis.
177 2047 221 2070 est
244 2042 318 2070 enim
348 2042 378 2070 in
411 2042 506 2080 legum
530 2043 699 2078 fragmentis
724 2045 780 2072 ita:
826 2045 968 2073 CENso-

104 2084 225 2113 Rtssvs.
251 2084 460 2120 QVElCVNQ.
481 2085 663 2114 PosTHA‹:.
687 2086 808 2115 FACTI.
833 2087 968 2115 ERVM'.

106 2131 201 2165 potest
226 2127 311 2155 etiam
334 2127 502 2162 emendari,
519 2133 591 2166 post
613 2129 641 2155 Ιι.
665 2129 685 2158 l.
707 2139 730 2157 r.
755 2128 785 2157 id
809 2134 861 2165 est,
886 2133 969 2167 post-

104 2169 160 2198 hac
190 2169 282 2207 legem
311 2174 451 2208 rogatam.
482 2179 557 2208 quae
580 2180 649 2199 sane
673 2171 799 2199 formula
828 2171 967 2209 frequens

104 2217 148 2241 est
176 2212 208 2240 in
241 2211 350 2240 eisdem
380 2212 475 2249 legum
508 2212 689 2249 fragmentis.
751 2213 839 2249 Quod
871 2217 966 2241 autem

104 2254 194 2294 paulo
219 2259 284 2292 post
312 2255 343 2282 in
366 2254 528 2293 exemplari
551 2255 667 2292 deerat,
700 2256 903 2294 supplevimus
931 2266 967 2284 ex

105 2297 274 2326 earumdem
297 2297 393 2335 legum
416 2297 560 2335 reliquiis,
584 2298 612 2326 in
627 2298 734 2335 quibus
754 2303 812 2327 est:
837 2298 870 2326 11.
894 2297 967 2326 VIR.

106 2339 183 2375 QVI.
207 2340 269 2368 EX.
296 2339 330 2368 H.
352 2341 382 2368 L.
408 2339 563 2369 FACTVS.
587 2341 767 2369 CREA'I‘VS.
788 2341 844 2369 VE.
870 2341 967 2369 ERlT.

107 2381 191 2411 Unde
217 2392 271 2411 nos
305 2382 443 2416 fecimus,
479 2385 582 2410 treviri
613 2384 759 2421 capitales
788 2385 970 2422 quicumque

158 2433 322 2463 GRAMMAT.
346 2444 413 2462 1.A·r.
428 2433 461 2462 Il.

1013 1970 1045 1986 ex
1067 1959 1140 1986 hacc
1161 1958 1222 1995 lege
1241 1958 1325 1995 sacti
1342 1962 1438 1986 ermzt.
1464 1966 1529 1984 nam
1554 1955 1655 1983 HACE
1671 1954 1769 1982 LEGE
1787 1953 1876 1991 plane

1013 2002 1041 2029 in
1066 2000 1181 2038 legibus
1204 2000 1273 2028 alibi
1302 2000 1428 2028 incisum
1453 2003 1502 2027 est.
1548 1998 1636 2033 Quod
1659 1997 1689 2025 in
1712 1996 1768 2025 fine
1791 1995 1875 2023 addit

1015 2044 1116 2071 Festus
1139 2044 1322 2070 aacramentc·
1345 2043 1464 2069 nomine
1493 2039 1529 2068 id
1551 2051 1602 2068 aes
1631 2039 1694 2066 dici
1715 2043 1772 2067 etc.
1806 2047 1874 2066 con-

1013 2086 1146 2114 firmatur
1168 2095 1184 2113 a
1209 2085 1357 2122 Varrone,
1381 2085 1431 2123 qui
1454 2084 1511 2120 ait,
1535 2082 1571 2110 ab
1594 2093 1627 2111 eo
1650 2091 1734 2110 sacro
1749 2080 1873 2110 dictum.

1012 2129 1042 2157 id
1076 2127 1152 2156 enim
1180 2137 1229 2156 aes
1259 2127 1350 2156 sacris
1381 2126 1511 2156 cedebat.
1555 2125 1630 2153 Ure.
1666 2139 1708 2145 --
1741 2121 1772 2163 9)
1800 2123 1874 2151 Sex-

1012 2169 1165 2209 tannarie]
1196 2169 1370 2199 Hermolaus
1401 2169 1489 2208 legit,
1519 2178 1579 2207 quo
1603 2177 1656 2205 per
1679 2165 1789 2194 bellum
1810 2166 1875 2194 Pu-

1009 2215 1113 2241 nicum
1135 2212 1309 2241 secundum.
1331 2213 1423 2252 paulo
1445 2215 1516 2251 post
1536 2209 1701 2248 legendum:
1724 2214 1757 2237 ut
1772 2218 1805 2236 ex
1819 2219 1874 2236 as-

1010 2256 1111 2294 sibus,
1136 2257 1191 2294 qui
1212 2261 1277 2284 tum
1299 2260 1384 2284 erant
1407 2254 1544 2290 librarii,
1556 2252 1668 2291 fierent
1680 2252 1874 2287 sextantarii,

1011 2305 1045 2326 ut
1065 2298 1200 2337 populu-9
1222 2309 1287 2327 aere
1310 2298 1489 2326 liberaretur
1513 2301 1567 2325 etc.
1589 2299 1618 2323 et
1644 2299 1714 2334 post
1739 2299 1874 2333 septuen-

1011 2343 1060 2369 nio
1084 2352 1217 2380 quoque,
1247 2340 1330 2380 quod
1352 2351 1382 2368 eo
1404 2350 1479 2368 usu-9
1501 2343 1542 2367 est
1565 2343 1598 2366 ut
1615 2339 1720 2376 priore
1741 2346 1872 2365 mamma

1011 2384 1066 2413 Sed
1089 2383 1164 2413 haec
1186 2384 1216 2412 in
1238 2384 1368 2422 margine
1391 2382 1569 2412 notavimus.
1601 2380 1677 2408 Urs.

1572 2431 1632 2465 Ll
