2263 2668
238 957 454 1002 impulsorem
488 969 542 991 me
577 957 766 990 habiturum
803 957 1004 998 arbitrabor,
1049 962 1234 991 ceterorum
1269 956 1415 990 omnium
1448 955 1570 990 iudicia
1602 954 1686 988 nihil
1719 967 1926 1002 magnopere
1956 957 2179 991 extimescens.

240 1024 399 1059 Conscius
425 1025 512 1058 enirn
537 1026 609 1069 ipse
635 1023 718 1057 mihi
744 1036 814 1058 sum
841 1026 895 1058 vel
927 1026 1089 1066 maxime,
1134 1030 1256 1068 quanta
1289 1036 1385 1066 cura,
1430 1035 1531 1068 quam
1563 1023 1757 1069 diligenter,
1799 1035 1899 1068 quam
1932 1025 2088 1072 religiose
2112 1025 2181 1060 hoc

239 1098 393 1138 suscepto
426 1104 563 1127 munere
594 1093 752 1139 perfungi
785 1093 951 1135 studeam,
995 1106 1034 1128 ac
1069 1094 1094 1126 si
1127 1105 1179 1127 res
1213 1105 1279 1127 non
1305 1094 1429 1137 ubique
1456 1104 1497 1126 ex
1523 1092 1680 1137 opinione
1707 1093 1853 1132 cesserit3
1895 1105 1935 1126 ea
1961 1099 2009 1128 est
2034 1094 2181 1128 humana

237 1161 446 1196 imbecillitas
472 1172 512 1195 ac
540 1173 655 1195 >rerum
686 1161 905 1196 humanarum
939 1162 1186 1207 circumscripta
1219 1162 1316 1197 arctis
1350 1161 1509 1195 limitibus
1543 1161 1718 1202 condicio,
1758 1173 1843 1205 quae
1869 1161 2021 1196 homines
2049 1174 2180 1207 semper

236 1231 321 1264 infra
347 1235 479 1275 sperata
506 1230 682 1274 animoque
709 1235 871 1275 concepta
898 1231 1071 1264 subsistere
1096 1230 1197 1264 iubet.
1250 1231 1302 1263 De
1328 1241 1393 1274 qua
1419 1230 1585 1264 communi
1612 1230 1758 1263 omnium
1786 1236 1892 1272 sorte,
1918 1231 1977 1264 etsi
2003 1231 2099 1271 tristi,
2126 1242 2179 1264 me

235 1305 347 1332 tamen
379 1298 479 1332 facile
511 1299 755 1339 consolaturus,
802 1298 884 1331 nihi!
918 1310 984 1344 ego
1018 1299 1160 1343 amplius
1194 1304 1334 1344 expeto,
1379 1309 1479 1342 quam
1504 1297 1634 1340 Tuum,
1678 1298 1737 1331 Vir
1761 1299 1975 1339 Perillustn's,
2018 1298 2178 1332 favorem.

237 1366 368 1408 Quodsi
393 1366 484 1401 hunc
509 1366 591 1400 mihi
617 1367 711 1401 enixe
736 1367 867 1412 roganti
894 1378 960 1400 non
987 1367 1220 1413 denegaveris,
1261 1373 1391 1400 strenua
1417 1377 1520 1411 opera
1546 1367 1578 1400 in
1603 1371 1755 1412 suscepto
1782 1367 1918 1412 negotio
1944 1378 2104 1412 pergam,
2138 1378 2178 1400 ac

235 1435 310 1469 Deo
333 1434 376 1471 O.
404 1434 454 1468 Μ.
479 1435 523 1469 de
549 1441 707 1481 exoptato
735 1436 889 1470 laborum
917 1447 1066 1470 meorum
1093 1436 1158 1470 fine
1185 1436 1373 1477 confidam,
1400 1440 1509 1471 cetera
1537 1447 1676 1472 securus.
1719 1435 1813 1469 Vale.
1859 1435 1984 1480 Scripsi
2010 1435 2043 1468 in
2067 1435 2177 1479 Gym-

235 1504 326 1536 nasio
351 1503 541 1537 Zittaviensi
565 1504 650 1538 ldib.
673 1505 784 1539 Sextii.
812 1504 1077 1539 clolocccxxxn.
1571 1502 1577 1518 '
