2263 2668
424 148 488 181 DE
514 147 787 182 VERBORUM
814 145 1207 183 SlGNIFtGATloNE
1239 147 1556 185 FRAGMENTA.
1816 149 1891 184 225

105 245 203 278 fuisse
232 241 456 287 appellandae
483 242 689 287 potissimum
717 239 833 291 Rhon
851 254 935 277 mae.
994 241 1134 275 Diocles
1160 241 1282 286 Pepm
1285 241 1396 275 ethius
1422 244 1472 276 ait
1499 244 1610 277 Iliam
1638 243 1764 277 Numi-
1807 242 1889 291 [78]

105 296 189 329 toris
212 294 343 328 Albani
378 295 477 339 regis
499 293 644 341 filiam,
690 295 862 340 gemellos
889 294 1059 334 edidisse,
1103 304 1187 338 quos
1220 293 1251 324 in
1285 293 1357 326 ima
1389 294 1523 328 Tiberis
1549 296 1632 340 ripa
1660 307 1684 328 a
1711 295 1889 338 Faustulo,

105 347 209 392 regio
235 346 409 389 ministro,
453 346 639 390 expositos,
675 347 775 379 iuxta
789 346 908 393 ficum
935 345 1157 390 appellatam
1181 348 1306 389 postea
1333 356 1357 377 a
1380 346 1528 380 Romulo
1555 348 1797 388 Ruminalem,
1834 347 1886 381 sic

105 399 260 432 iacentes
285 398 407 443 lupam
434 397 600 437 lactasse,
636 401 668 430 et
691 398 813 443 picum
838 397 1013 431 Martium
1037 397 1195 429 nutrisse.
1219 399 1299 440 post
1325 403 1481 441 repertos
1503 399 1640 432 Accam
1666 398 1884 441 Larentiam,

105 449 268 483 Faustuli
294 460 458 490 uxorem,
498 449 677 482 educasse.
703 450 859 494 plerique
884 453 1019 489 tamen,
1061 448 1196 481 conscio
1224 451 1255 480 et
1282 448 1451 481 alimenta
1474 450 1668 494 praebente
1690 450 1884 491 Numitore,

105 502 254 534 nutritos
280 502 396 541 aiunt,
442 500 535 545 quod
561 500 635 533 Ilia
663 512 708 533 er
726 501 849 534 Marte
873 512 910 534 se
936 499 1115 545 peperisse
1141 510 1199 532 eos
1225 499 1471 541 asseverabat,
1519 513 1562 534 ac
1588 505 1721 534 secreto
1749 502 1883 541 litteris,

106 553 199 586 omni
234 552 379 597 denique
411 551 552 584 liberali
584 552 773 597 disciplina
804 552 930 586 Gabiis
962 551 1134 585 institutos
1168 555 1268 594 atque
1303 552 1457 584 excultos
1477 551 1603 596 fuisse.
1640 557 1745 597 atque
1771 553 1822 585 ita
1848 554 1883 585 in

107 604 247 637 musicis
266 605 418 649 primam
446 603 635 647 pueritiam
662 605 882 645 traduxisse,
922 615 1000 637 cum
1025 603 1117 636 inter
1142 596 1311 647 aequales
1338 614 1451 637 omnes
1478 608 1698 647 praestarent
1726 605 1884 649 corporis

102 655 337 701 proceritate,
373 658 405 687 et
421 654 567 701 forma,
602 656 812 699 nominatos,
845 656 1004 689 alterum
1016 654 1225 696 Romulum,
1263 654 1415 687 Remum
1441 655 1602 688 alterum.
1654 655 1728 689 Eos
1753 655 1812 688 ubi
1839 665 1884 688 ea:

107 717 306 752 compressu
325 706 422 740 Iliae
446 710 549 740 natos
572 717 610 740 se
637 708 883 753 cognoverint,
910 711 942 740 et
969 706 1062 752 quod
1090 706 1260 750 expositos
1285 705 1318 738 in
1343 706 1426 751 ripa
1454 706 1587 740 Tiberis
1612 708 1699 752 lupa
1722 707 1883 740 lactave-

105 759 170 798 rit,
197 757 377 803 praebens
401 768 553 800 rumam,
581 763 694 792 monte
720 760 832 793 vicino
858 759 1087 800 descendens,
1121 762 1154 790 et
1179 757 1274 802 quod
1300 758 1433 802 reperti
1459 769 1484 790 a
1504 758 1671 792 Faustulo
1698 764 1772 791 sunt
1798 759 1883 791 edu-

106 810 190 850 cati,
225 810 465 855 Romulusque
492 813 525 843 et
548 810 682 844 Remus
708 822 732 844 a
758 822 863 844 ruma
887 810 1045 844 nominati
1070 810 1304 854 potissimum:
1339 814 1532 854 praeterea
1558 821 1624 854 quo
1646 814 1755 854 patre
1781 814 1886 843 essent

106 862 273 906 procreati
300 861 549 902 intellexerint,
586 861 764 896 Numitori
790 874 857 896 avo
880 863 1036 908 primum
1062 861 1238 894 restituisse
1264 872 1426 905 regnum,
1467 861 1596 894 deinde
1620 861 1665 894 de
1691 860 1777 894 urbe
1804 872 1886 894 con-

107 913 228 946 denda
255 924 316 957 per
342 913 483 958 auguria
509 913 718 954 decrevisse,
754 918 831 947 uter
858 925 937 947 eam
964 913 1145 954 conderet,
1180 913 1434 956 nominaretque
1461 923 1501 946 ac
1520 912 1668 945 Deorum
1695 912 1887 958 manifesta

107 964 380 1009 approbatione,
417 965 604 998 Romulum
640 966 756 999 urbem
793 966 1009 1006 condidisse,
1043 970 1190 1010 eamque
1216 964 1412 998 nominasse
1439 964 1593 996 Romam
1623 964 1751 1008 potius,
1786 974 1887 1007 quam

106 1017 296 1049 Romulum
323 1017 370 1049 de
395 1027 457 1050 suo
482 1017 636 1057 nomine,
670 1021 707 1050 ut
734 1018 904 1062 ampliore
931 1017 1087 1051 vocabuli
1113 1016 1360 1061 significatione
1381 1015 1614 1061 prosperiora
1639 1016 1781 1060 patriae
1807 1027 1885 1049 suae

107 1069 319 1101 ominaretur.
358 1068 513 1101 Romam
533 1072 639 1101 antea
662 1067 878 1102 Romulam3
906 1069 1116 1115 appellatam
1137 1068 1315 1101 Terentius
1337 1068 1474 1111 quidem
1500 1067 1613 1100 Varro
1629 1066 1746 1112 fuisse
1770 1067 1820 1099 ait
1841 1066 1887 1099 ab

106 1119 275 1161 Romulo,
302 1119 424 1153 deinde
452 1120 614 1153 detortam
643 1121 816 1161 vocalem,
847 1121 1064 1166 detritasque
1090 1121 1212 1153 literas
1228 1119 1347 1165 fuisse
1374 1119 1544 1155 credibile.
1574 1125 1722 1152 ceterum
1748 1129 1888 1151 causam

107 1171 181 1204 eius
208 1172 457 1216 appellationis
480 1172 642 1205 invenisse
668 1173 713 1204 ait
736 1172 870 1205 Verrius
901 1173 1046 1206 vetitam
1075 1183 1149 1206 esse
1176 1171 1367 1217 publicari.
1429 1172 1660 1203 Romanam
1693 1167 1887 1213 portam4

107 1228 209 1256 antea
229 1223 421 1256 Romulum
446 1223 625 1256 vocitatam
651 1223 778 1265 ferunt,
806 1236 891 1268 quae
919 1225 1017 1257 fuerit
1044 1223 1091 1257 ab
1117 1224 1236 1257 Roma
1263 1223 1458 1269 appellata.
1474 1218 1495 1270 Î—
1511 1222 1764 1255 Romuliam
1807 1219 1887 1266 [79]

110 1273 182 1307 Tri
190 1274 283 1307 bum
311 1274 532 1319 appellatam
548 1275 598 1308 ait
616 1275 805 1319 Dionysius
824 1275 871 1309 ab
884 1276 1047 1317 Romulo,
1074 1275 1168 1320 quod
1195 1276 1230 1308 in
1257 1286 1352 1321 agro
1380 1273 1426 1307 ab
1446 1284 1486 1307 eo
1512 1277 1612 1319 capto
1628 1273 1675 1306 de
1693 1271 1889 1305 Veientibus

100 1327 261 1370 populis,
303 1337 347 1359 ea
379 1325 503 1360 Tribus
536 1326 751 1360 censebatur.
815 1327 998 1361 Terentius
1024 1327 1140 1361 Varro
1174 1327 1310 1360 dictam
1343 1326 1411 1367 ait,
1453 1325 1548 1371 quod
1568 1325 1729 1370 proxima
1752 1324 1889 1357 Romae

106 1381 194 1411 esset
246 1403 252 1409 .
307 1405 314 1411 .
369 1405 376 1412 .
431 1403 438 1410 .
493 1406 500 1413 .
552 1406 560 1413 .
615 1407 622 1414 .
676 1404 683 1411 .
738 1406 745 1412 .
799 1391 885 1423 quae
947 1405 954 1412 .
1008 1406 1015 1412 .
1071 1408 1078 1415 .
1134 1406 1141 1412 .
1196 1404 1202 1412 .
1259 1405 1264 1412 .
1320 1404 1327 1411 .
1382 1404 1390 1411 .
1443 1403 1451 1410 .
1506 1403 1513 1410 .
1568 1377 1701 1410 cuidam

107 1457 113 1463 -
850 1443 894 1477 ep
956 1459 963 1467 .
1017 1457 1024 1464 .
1079 1457 1085 1464 .
1141 1456 1148 1463 .
1202 1458 1210 1465 .
1271 1456 1278 1463 .
1339 1455 1347 1463 .
1406 1455 1415 1464 .
1478 1458 1485 1465 .
1548 1455 1555 1462 .
1615 1439 1721 1462 ruma
1755 1427 1793 1460 id
1829 1430 1889 1468 est,

106 1492 250 1514 mamma
303 1507 309 1513 .
365 1507 372 1514 .
427 1507 433 1513 .
489 1507 497 1514 .
550 1508 558 1516 .
612 1508 620 1514 .
674 1508 681 1516 .
735 1507 743 1515 .
798 1511 805 1517 .
861 1510 868 1517 .
922 1509 929 1516 .
986 1509 993 1516 .
1049 1511 1055 1517 .
1101 1482 1272 1527 Capitolio

108 1558 114 1564 .
165 1533 255 1566 nium
309 1556 318 1564 .
371 1557 378 1565 .
433 1558 441 1566 .
495 1559 503 1566 .
557 1560 565 1567 .
620 1561 625 1567 .
682 1559 689 1566 .
741 1559 749 1567 .
803 1559 810 1566 .
865 1560 872 1567 .
928 1560 935 1566 .
990 1560 998 1569 .
1054 1560 1062 1567 .
1117 1560 1124 1569 .
1169 1535 1213 1567 de
1261 1560 1268 1567 .

233 1611 239 1617 .
280 1595 346 1627 que
387 1609 394 1616 .
449 1609 456 1615 .
510 1609 517 1616 .
573 1611 579 1617 .
636 1612 642 1618 .
699 1611 706 1617 .
759 1610 767 1617 .
822 1614 829 1621 ,
886 1614 893 1621 .
948 1612 955 1618 .
1009 1610 1016 1618 .
1058 1586 1180 1629 requisi
1219 1613 1225 1619 .
1281 1612 1287 1617 .
1342 1609 1349 1616 .
1405 1610 1412 1616 .
1467 1609 1474 1617 .
1530 1609 1537 1615 .
1591 1609 1598 1616 .
1653 1607 1660 1614 .
1715 1608 1721 1614 .
1777 1609 1784 1615 .
1821 1590 1888 1624 ap-

106 1635 263 1679 pellatam
319 1662 326 1669 .
379 1660 386 1667 .
441 1659 448 1666 .
502 1660 509 1667 .
627 1662 633 1669 .
688 1662 695 1669 .
811 1664 819 1671 .
873 1662 880 1669 .
936 1662 943 1669 .
994 1663 1002 1670 .
1049 1642 1096 1669 est
1123 1649 1210 1681 quae
1257 1663 1264 1671 .

171 1712 178 1719 .
229 1687 388 1718 Rumex
419 1697 534 1731 genus
564 1688 625 1721 teli
657 1688 770 1721 simile
801 1689 904 1734 spari
935 1687 1086 1727 Gallici,
1130 1689 1227 1722 cuius
1260 1686 1409 1720 meminit
1434 1685 1603 1719 Lucilius:
1653 1683 1740 1717 Tum
1765 1693 1888 1728 spara,

108 1741 180 1769 tum
207 1737 357 1770 rumices
381 1741 570 1782 portantur
594 1740 727 1784 tragula
748 1751 870 1785 porro.
930 1740 1159 1773 Rumitant
1175 1738 1203 1781 âµ,
1244 1738 1426 1784 signficat
1454 1737 1617 1781 rumigei
1619 1742 1694 1775 ant,
1738 1741 1774 1767 ut
1798 1735 1889 1767 Nae-

108 1788 192 1821 vius.
246 1788 361 1821 Simul
395 1789 487 1822 alius
519 1791 664 1824 aliunde
695 1792 856 1824 rumitant
888 1792 971 1824 inter
1002 1794 1075 1825 se*.
1135 1787 1447 1824 Ruminalem6
1462 1787 1580 1834 ficum
1608 1787 1818 1832 appellatam
1846 1786 1890 1818 ait

111 1840 215 1872 Varro
238 1851 353 1884 prope
376 1840 521 1874 Curiam
549 1842 612 1875 sub
637 1842 829 1883 Veteribus,
857 1843 949 1887 quod
977 1844 1037 1876 sub
1066 1855 1105 1876 ea
1131 1842 1253 1875 arbore
1279 1842 1365 1886 lupa
1391 1851 1532 1872 ramam
1559 1840 1699 1871 dederit
1719 1840 1829 1871 Remo
1857 1842 1890 1871 et

108 1891 257 1924 Romulo
279 1891 317 1923 id
339 1896 403 1932 est,
432 1904 635 1927 mammam.
688 1894 849 1928 Mamma
876 1901 987 1928 autem
1016 1893 1142 1927 runiisâ·
1166 1894 1305 1927 dicitur.
1333 1892 1429 1924 unde
1452 1891 1575 1924 rustici
1597 1891 1733 1924 haedos
1753 1890 1888 1922 lacten-

108 1947 156 1975 res
183 1943 369 1975 subrumios
396 1948 540 1986 vocant,
576 1946 634 1990 qui
661 1946 782 1979 adhuc
808 1946 871 1980 sab
899 1947 1062 1979 mammis
1089 1945 1272 1979 habentur.
1304 1943 1407 1976 alibi*
1429 1948 1539 1975 autem
1567 1948 1641 1974 sunt
1667 1942 1725 1987 qui
1747 1944 1890 1986 putentâ€šÎ‡

108 1994 202 2039 quod
228 1993 291 2027 sub
320 2005 363 2027 ea
384 2006 495 2039 pecus
521 1997 676 2030 ruminari
704 1998 836 2031 solitum
865 2002 961 2031 esset.
1021 1998 1184 2029 Rumen
1218 1999 1266 2029 est
1291 2005 1381 2040 pars
1408 1995 1506 2034 colli,
1550 2006 1615 2037 qua
1644 2005 1718 2027 esca
1745 1993 1889 2024 devora-

108 2051 179 2086 tur,
222 2046 316 2078 unde
343 2056 487 2080 rumare
512 2048 694 2091 dicebant,
736 2050 828 2092 quod
856 2061 943 2083 nunc
970 2049 1144 2082 ruminare.
1206 2045 1495 2080 Rumentumss
1521 2046 1556 2079 in
1579 2044 1818 2090 Auguralibus
1844 2043 1889 2076 si-

107 2184 231 2201 manam
251 2179 383 2212 poeram
393 2172 405 2213 ]
431 2173 524 2203 Varro
548 2174 596 2203 lib
617 2177 645 2207 4.
670 2175 704 2203 de
730 2176 810 2213 ling.
834 2176 895 2204 Lat.
920 2176 972 2204 Ro.
1019 2174 1177 2212 Varronis,
1202 2185 1239 2203 ex
1256 2175 1365 2203 Catone
1383 2173 1533 2203 deliberis
1554 2171 1724 2202 educandis.
1762 2170 1886 2209 Propter

107 2216 226 2244 nianula
255 2222 342 2255 porta
374 2216 451 2245 dicta
486 2222 528 2245 est
558 2217 593 2245 ab
617 2218 709 2246 Roma
735 2223 791 2247 etc.
832 2219 911 2246 Urs.
936 2234 974 2239 â€”-
1019 2218 1167 2248 rumami
1187 2218 1286 2257 prisco
1303 2217 1449 2245 vocabulo
1463 2226 1626 2265 mammam,
1644 2226 1659 2244 a
1678 2224 1736 2253 quo
1752 2212 1887 2242 subrumi

107 2258 135 2297 5)
166 2257 360 2298 Rumitant.]
390 2259 494 2288 Naevii
517 2269 620 2288 versus
654 2261 684 2288 in
710 2261 838 2300 epitoma
866 2261 977 2289 relatus
1022 2261 1107 2289 etiam
1138 2270 1216 2289 nunc
1243 2260 1384 2289 dicuntur
1416 2260 1490 2298 agni.
1529 2259 1609 2287 Urs.
1645 2274 1687 2279 â€”
1728 2258 1755 2294 7)
1778 2266 1887 2284 ramusÎ‡

107 2312 124 2329 a
149 2301 242 2330 Paulo
265 2301 372 2337 habet,
396 2303 523 2339 inter-se,
548 2308 581 2331 ut
603 2303 731 2331 sortasse
755 2303 833 2342 apud
857 2303 977 2332 Festum
1022 2313 1112 2342 marg.
1148 2303 1219 2332 Ven.
1262 2319 1299 2324 â€”
1347 2301 1376 2343 8)
1408 2302 1620 2340 Iumentum]
1654 2300 1689 2329 In
1723 2298 1886 2338 exemplari

108 2344 265 2382 legendum
291 2344 346 2380 sit,
376 2345 453 2372 inter
474 2356 543 2373 sese.
589 2345 665 2373 Urs.
695 2361 736 2367 â€”â€”
776 2345 804 2384 6)
828 2347 979 2374 Rumina-
1027 2351 1071 2374 est
1113 2367 1118 2372 .
1162 2368 1168 2374 .
1211 2368 1217 2374 .
1258 2369 1265 2376 .
1305 2347 1378 2373 etim
1415 2347 1460 2373 tis
1491 2346 1628 2381 canerit,
1677 2353 1738 2372 non
1769 2346 1802 2370 ut.
1832 2340 1887 2369 liaâ€”

109 2386 186 2425 lem]
212 2387 365 2416 Videndus
395 2387 479 2416 Varr.
506 2388 555 2416 lib.
578 2390 604 2418 2.
636 2388 672 2416 de
696 2398 728 2417 re
752 2389 880 2425 rustica,
916 2399 977 2428 cap.
1021 2388 1070 2416 bet
1104 2388 1194 2418 editio
1224 2388 1437 2426 Augustiniana
1477 2409 1664 2418 .....
1700 2386 1810 2413 crimen
1841 2384 1886 2410 â€˜Â¹Â²3âµ'

109 2429 222 2460 ultimo.
248 2434 277 2458 et
299 2429 411 2458 Nonius
434 2430 464 2458 in
489 2431 599 2465 Rumn,
625 2431 676 2469 qui
700 2430 785 2460 affert
808 2432 977 2470 exemplum
1022 2433 1143 2461 canerit
1175 2431 1254 2460 unde
1284 2441 1338 2460 noa
1363 2430 1584 2470 supplevimus,
1623 2430 1652 2456 si
1674 2429 1793 2456 interim
1817 2433 1885 2452 am*

153 2481 318 2510 GRAMMAT.
344 2491 409 2509 Lar.
431 2480 463 2509 ll.
1581 2482 1609 2515 F
1629 2480 1646 2512 f

1916 1790 1925 1799 â€™
1935 1788 1953 1813 t'.
1972 1798 2037 1816 sese.

1930 1942 1965 1968 â€˜fi
1986 1943 2028 1968 alii
