2263 2668
574 151 639 184 DE
664 149 1049 186 SlGNlFlCATlONE
1076 149 1358 187 VERBORUM.
1409 153 1557 188 LIBER
1582 154 1622 188 V.
1990 157 2063 192 411

127 242 234 271 Ursini.
275 241 382 270 Ultima
406 243 497 271 verba
519 242 599 283 quod
621 251 661 272 est
684 243 819 273 hauritur
839 244 1077 282 ministraturque
1098 252 1113 270 a
1137 242 1226 271 Paulo
1248 253 1312 273 esse
1333 245 1478 284 suspicor.
1522 247 1624 285 Neque
1647 246 1725 275 enim
1746 244 1866 275 anelare
1886 246 2005 279 haurire
2026 252 2064 279 si-

127 285 249 323 gnificat
270 289 298 312 et
320 285 502 321 ministrare,
539 287 591 314 sed
621 286 787 315 ministrare
815 291 929 315 tantum
959 289 987 313 et
1011 289 1055 312 est
1080 284 1115 312 ab
1138 284 1286 316 maculare.
1328 287 1462 318 Anclare
1484 299 1554 318 vero
1578 300 1633 328 pro
1656 288 1776 318 haurire
1799 299 1853 328 per
1873 290 2064 322 librariorum

126 327 350 365 incogitantiam
374 328 515 366 scriptum
539 334 584 357 est
606 338 662 367 pro
683 328 813 365 antlare,
837 328 917 367 quod
939 332 981 355 est
1002 337 1018 355 a
1042 327 1156 355 Graeco
1181 326 1305 359 ἀντλεῖν.
1341 330 1414 359 Vide
1436 331 1586 361 anclabris
1608 337 1637 360 et
1657 331 1777 361 anelare
1798 342 1851 360 suo
1874 333 1949 364 loco.
1974 334 2061 365 Dae.

128 370 202 399 Vide
224 370 349 398 Nonium
373 370 450 398 libro
475 376 578 407 quarto
603 373 766 409 (pag.292.
789 382 811 401 s,
831 382 860 401 v.
884 368 1080 407 Exanilare.)
1128 368 1230 399 Goth.

291 410 408 442 Escit.
453 413 526 441 Vide
553 414 629 441 infra
659 414 690 441 in
726 412 841 442 Obescit
870 418 898 442 et
925 413 954 440 in
983 410 1161 450 Superescit,
1203 414 1347 452 supererit.
1377 412 1475 444 Fulv.
1503 415 1578 444 Urs.
1623 415 1697 444 Vide.
1725 415 1787 445 Nec
1816 417 2062 449 coniunctionem.

127 453 214 483 Ant.
237 454 329 493 Aug.
373 455 404 483 ln
427 455 588 484 X11.1ab.:
626 455 661 485 Si
690 455 808 484 morbus
837 456 978 485 aevitasve
1005 455 1106 482 vitium
1137 456 1214 485 escit.
1259 455 1303 484 Ita
1325 457 1440 485 Lucret.
1470 457 1516 495 (I,
1539 460 1642 494 612.)
1679 459 1721 487 Ita
1742 459 1829 488 etiam
1853 460 1954 500 virgil.
1978 461 2062 501 (Aen.

131 496 212 533 VllI,
235 498 316 534 64.)=

661 539 725 568 Hic
745 539 818 568 mihi
839 549 947 578 magna
969 537 1074 567 domus
1097 537 1179 567 celsis
1202 547 1290 579 caput
1314 539 1432 568 urbibus
1454 542 1533 570 escit.

129 589 172 616 De
195 597 254 626 quo
278 588 394 618 abunde
417 590 494 629 apud
511 590 666 619 Horatium
690 591 828 619 diximus.
848 590 937 619 Dac.
970 588 1067 626 Esci15
1089 589 1151 618 esit.
1180 588 1281 619 Goth.
1317 590 1489 628 Legitimum
1513 592 1645 621 futurum
1667 593 1796 631 priscum
1821 594 1877 621 suit
1898 605 1959 631 eso,
1983 595 2064 634 quod

130 631 312 659 Graecorum
345 632 448 670 ἔσομαι
478 633 547 662 salis
577 634 673 661 docet.
717 633 749 661 Id
780 633 865 661 solita
891 632 1052 660 mutatione
1079 631 1108 659 in
1132 642 1179 660 ero
1202 642 1393 669 conversum,
1433 633 1511 672 quod
1535 640 1637 673 postea
1659 636 1754 664 solum
1777 635 1806 664 in
1828 645 1885 664 usu
1907 638 2062 675 remansit,

128 673 180 701 sed
203 673 298 701 Varro
323 675 361 703 De
386 675 415 703 L.
439 676 469 705 L.
494 676 562 711 Vll,
586 678 622 712 3,
645 685 710 714 pag.
724 678 794 707 312.
820 685 834 703 e
855 674 1034 703 carminibus
1057 674 1217 702 Saliaribus
1239 674 1322 703 affert
1345 686 1407 711 eso,
1444 686 1534 713 quare
1558 678 1594 706 de
1616 688 1669 706 usu
1692 677 1779 706 huius
1802 679 1913 708 formae
1935 679 2064 708 dubitari

128 717 240 753 nequit.
287 717 369 744 Unde
392 727 463 746 vero
486 729 549 747 esco
573 718 701 753 venerit,
738 717 893 755 hucusque
914 728 1001 745 nemo
1024 717 1178 745 enucleare
1201 718 1307 755 potuit.
1353 718 1389 746 Et
1410 717 1467 746 hoc
1490 729 1605 748 rursum
1626 721 1693 749 loco
1716 721 1816 749 mirari
1838 721 1909 749 licet
1931 731 2061 750 consan-

128 758 317 796 guinitatem,
356 769 432 798 quae
454 761 557 789 Latino
589 765 617 789 et
646 761 796 788 Sanscrito
827 760 1009 789 sermonibus
1037 759 1201 788 intercedit.
1246 760 1318 788 Nam
1347 760 1377 787 in
1408 761 1556 789 sanserito
1584 772 1715 791 sermone
1742 763 1872 792 futurum
1900 764 2064 793 secundum

127 801 212 828 verbi
236 811 291 836 as,
317 812 396 838 esse,
419 808 553 839 sonaret,
577 803 600 831 si
623 803 820 838 inveniretur,
844 804 965 842 asjami,
991 812 1026 830 ex
1049 812 1108 840 quo
1128 802 1213 829 solita
1237 803 1414 839 mutatione,
1441 804 1644 833 terminatione
1667 806 1728 833 ami
1748 805 1777 832 in
1801 817 1818 834 ο
1840 810 1967 841 mutata,
1991 807 2063 845 asjo,

127 853 201 872 esca.
241 844 392 872 Remansit
414 846 506 883 igitur
526 847 555 874 in
574 846 676 874 Latino
700 855 849 880 sermone,
874 845 954 883 quod
978 845 1071 873 serior
1092 845 1232 873 Indorum
1255 845 1354 882 lingua
1378 846 1488 882 amisit,
1512 846 1642 875 futurum
1667 847 1828 876 secundum
1851 859 1866 876 a
1889 849 1989 877 radice
2011 859 2062 885 as,

127 895 204 922 esse,
239 886 403 923 deflexum3
441 889 491 916 sed
514 889 591 927 apud
614 888 703 916 Indos
725 889 754 915 in
777 897 863 916 usum
888 887 968 916 venit
990 888 1122 915 futurum
1147 897 1161 915 a
1185 887 1286 915 radice
1310 887 1383 923 blm,
1415 889 1495 926 quod
1519 894 1602 917 sonat
1626 889 1821 928 hhavasjami,
1859 891 1938 928 quod
1963 891 2064 919 Latine

127 933 214 955 sonat
227 928 369 970 fuvescO,
384 929 509 971 suesco,
532 941 586 969 pro
609 940 668 969 quo
681 929 774 972 fueso
797 931 909 958 dictum
933 940 994 959 esse
1017 930 1152 966 videtur,
1177 939 1214 957 ex
1237 939 1295 968 quo
1308 929 1400 970 fitero
1423 931 1549 965 factum,
1572 931 1652 970 quod
1674 937 1775 970 postea
1798 937 1830 961 ut
1854 933 1986 962 futurum
2010 942 2062 962 ex-

128 974 227 998 actum
250 973 388 1009 usurpari
411 974 518 1012 coepit.

290 1019 416 1061 Eapse.
461 1024 502 1052 Ea
524 1024 597 1063 ipsa.
622 1024 715 1052 Plaut.
740 1023 858 1059 Cist.1‚
882 1026 911 1054 2.
937 1021 1033 1063 (17.):

581 1075 709 1103 Puerum
733 1083 782 1103 aut
803 1073 931 1114 puellam
955 1072 1093 1103 alicunde
1114 1080 1145 1102 ui
1167 1074 1316 1113 reperirem
1339 1072 1396 1102 sibi

577 1116 690 1146 Recens
713 1125 825 1153 natum,
849 1128 932 1156 eapse
952 1115 1032 1156 quod
1053 1115 1109 1145 sibi
1130 1123 1308 1156 supponeret.

128 1156 176 1184 Sic
199 1167 328 1196 eampse,
352 1168 413 1185 eam
435 1158 540 1197 ipsam.
582 1159 663 1187 Idem
686 1159 847 1196 Trucul.1‚
871 1162 900 1190 2.
925 1157 1018 1197 (30.):

582 1200 659 1239 Quia
681 1209 707 1230 te
729 1200 924 1230 adducturum
948 1200 1004 1230 huc
1029 1199 1150 1229 disseras
1175 1212 1236 1229 eum
1259 1201 1353 1240 ipsum
1376 1210 1434 1229 non
1458 1210 1578 1239 eampse.

127 1248 215 1287 (Lege
237 1250 318 1288 apud
341 1250 491 1278 Plautum:
517 1263 629 1291 eumpse
650 1263 707 1281 non
730 1252 876 1291 eampse).
899 1251 987 1280 Dae.
1034 1251 1160 1280 Glossis:
1183 1250 1229 1279 Ea
1250 1252 1317 1290 ipsa.
1337 1250 1463 1289 ἐκείνη
1487 1248 1587 1290 αὐτή.
1636 1248 1740 1280 Goth.

289 1299 492 1329 Evelatum.
542 1302 713 1330 Ventilabra
742 1303 874 1341 appellat
894 1303 1056 1331 Columella
1085 1303 1135 1331 lib.
1150 1302 1184 1330 ΙΙ.
1206 1312 1271 1341 cap.
1286 1305 1336 1334 10.
1359 1307 1388 1330 et
1409 1301 1504 1330 Varro
1527 1301 1564 1329 de
1589 1302 1621 1331 L.
1643 1302 1674 1330 L.
1698 1301 1748 1332 lib.
1773 1302 1832 1338 (V,
1857 1300 1951 1343 141.)
1978 1303 2065 1333 Ant.

126 1340 221 1380 Aug.
253 1343 299 1370 An
321 1353 337 1371 a
360 1341 438 1379 velo,
462 1345 543 1381 quod
566 1345 630 1374 velo
655 1345 812 1383 aliquoties
834 1345 873 1373 ad
894 1345 1097 1373 ventilandum
1121 1345 1296 1373 uterentur?
1320 1356 1359 1373 an
1375 1343 1528 1372 Evelatum
1551 1354 1604 1382 per
1625 1354 1783 1383 syncopem
1806 1355 1860 1383 pro
1883 1344 2066 1375 eventilatum

127 1388 158 1411 et
179 1382 298 1413 velabro
321 1395 375 1423 pro
397 1385 585 1417 ventilabra?
615 1387 690 1416 nihil
713 1387 794 1416 aliud
817 1387 910 1416 video.
955 1387 1012 1416 Sed
1034 1389 1144 1426 optime
1167 1388 1289 1416 Salmas.
1311 1388 1342 1416 in
1365 1387 1456 1415 Solin.
1474 1386 1629 1424 legendum
1653 1387 1756 1415 docuit
1777 1386 1951 1425 evallaium,
1982 1399 2065 1417 everr-

127 1424 263 1463 iilatum‚
287 1426 363 1455 unde
385 1426 472 1462 valli,
498 1429 601 1469 quibus
623 1435 676 1458 etc.
716 1430 740 1458 A
762 1441 873 1458 vannus
897 1430 1071 1458 diminutive
1093 1428 1206 1464 vallus,
1238 1430 1316 1458 unde
1339 1428 1467 1458 wallare
1486 1439 1540 1467 pro
1563 1441 1720 1459 evannare.
1744 1430 1821 1457 foras
1844 1431 1957 1460 eiicere.
1995 1431 2065 1459 Fru-

126 1473 187 1496 stra
210 1474 279 1497 sunt
302 1470 507 1507 Graminatici,
532 1473 582 1509 qui
605 1483 620 1500 a
643 1473 723 1500 vallo
749 1478 914 1501 castrorum
937 1472 1100 1503 deducunt.
1136 1473 1209 1501 lude
1231 1472 1428 1512 evallefizcere.
1467 1472 1539 1499 Vide
1562 1471 1693 1500 vallescit
1717 1477 1744 1500 et
1766 1471 1883 1500 valvoli.
1927 1473 2014 1502 Dac.

292 1510 417 1550 Egens.
460 1513 545 1541 Festo
570 1515 715 1543 consentit
740 1514 886 1551 Isidorus,
925 1515 973 1542 cui
997 1527 1079 1554 egens
1102 1515 1214 1543 dicitur
1236 1516 1297 1544 sine
1321 1520 1406 1553 gente
1430 1519 1459 1543 ct
1480 1515 1542 1543 sine
1565 1524 1679 1552 genere.
1723 1514 1780 1543 Sed
1810 1515 1908 1552 potius
1931 1515 1968 1544 ab
1989 1524 2064 1553 egeo,

127 1556 162 1580 ut
184 1552 219 1580 ab
243 1552 358 1591 indigeo
379 1554 519 1591 indigens.
565 1555 652 1585 Dae.

290 1594 472 1624 Eiuratio.
517 1597 569 1625 Est
591 1598 756 1634 recusatio,
779 1607 844 1625 cum
869 1607 1008 1634 negamus
1032 1608 1064 1626 ea
1087 1603 1252 1636 praestare,
1276 1608 1351 1635 quae
1374 1609 1389 1626 a
1411 1598 1499 1626 nobis
1521 1603 1673 1637 petuntur.
1707 1599 1754 1626 Sic
1776 1599 1896 1626 eiuravit
1918 1596 2064 1634 militiam,

128 1634 160 1662 id
181 1641 223 1664 est
246 1636 379 1664 militiam
402 1639 559 1666 recusavit.
596 1638 718 1667 Eiurare
737 1639 859 1680 forum,
887 1640 1068 1678 provinciam
1093 1641 1194 1669 Cicero
1218 1640 1261 1679 (in
1283 1641 1365 1669 Verr.
1381 1640 1438 1676 ΙΙΙ,
1462 1643 1517 1677 60,
1543 1643 1638 1675 197.).
1679 1641 1726 1668 Sic
1749 1641 1857 1668 eiurare
1879 1638 1985 1668 honam
2008 1651 2066 1669 co-

127 1677 207 1714 piam
231 1677 382 1706 dicebatur
405 1679 444 1715 is,
476 1681 526 1718 qui
548 1681 736 1710 iureiurando
761 1681 941 1716 affirmabat,
979 1692 1009 1710 se
1033 1683 1062 1709 in
1085 1682 1168 1710 bonis
1192 1693 1251 1710 non
1276 1682 1402 1718 habere,
1436 1683 1512 1710 unde
1535 1693 1581 1710 aes
1605 1684 1731 1710 alienum
1755 1683 1889 1710 solveret
1930 1682 1989 1710 Cic.
2012 1682 2065 1720 Ep.

130 1718 167 1746 ad
189 1719 266 1747 Fam.
280 1720 350 1756 (IX,
377 1722 456 1758 16.):
482 1723 527 1751 Tu
550 1722 629 1763 quod
650 1723 723 1751 mihi
745 1722 850 1751 honam
875 1724 989 1764 copiam
1013 1725 1117 1760 eiures,
1141 1723 1217 1753 nihil
1235 1732 1282 1753 esi.
1307 1724 1397 1753 Dae.
1432 1725 1558 1753 Glossis:
1581 1724 1684 1753 Eiurar
1706 1721 1847 1761 ἐξομνύει.
1880 1724 1955 1752 Hinc
1978 1724 2066 1752 etiam

129 1759 279 1789 Deiurium
303 1762 460 1801 Gell.V11‚
486 1767 533 1795 18.
561 1763 664 1794 Goth.
706 1766 799 1794 Plauti
824 1766 922 1794 locum
947 1776 1053 1803 quaere
1077 1767 1154 1795 inter
1177 1769 1239 1795 eius
1262 1767 1434 1801 Fragmenta
1459 1778 1495 1795 ex
1520 1767 1632 1795 amissis
1658 1766 1823 1794 Comoediis
1847 1771 1972 1794 servata.
2012 1767 2065 1794 Ce-

129 1807 224 1830 terum
249 1803 285 1832 de
307 1804 432 1834 formula
454 1808 567 1836 eiurare
587 1806 703 1847 aliquid
725 1808 762 1836 cf.
788 1809 870 1837 Parei
892 1809 1010 1837 len'con
1032 1809 1217 1846 Plautinum,
1240 1810 1288 1837 ubi
1311 1810 1399 1848 plura
1423 1810 1558 1848 exempla
1582 1810 1706 1838 excitata
1729 1813 1807 1837 sunt.
1836 1808 1920 1837 Adde
1943 1808 2065 1836 Barnab.

128 1844 258 1874 Brisson.
280 1848 392 1885 p.7l5.

292 1887 518 1920 Everriaior.
563 1891 609 1919 Ab
632 1891 809 1928 everrendo,
843 1892 1013 1931 purgando,
1050 1894 1220 1929 everriaior,
1248 1904 1386 1922 exverrae
1409 1894 1456 1922 vel
1478 1894 1636 1922 ezr-veniae.
1679 1892 1771 1920 Erant
1793 1897 1890 1920 autem
1914 1890 2064 1920 exverriae

129 1928 225 1957 februi
248 1939 356 1967 genua,
390 1942 449 1970 qno
472 1934 635 1971 purgabant
657 1934 797 1963 familiam
821 1935 898 1963 iusta
921 1935 1060 1963 facientes
1083 1935 1119 1964 ad
1143 1936 1283 1973 digitum,
1321 1945 1409 1973 quem
1433 1941 1552 1964 mortuo
1576 1935 1780 1971 absciderant,
1809 1938 1966 1971 antequam
1988 1932 2063 1962 reli-

130 1981 220 2009 quum
244 1982 355 2011 corpus
374 1975 610 2006 combureretur.
647 1976 681 2004 ln
703 1977 773 2005 olim
797 1978 914 2005 excusis
937 1988 994 2016 pro
1017 1988 1154 2006 exverrae
1177 1979 1285 2015 legitur
1306 1985 1457 2014 exvertae,
1482 1978 1562 2016 quod
1587 1977 1695 2017 probat
1717 1976 1864 2005 meursius
1883 1985 1938 2014 pro
1959 1985 2064 2003 exuer—

129 2024 194 2049 εαε,
234 2014 264 2042 id
295 2020 337 2043 est
367 2019 563 2054 est-versiones,
601 2028 672 2056 quas
701 2019 763 2048 sieri
791 2020 877 2048 etiam
907 2020 937 2047 in
967 2019 1090 2048 aedibus
1121 2029 1335 2058 puerperarum
1366 2020 1444 2048 idem
1474 2021 1588 2049 notavit
1618 2030 1654 2049 ex
1676 2019 1841 2057 Augustino
1870 2018 1905 2044 de
1925 2016 2004 2047 civit.
2030 2017 2062 2046 D.

131 2055 182 2084 lib.
198 2055 245 2084 Vl.
270 2067 334 2096 cap.
348 2059 377 2088 9.
404 2059 490 2088 Dae.
535 2059 593 2097 Qui
615 2069 733 2100 accepta
757 2062 817 2090 iure
838 2060 1016 2090 haereditate
1038 2063 1112 2090 iusta
1125 2061 1233 2103 facere
1255 2061 1344 2092 debet.
1385 2062 1453 2090 flue
1475 2062 1671 2091 adiiciendum
1694 2071 1729 2090 ex
1750 2060 1841 2089 verbo
1864 2057 1992 2088 Haerem
2015 2059 2062 2087 in-

129 2098 173 2127 fra
195 2100 332 2138 antiquos
354 2107 474 2140 accepta
496 2101 676 2131 haereditate
700 2102 805 2131 Herem
829 2103 978 2133 Maricam
1003 2104 1138 2133 coluisse.
1185 2102 1287 2132 Goth.

291 2140 448 2181 Egretus
469 2151 501 2172 et
522 2143 712 2183 adgreius.
758 2146 888 2173 Verbum
913 2147 1073 2182 Graecum,
1105 2146 1187 2183 quod
1209 2147 1313 2175 Festus
1335 2146 1488 2184 intelligit,
1519 2152 1563 2175 est
1584 2145 1746 2186 ἐγείρομαι,
1777 2152 1877 2180 surgo.
1922 2142 1979 2171 Sed
2004 2143 2061 2171 sal-

128 2192 193 2211 sum
221 2189 265 2212 est
292 2184 328 2212 ab
359 2195 393 2214 eo
421 2196 482 2214 esse
511 2194 632 2226 egressus
655 2192 682 2215 et
706 2186 869 2226 adgnitus,
910 2198 984 2225 quae
1007 2199 1021 2216 a
1044 2187 1167 2226 gradior
1190 2194 1217 2217 et
1245 2189 1462 2227 praepositione
1485 2200 1499 2217 e
1519 2189 1569 2217 vel
1590 2186 1637 2216 ad.
1682 2188 1722 2216 De
1743 2185 1922 2224 nyctegresia
1943 2185 2060 2223 quidem

128 2234 248 2261 verum,
271 2229 447 2265 transposita
464 2229 549 2256 litera
566 2241 582 2266 ρ
599 2239 655 2267 pro
677 2230 860 2268 nyctegersia.
885 2230 968 2259 Dae.
998 2230 1073 2259 Vide
1088 2240 1177 2269 supra
1192 2230 1363 2271 Adgrettus.
1389 2230 1491 2260 Gotlz.
1524 2227 1690 2269 Surgen1103
1713 2227 1923 2266 sugrediendo.
1948 2225 2058 2255 Idem.

291 2267 435 2299 Eccere.
479 2271 600 2299 Veteres
624 2271 750 2308 glossae:
781 2271 885 2300 Eccere
907 2270 981 2302 κατὰ
1003 2275 1055 2309 τῆς
1079 2271 1245 2311 Δήμητρος.
1270 2272 1367 2302 Scal.
1411 2274 1459 2301 Sic
1479 2270 1616 2311 Aede-pol
1637 2282 1692 2310 per
1714 2272 1882 2306 Pollucem,
1912 2268 2057 2314 Aeco-⁹3⁰⁷·

128 2317 182 2346 per
203 2309 359 2339 Castorem.
383 2313 498 2342 Terent.
522 2313 637 2342 Phorm.
653 2313 696 2349 11,
719 2315 748 2344 2.
772 2313 846 2353 (5.);
868 2313 974 2343 Eccere
994 2313 1066 2354 quid
1089 2316 1115 2344 si
1135 2314 1242 2344 reddet.
1280 2316 1337 2344 Alii
1361 2316 1463 2345 volunt
1485 2315 1543 2344 dici
1567 2315 1650 2353 quasi
1670 2325 1735 2344 ecce
1757 2324 1830 2350 rem,
1854 2317 1887 2340 ut
1909 2310 2054 2355 Charisius

129 2350 192 2385 (m)-
207 2351 248 2386 Π,
271 2361 334 2389 Pag—
349 2357 417 2386 198.
441 2354 540 2392 Fabr.)
562 2360 590 2383 et
610 2355 741 2383 Nunnius
765 2356 816 2384 lib.
830 2355 864 2386 11.
887 2357 1009 2386 Miscell.
1032 2361 1161 2396 cap-21.
1183 2358 1235 2388 aed
1256 2358 1376 2388 fruma.
1409 2357 1481 2387 Vide
1502 2356 1664 2386 Mecastor.
1687 2356 1777 2385 Dac.
1808 2355 1855 2383 Sic
1876 2352 1951 2380 infra
1967 2348 2053 2388 Equa-

131 2393 191 2421 rine
212 2403 266 2431 per
290 2394 455 2430 Quirinum.
499 2397 628 2426 Gloseis:
657 2396 778 2436 Eccere,
801 2395 876 2429 ἰδού.
921 2397 1025 2429 Goth.

1515 2450 1650 2483 Fff*
