2351 2683
18 118 53 143 M.
71 116 149 142 Tullii
167 111 300 140 Ciceronis
315 110 475 136 Tusculanae
484 108 686 142 Disputationes.
713 106 751 132 Ad
765 104 915 138 optimorum
933 102 1054 127 librorum
1073 100 1147 127 fidem

85 149 233 176 emendatae
252 152 277 172 et
295 145 320 171 in
338 153 409 170 usum
428 143 568 169 scholarum
588 143 680 168 editae.
717 138 793 164 183⁰.

536 178 632 202 Charta
650 175 723 207 impr.
740 173 757 198 7
776 180 817 205 gr.
854 170 950 195 Charta
968 169 1036 203 angl.
1055 169 1089 194 10
1106 178 1146 203 gr.

19 220 54 245 M.
74 217 155 244 Tullii
174 214 306 241 Ciceronis
325 212 453 238 orationes
478 213 504 237 in
523 210 656 235 Catilinam
676 208 736 237 lV.‚
764 215 809 240 pro
830 205 953 236 Murena,
983 213 1029 238 pro
1054 204 1149 229 Archia

86 258 169 286 poeta.
206 250 244 275 Ad
263 248 413 282 optimorum
430 246 548 272 librorum
566 243 640 267 fldem
660 241 686 266 in
704 250 773 266 usum
787 239 930 265 scholarum
945 238 1040 265 editae.
1070 238 1146 264 1830.

552 278 650 302 Charta
667 276 740 309 impr.
760 275 776 300 5
794 283 833 307 gr.
870 273 967 298 Charta
986 273 1054 306 angl.
1073 272 1089 298 8
1107 281 1147 306 gr.

18 322 55 347 M.
72 320 151 346 Tullii
171 317 300 343 Ciceronis
318 316 350 341 de
368 316 478 341 Oratore
502 311 561 336 libri
589 316 650 336 tres.
686 310 724 335 Ad
748 310 900 344 optimorum
925 308 1046 333 librorum
1072 307 1147 333 fidem

85 352 209 380 emendati
227 356 254 377 et
271 351 296 376 in
314 358 385 376 usum
403 347 542 373 scholarum
562 345 632 371 editi.
668 344 743 369 18:2¹⁰.

542 379 638 405 Charta
654 379 725 413 impr.
745 378 761 404 9
780 386 817 411 gr.
854 377 952 402 Charta
971 376 1039 410 angl.
1057 375 1091 401 12
1109 384 1148 409 gr.

19 424 54 449 M.
68 421 148 448 Tullii
162 419 294 446 Ciceronis
307 416 434 444 orationes
449 423 495 448 pro
504 415 618 444 Plancio,
634 422 680 447 pro
694 413 793 443 Sextio,
810 420 855 446 pro
868 411 998 442 Marcello,
1012 411 1037 436 in
1052 411 1088 436 M.
1098 413 1150 436 An-

84 456 176 482 tonium
192 453 336 488 Philippica
349 449 462 476 secunda
490 449 528 474 Ad
543 448 694 482 optimorum
711 448 830 472 librorum
841 446 915 471 fidem
927 446 1077 471 emendatae
1089 445 1150 470 etin

84 498 153 516 usum
167 489 307 514 scholarum
323 486 416 510 editae.
433 483 508 509 1830.
562 483 659 508 Charta
674 483 747 516 impr,
763 482 779 507 6
793 489 832 514 gr.
858 481 956 506 Charta
972 480 1039 514 angl.
1057 479 1091 504 10
1108 488 1149 512 gr.

21 526 57 551 M.
77 524 155 551 Tullii
175 521 305 548 Ciceronis
325 519 451 545 orationes
472 527 516 551 pro
535 517 648 547 Milone,
677 526 722 550 pro
741 516 796 549 lege
816 515 939 545 Manilia,
968 523 1014 548 pro
1034 514 1149 547 Ligario,

84 568 129 593 pro
160 557 288 583 Deiotaro.
344 555 382 580 Ad
414 553 562 587 optimorum
597 552 717 576 librorum
749 550 824 575 fidem
856 549 882 574 in
908 557 979 574 usum
1005 549 1147 574 scholarum

83 593 175 618 editae.
211 590 287 617 183⁰.
552 586 649 611 Charta
668 587 739 618 impr.
759 584 775 609 5
794 593 833 617 gr.
869 584 967 608 Charta
985 584 1052 616 angl.
1071 582 1087 607 8
1106 591 1144 615 gr.

17 628 129 653 Cornelii
151 625 258 659 Nepotis
279 631 344 657 quae
366 626 475 648 exstant.
513 620 551 646 Ad
569 620 718 654 optimorum
736 619 855 644 librorum
869 618 944 643 tidem
960 622 1078 643 accurate
1092 618 1147 642 edi-

84 662 136 692 dit,
155 659 344 686 annotationem
361 657 475 682 criticam
489 659 565 688 atque
580 655 738 687 exegeticam
754 653 848 678 adiecit
862 653 880 677 1.
897 653 923 677 C.
937 653 1051 677 Daehne.
1072 652 1147 677 1827.

557 689 655 714 Charta
671 689 744 722 impr.
761 688 794 712 10
808 696 847 720 gr.
867 687 964 712 Charta
978 687 1045 719 angl.
1059 686 1092 710 16
1107 695 1147 719 gr.

18 730 137 764 Eutropii
152 727 311 754 Breviarium
324 725 443 751 historiae
458 724 594 750 Romanae.
615 723 759 751 Editionem
769 721 868 747 curavit
880 722 945 746 Dete.
962 722 989 746 C.
1005 722 1036 746 G.
1049 721 1147 745 Boum-

83 762 315 798 garten-Crusius.
351 759 425 785 1824.
586 758 684 783 Charta
701 758 772 790 impr.
790 756 806 780 3
821 765 859 789 gr.
880 756 978 781 Charta
993 756 1061 787 angl.
1075 756 1092 779 6
1108 764 1146 788 gr.

17 800 50 830 Q·
61 798 161 824 Horatii
171 797 256 822 Flacci
267 796 355 828 Opera
363 792 452 819 omnia.
481 792 517 817 Ad
527 792 677 825 optimorum
686 792 805 816 librorum
815 791 888 816 tidem
898 790 1025 815 recensuit
1035 794 1061 814 et
1070 798 1149 814 anno-

85 830 349 858 tationibusinstruxit
360 829 371 852 1
389 829 415 853 C.
424 827 502 852 Jahn.
513 826 588 852 182-1.
607 826 704 851 Charta
715 826 786 859 impr.
795 825 828 850 10
835 834 872 858 gr.
884 825 983 850 Charta
991 824 1058 857 angl.
1069 824 1101 849 16
1110 833 1149 856 gr.

18 868 106 894 lustini
120 865 250 892 Historiae
264 863 430 897 Philippicae.
455 862 596 887 Secundum
612 861 797 885 vetustissimos
812 859 920 884 Codices
935 859 1004 892 prius
1021 858 1149 891 neglectos

84 900 251 934 recognovit,
278 898 348 924 brevi
376 897 538 922 adnotatione
561 895 650 920 critica
670 899 696 920 et
719 894 841 920 historica
864 893 984 918 instruxit
1004 893 1150 918 FrIdcricus

86 937 208 962 Duebner.
245 932 358 959 Accessit
371 931 448 956 index
461 939 542 956 rerum
557 929 778 963 locupletissimus.
816 928 890 955 1831.

345 966 442 991 Charta
457 965 530 999 impr.
549 965 563 989 1
579 964 636 989 thlr.
652 964 684 988 16
697 972 735 996 gr.
765 964 861 988 Charta
878 963 946 995 angl.
961 962 977 987 2
992 962 1051 987 thlr.
1066 962 1099 987 12
1111 971 1150 995 gr.

20 1006 52 1032 Τ.
69 1004 137 1030 Livii
155 1002 275 1029 Patavini
291 1000 462 1026 Historiarum
486 999 545 1025 libri
568 999 609 1032 qui
630 1000 768 1032 supersunt
788 1007 889 1028 omnes,
914 1002 941 1022 et
960 996 1151 1030 deperditorum

86 1040 236 1072 fragmenta.
274 1036 418 1061 Editionem
441 1034 557 1064 curavit,
585 1034 687 1058 brevem
712 1033 900 1057 annotationem
923 1031 1037 1056 criticam
1056 1031 1152 1057 adiecit

88 1074 154 1099 Dcael.
171 1073 197 1097 C.
214 1072 244 1097 G.
257 1069 574 1104 Baumgartcn-Crusius.
610 1067 646 1092 111
660 1067 744 1092 Tomi.
780 1066 936 1092 1825-26.

553 1102 651 1127 Charta
666 1101 739 1135 impr.
755 1101 771 1126 2
787 1102 848 1126 thlr.
867 1100 965 1125 Charta
979 1099 1048 1133 a’ngl.
1061 1099 1077 1124 3
1091 1099 1152 1126 thlr.

20 1144 55 1169 T.
69 1141 182 1168 Lucretii
197 1140 258 1166 Cari
276 1140 307 1165 de
329 1146 412 1164 rerum
432 1142 524 1162 natura
544 1136 601 1161 libri
621 1145 671 1161 sex.
709 1136 747 1161 Ad
770 1135 919 1169 optimorum
939 1135 1058 1160 librorum
1078 1134 1152 1159 fidem

88 1176 185 1205 edidit,
206 1178 354 1209 perpetuam
374 1172 561 1198 annotationem
580 1170 693 1196 criticam
709 1175 735 1195 et
754 1170 910 1203 exegeticam
925 1170 1020 1194 adiecit
1036 1169 1153 1194 Albertus

93 1211 222 1243 Forbiger.
259 1208 335 1234 1828.
371 1208 469 1232 Charta
483 1206 555 1240 impr.
571 1206 585 1230 1
598 1206 657 1230 thlr.
673 1205 707 1230 16
721 1213 761 1237 gr.
781 1205 879 1229 Charta
894 1204 962 1237 angl.
976 1204 992 1228 2
1006 1204 1067 1228 thlr.
1081 1203 1097 1228 8
1112 1211 1152 1236 gr.

23 1248 51 1272 Ρ.
68 1245 157 1272 Ovidii
178 1243 287 1270 Nasonis
305 1243 394 1275 Opera
408 1241 500 1266 omnia.
550 1239 695 1265 Editionem
710 1240 826 1269 curavit,
846 1240 949 1264 brevem
964 1238 1154 1264 annotationem

89 1280 203 1306 criticam
219 1278 312 1304 adiecit
326 1277 393 1302 Detl.
411 1276 437 1300 C.
459 1276 489 1300 G.
505 1275 702 1307 Baumgartcn—
714 1274 824 1298 crusius.
859 1273 897 1298 111
912 1273 994 1298 Tomi.
1031 1272 1106 1297 1824.

391 1310 488 1335 Charta
504 1309 577 1343 impr.
594 1310 607 1334 1
620 1309 680 1334 thlr.
695 1308 711 1333 8
728 1317 765 1341 gr.
787 1307 885 1333 Charta
899 1308 966 1340 angl.
980 1307 997 1332 2
1010 1308 1070 1332 thlr.
1086 1307 1102 1331 2
1115 1315 1153 1339 gr.

23 1351 50 1375 A.
65 1348 148 1374 Persii
164 1347 249 1372 Flacci
264 1346 365 1371 Satirae
378 1345 422 1370 VI.
459 1343 597 1369 Recensuit
616 1348 642 1369 et
662 1343 851 1368 annotationem
867 1342 981 1367 criticam
996 1347 1023 1367 et
1039 1342 1155 1373 exegeti-

83 1391 145 1408 cam
159 1382 259 1407 addidit
274 1381 304 1405 E.
324 1381 353 1405 G.
372 1379 472 1405 lVeber.
494 1379 568 1404 1826.
590 1378 688 1403 Charta
701 1377 775 1411 impr.
792 1377 808 1402 6
822 1385 861 1410 gr.
883 1377 982 1402 Charta
992 1377 1060 1410 angl.
1073 1376 1105 1400 10
1115 1383 1154 1408 gr.

24 1419 59 1445 M.
76 1418 105 1443 A.
122 1417 205 1442 Plauti
222 1415 333 1450 Captivi.
372 1413 527 1439 Emendat-it
541 1413 640 1437 Frisler.
655 1413 824 1437 Lindemann.
861 1410 936 1436 1830.

579 1447 677 1472 Charta
692 1447 765 1479 impr.
781 1447 798 1471 6
812 1454 851 1478 gr.
871 1446 968 1471 Charta
981 1444 1049 1477 angl.
1067 1444 1100 1469 10
1115 1452 1155 1477 gr.

24 1487 61 1513 M.
79 1486 109 1512 A.
124 1484 207 1511 Plauti
223 1484 296 1510 Miles
309 1483 451 1509 Gloriosus.
489 1482 643 1507 Emendavit
663 1482 761 1506 Frider.
784 1481 952 1505 Lindemann.
988 1479 1064 1504 1827.

609 1516 706 1541 Charta
719 1516 793 1548 impr.
805 1515 821 1539 6
834 1523 873 1547 gr.
894 1514 990 1539 Charta
1005 1513 1073 1546 angl.
1087 1512 1104 1538 9
1116 1521 1156 1545 gr.

24 1555 61 1581 M.
81 1556 111 1580 A.
130 1554 214 1579 Plauti
233 1553 402 1578 Trinummus.
439 1550 590 1576 Emendavit
613 1551 709 1574 Fridcr.
732 1550 889 1574 Lindemann
936 1547 1010 1572 1830.

543 1585 639 1609 Charta
660 1584 730 1617 impr.
750 1584 767 1608 6
785 1592 824 1617 gr.
862 1583 957 1607 Charta
977 1581 1041 1615 angl.
1064 1581 1097 1606 10
1115 1589 1155 1614 gr.

26 1624 56 1650 C.
74 1622 150 1648 Plinii
165 1622 274 1647 Secundi
288 1620 421 1647 Naturalis
436 1619 567 1645 Historiae
579 1619 638 1644 libri
652 1618 786 1644 XXXVII.
821 1617 983 1650 Recognovit
998 1620 1025 1642 et
1045 1615 1157 1641 varieta-

93 1661 144 1682 tem
162 1656 277 1681 lectionis
292 1656 386 1681 adiecit
401 1655 485 1680 Julius
499 1655 585 1686 salig.
622 1653 678 1678 vol.
695 1653 714 1677 I.
751 1652 826 1678 1831.

442 1689 539 1714 Charta
552 1688 624 1721 impr.
641 1688 656 1712 1
672 1687 733 1712 thlr.
767 1687 864 1712 Charta
880 1686 948 1719 angl.
965 1685 981 1710 l
997 1685 1056 1710 thlr.
1072 1684 1105 1710 12
1118 1692 1156 1718 gr.

198 1724 254 1751 Vol.
272 1724 303 1749 11.
339 1724 415 1750 1832.
463 1724 562 1748 Charta
577 1723 650 1756 impr.
663 1722 695 1746 21
709 1730 748 1754 gr.
785 1721 883 1746 Charta
899 1720 966 1754 angl.
980 1721 995 1746 1
1010 1720 1069 1745 thlr.
1085 1719 1101 1745 8
1116 1727 1156 1752 gr.

27 1762 87 1786 Sex.
102 1759 195 1785 Aurelii
214 1759 339 1792 Propertii
356 1759 484 1784 Carmina.
521 1758 560 1782 Ad
574 1757 649 1782 fidem
665 1758 815 1790 optimorum
826 1755 940 1780 codicum
955 1754 1100 1785 recensuit,
1117 1755 1158 1779 in-

96 1798 196 1826 tegram
208 1793 383 1825 Groningani,
404 1792 585 1826 Neapolitani,
603 1796 779 1824 excerptorum
802 1790 889 1815 Puccii
902 1789 1053 1815 varietatem
1069 1789 1158 1814 lectio-

97 1829 136 1854 nis
151 1828 303 1861 brevemque
317 1827 505 1853 adnotationem
520 1826 615 1851 adiecit
629 1826 699 1850 Frid.
711 1825 797 1850 Jacob.
834 1824 910 1850 1827.

570 1860 669 1885 Charta
685 1860 756 1893 impr.
772 1859 803 1884 12
819 1868 858 1891 gr.
878 1859 974 1884 Charta
989 1858 1057 1891 angl.
1073 1857 1106 1883 18
1121 1866 1159 1890 gr.

31 1898 65 1924 M.
82 1896 155 1922 Fabii
170 1894 321 1925 Quintiliani
337 1894 369 1920 de
382 1895 539 1920 institutione
554 1894 667 1919 oratoria
690 1894 746 1919 libri
768 1893 909 1919 duodecim.
930 1893 1013 1918 Notas
1031 1893 1160 1917 maximam

100 1937 197 1964 partem
212 1929 316 1954 criticas
329 1929 423 1954 adiecit
440 1932 504 1962 Aug.
522 1929 607 1953 Gotrh.
627 1929 770 1953 Gernlznrd.
808 1928 830 1952 ll
847 1928 912 1953 Voll.
948 1927 1024 1952 1830.

373 1963 470 1988 Charta
483 1964 556 1997 impr.
573 1964 586 1988 l
600 1963 659 1988 thlr.
671 1964 705 1988 12
718 1971 758 1996 gr.
777 1962 875 1987 Charta
889 1962 956 1994 angl.
969 1962 986 1986 2
1000 1961 1059 1986 thlr.
1074 1961 1107 1985 12
1122 1969 1160 1994 gr.

31 2009 62 2034 C.
77 2006 190 2033 Cornelii
200 2005 286 2031 Taciti
296 2005 414 2030 Annales.
433 2005 599 2038 Recognovit,
613 2007 803 2031 annotationem
816 2004 930 2030 criticam
943 2004 1037 2030 adiecit
1049 2004 1161 2036 Theoph.

101 2041 280 2074 Kicsslingius.
318 2038 393 2064 1829.
463 2040 561 2064 Charta
576 2041 648 2074 impr.
662 2041 695 2066 21
714 2049 752 2074 gr.
773 2041 872 2065 Charta
888 2040 956 2072 angl.
974 2039 989 2064 1
1003 2039 1062 2065 thlr.
1075 2038 1108 2063 12
1121 2046 1161 2071 gr.

33 2086 62 2110 P.
74 2083 192 2110 Terentii
205 2080 425 2113 Carthaginiensis
442 2081 498 2106 Afri
511 2081 668 2108 Comoediae.
706 2083 744 2108 Ad
765 2083 839 2108 fidem
860 2083 1011 2116 optimarum
1024 2081 1161 2106 editionum

102 2117 260 2150 recognitas.
280 2116 459 2140 commentario
473 2115 709 2148 critico-exegetico
722 2118 746 2142 in
761 2117 917 2142 difficillimis
933 2116 995 2141 locis
1011 2116 1161 2146 illustratas,

102 2160 152 2177 una
167 2159 221 2177 cum
237 2150 414 2184 disquisitione
429 2150 460 2175 de
475 2153 531 2175 arte
543 2154 570 2174 et
590 2151 688 2175 ratione
706 2151 802 2176 Comici
824 2151 906 2176 edidit
920 2151 992 2176 Frid.
1009 2151 1162 2175 Rcinhardt.

100 2186 178 2212 1827.
577 2183 674 2209 Charta
689 2185 761 2218 impr.
775 2185 806 2210 14
823 2194 863 2218 gr.
882 2186 980 2211 Charta
992 2186 1060 2218 angl.
1073 2185 1106 2210 21
1121 2193 1162 2218 gr.

35 2230 64 2256 P.
79 2228 182 2262 Virgilii
197 2227 309 2253 Maronis
326 2227 413 2260 Opera
428 2226 518 2252 omnia.
549 2226 586 2251 Ad
604 2225 753 2260 optimorum
767 2227 887 2253 librorum
904 2228 979 2253 fidem
994 2228 1123 2253 recensuit
1137 2231 1164 2252 et

103 2263 130 2288 in
144 2270 214 2287 usum
231 2261 370 2287 scholarum
384 2261 465 2286 edidit
481 2262 499 2285 1.
517 2261 541 2285 C.
560 2261 634 2285 Jahn.
670 2260 746 2287 1825.

489 2296 587 2321 Charta
603 2295 677 2329 impr.
692 2295 724 2320 18
736 2303 774 2328 gr.
793 2295 891 2321 Charta
907 2296 975 2329 angl.
989 2296 1004 2321 l
1018 2296 1079 2321 thlr.
1094 2296 1111 2321 6
1125 2304 1164 2329 gr.

189 2363 380 2393 Ausserdem
396 2363 468 2394 sind
482 2364 515 2394 in
528 2373 653 2394 unserm
673 2363 805 2403 Verlage
822 2363 1018 2393 ersckienen:

37 2421 163 2458 Apollonii
172 2421 264 2447 Rhodii
279 2423 458 2455 Argonautica.
488 2422 527 2447 Ad
538 2422 611 2447 fidem
621 2422 741 2447 librorum
756 2421 981 2455 manuscriptorum
992 2424 1018 2446 et
1026 2421 1163 2447 editionum

105 2456 266 2490 antiquarum
279 2456 420 2487 recensuit,
439 2456 564 2489 integram
582 2457 698 2482 lectionis
713 2456 864 2481 varietatem
880 2459 906 2481 et
924 2455 1099 2480 annotationes
1117 2458 1163 2481 ad-

107 2491 176 2521 iecit,
185 2491 281 2516 scholia
294 2495 368 2516 aucta
381 2495 407 2515 et
417 2491 551 2516 emendata
565 2490 712 2524 iudicesque
727 2490 936 2523 locupletissimos
943 2489 1045 2515 addidit
1054 2490 1163 2522 August.

112 2526 251 2551 u'ellauer.
267 2525 290 2550 11
307 2525 372 2550 Vou.
384 2525 399 2550 8
409 2525 464 2551 mai.
476 2524 551 2550 1828.
580 2524 628 2551 Cb.
642 2525 715 2559 impr.
734 2525 750 2550 3
765 2525 824 2550 thlr.
844 2524 890 2549 Ch.
907 2524 973 2557 angl.
987 2523 1003 2548 4
1013 2523 1072 2548 thlr.
1085 2523 1115 2548 12
1124 2532 1162 2556 gr.

1182 101 1277 127 Archiv
1292 102 1333 134 ffi!
1352 101 1496 136 Philologie
1509 101 1561 126 und
1577 100 1737 133 padagogik.
1774 100 1993 134 Herausgegeben
2014 111 2065 128 von
2083 104 2178 137 Gottfr.
2197 104 2318 136 Seebode,

1253 136 1277 162 J.
1298 136 1326 162 C.
1346 136 1415 161 Jahn
1431 137 1482 162 und
1500 136 1532 161 R.
1549 136 1633 161 Klotz.
1660 135 1752 160 Erster
1765 134 1846 160 Band.
1880 134 1972 161 Erstes
1986 136 2026 162 bis
2042 137 2135 163 drittes
2147 139 2217 164 Hest.
2240 139 2318 165 1832.

2122 172 2139 197 2
2156 173 2215 198 thlr.
2230 173 2264 198 16
2297 182 2318 199 r.

1183 205 1218 231 Μ.
1237 204 1307 230 Tulli
1321 204 1454 230 Ciceronis
1471 205 1611 230 orationum
1627 212 1674 238 pro
1688 203 1785 234 Tullio,
1802 203 1827 228 in
1836 202 1960 233 Clodium,
1976 213 2021 237 pro
2038 206 2146 237 Scauro,
2166 215 2214 240 pro
2226 182 2318 233 Flacgco

1249 239 1393 272 fragmenta
1412 239 1524 270 inedita,
1543 238 1695 264 membranis
1716 238 1886 271 palimpsestis
1908 238 2078 266 bibliothecae
2098 241 2129 266 R.
2148 241 2320 267 Taurinensis

1252 274 1377 299 Athenaei
1391 279 1472 303 eruta,
1487 279 1513 299 et
1529 282 1582 298 cum
1592 272 1764 298 Ambrosianis
1780 272 1922 297 earumdem
1937 273 2078 299 orationum
2095 275 2244 308 fragmentis
2260 284 2320 301 con-

1253 308 1340 333 iuncta
1356 309 1388 333 ab
1406 310 1424 333 A
1433 317 1454 333 m
1462 317 1476 333 e
1485 309 1500 333 d
1508 318 1520 333 e
1528 316 1542 332 o
1563 308 1582 332 P
1591 317 1604 332 e
1614 316 1628 340 y
1638 316 1650 332 r
1659 316 1672 332 o
1682 315 1697 331 n
1706 316 1720 331 e
1728 325 1736 337 ‚
1753 307 1778 331 in
1797 306 1827 331 R.
1845 306 2001 332 Taurinensi
2011 309 2142 334 Athenaeo
2154 309 2217 342 ling.
2227 310 2320 337 orient.

1255 342 1420 373 Professore,
1447 343 1537 375 colleg.
1557 342 1669 374 theolog.
1686 349 1737 365 xxx
1752 341 1809 366 viro
1827 344 1854 365 et
1865 341 1894 366 R.
1916 341 2078 368 scientiarum
2100 343 2251 369 Academiae
2269 345 2322 369 So-

1253 377 1309 406 cio‚
1330 385 1384 402 cum
1409 377 1482 402 huius
1505 376 1630 409 integris.
1650 384 1705 401 cum
1720 376 1879 409 superiorum
1898 375 2023 401 editorum
2038 377 2140 403 selectis
2158 382 2185 403 et
2198 386 2252 403 cum
2269 378 2323 404 suis

1253 415 1396 442 annotatt.‚
1422 415 1473 436 tum
1494 410 1685 440 emendatiora,
1714 413 1767 434 tum
1786 410 1901 435 auctiora
1923 410 2060 444 separatim
2081 412 2166 437 edidit
2191 412 2216 437 C.
2237 412 2324 438 Beier.

1254 446 1317 471 Cum
1334 445 1515 479 speciminibus
1529 444 1643 471 codicum
1658 449 1684 470 et
1698 444 1918 469 Ambrosianorum
1930 448 1957 469 et
1965 445 2132 471 Taurinensis
2142 446 2323 480 lithographis.

1253 479 1269 505 8
1285 480 1342 505 mai.
1362 479 1430 505 1825
1718 478 1816 503 Charta
1833 478 1907 512 impr.
1923 478 1940 503 2
1954 479 2015 506 thlr.
2034 479 2132 506 Charta
2145 481 2215 514 angl.
2230 480 2248 506 3
2260 481 2324 506 thlr.

1185 513 1223 539 De
1243 515 1332 540 Marco
1350 514 1453 540 Aurelio
1469 513 1598 539 Antonino
1613 513 1769 546 imperatore
1784 512 1981 546 philosophante
1995 521 2025 538 ex
2038 514 2117 548 ipsius
2137 514 2325 540 commentariis

1253 548 1360 583 scriptio
1378 548 1542 583 philologica.
1579 547 1694 572 Instituit
1713 547 1837 572 Nicolaus
1851 547 1970 572 Bachius.
2007 548 2024 573 8
2040 548 2098 575 mai.
2116 549 2192 574 1826.

1733 582 1831 606 Charta
1846 581 1920 615 impr.
1935 581 1968 607 10
1981 590 2019 615 gr.
2040 583 2135 609 Charta
2149 583 2217 617 angl.
2231 583 2265 609 16
2281 591 2323 617 gr.

1183 616 1284 651 Corpus
1300 616 1521 650 grammaticorum
1539 615 1671 641 latinorum
1685 619 1814 647 veterum,
1832 616 1949 649 collegit,
1966 616 2036 642 auxit
2051 618 2179 643 recensuit
2190 626 2220 643 ac
2238 619 2326 651 potio-

1252 660 1305 676 rum
1317 651 1433 677 lectionis
1445 651 1595 676 varietatem
1608 650 1702 675 adiecit
1715 651 1814 676 Frider.
1836 651 2029 676 Lindemannus
2045 651 2172 677 sociorum
2190 661 2268 686 opera
2279 651 2326 677 ad-

1250 685 1329 710 iutus.
1367 686 1442 711 Tom.
1465 686 1484 710 1.
1520 685 1663 715 Donatum,
1683 684 1806 715 Probum,
1833 685 2002 718 Eutychiani,
2029 686 2179 712 Arusianum
2199 686 2326 717 messium,

1252 720 1389 746 Maximum
1402 719 1553 750 Victorium,
1572 720 1707 752 Asperum,
1730 720 1839 744 Phocam
1857 719 1997 745 continens.
2033 719 2049 745 4
2062 721 2120 753 maj.
2156 721 2233 747 1831.

1528 755 1626 779 Charta
1639 753 1711 786 impr.
1725 754 1742 778 ὃ
1753 753 1826 778 Thlr.
1841 752 1858 778 6
1869 762 1908 786 gr.
1945 754 2042 780 Charta
2053 756 2121 788 angl.
2131 755 2146 780 4
2159 755 2221 781 thlr.
2239 754 2274 780 12
2288 762 2327 788 gr.

1252 802 1286 806 —
1321 789 1395 814 Tom.
1408 787 1440 813 11.
1479 788 1552 813 Pauli
1568 788 1672 812 Diaconi
1687 793 1807 821 excerpta
1826 791 1853 812 et
1870 789 1932 814 Sex.
1957 788 2071 822 Pompeii
2087 789 2157 815 Festi
2169 790 2328 822 Fragmenta

1253 823 1395 849 continens.
1414 822 1428 847 1
1437 824 1493 856 maj.
1514 822 1589 848 1832.
1605 822 1781 855 Chartaimpr.
1790 822 1869 847 Sthlr.
1882 822 1914 847 12
1921 831 1960 855 gr.
1972 823 2142 856 Chartaangl.
2151 824 2185 849 12
2194 824 2326 856 thlr.9gr.

1254 872 1287 875 —
1323 858 1397 883 Tom.
1417 857 1463 882 111.
1499 857 1590 882 Isidori
1607 857 1766 890 Hispalensis
1785 857 1909 890 Episcopi
1932 857 2140 891 etymologiarum
2158 858 2252 883 Libros
2268 857 2328 883 XX.

1254 892 1394 917 continens.
1431 893 1563 917 Accedunt
1575 891 1692 916 Tabulae
1708 896 1761 916 tres
1772 891 1852 924 lapidi
1866 891 2014 924 inscriptae.
2050 892 2066 917 4
2082 893 2141 925 maj.
2176 892 2253 918 1833.

1633 926 1731 950 Charta
1743 925 1814 959 impr.
1828 925 1844 951 5
1857 925 1917 950 thlr.
1930 927 1961 951 18
1972 934 2011 959 gr.
2048 926 2145 952 Charta
2156 927 2224 960 angl.
2236 927 2253 952 8
2266 926 2327 952 thlr.

1187 959 1348 985 Jahrbiicher
1363 960 1406 985 fiir
1418 959 1562 992 Philologie
1577 960 1627 984 und
1642 961 1800 993 Padagogik.
1824 960 1890 984 Eine
1905 961 2030 986 kritische
2045 961 2207 992 Zeitschrist,
2222 961 2248 986 in
2263 961 2328 986 Ver-

1257 995 1371 1027 bindung
1387 994 1432 1020 mit
1447 994 1528 1019 einem
1539 994 1634 1019 Verein
1652 1003 1700 1019 von
1715 995 1856 1019 Gelehrten
1872 995 2024 1028 herausgeg.
2044 1004 2070 1020 v.
2090 996 2114 1020 J.
2129 996 2155 1020 C.
2171 996 2249 1020 Jahn.
2277 995 2328 1020 Er-

1257 1033 1310 1054 ster
1325 1029 1414 1062 Jahrg.
1430 1029 1456 1054 in
1472 1029 1488 1053 2
1504 1028 1569 1053 Bdn.
1585 1029 1648 1053 oder
1663 1028 1678 1053 4
1693 1029 1796 1054 Hesten.
1817 1028 1892 1053 1826.
1911 1029 1966 1054 Alle
1981 1029 1996 1053 4
2013 1029 2091 1055 Hefte
2103 1030 2224 1063 complett
2238 1029 2255 1054 6
2267 1029 2328 1054 thlr.

1189 1077 1221 1082 —-·
1241 1077 1273 1082 -
1292 1063 1407 1088 Zweiter
1421 1063 1510 1096 Jahrg.
1528 1063 1554 1088 in
1566 1063 1583 1088 3
1597 1063 1703 1088 Bfinden
1719 1064 1783 1088 oder
1799 1063 1825 1088 in
1840 1063 1872 1088 12
1886 1067 2040 1096 getrennten
2057 1064 2163 1089 Hesteu.
2178 1063 2256 1089 1827.
2272 1063 2329 1088 Alle

1257 1097 1290 1122 12
1305 1098 1383 1123 Hefte
1397 1098 1521 1131 complett
2234 1097 2252 1123 9
2267 1097 2329 1124 thlr.

1188 1145 1222 1150 —
1240 1147 1273 1150 —
1293 1132 1393 1157 Dritter
1413 1133 1503 1165 Jahn-g.
1524 1132 1549 1156 in
1565 1131 1581 1156 3
1596 1131 1702 1157 Banden
1716 1131 1777 1158 oder
1792 1131 1817 1157 in
1829 1131 1863 1157 12
1878 1134 2033 1165 getrennten
2048 1132 2155 1158 Hesten.
2175 1131 2252 1157 1828.
2288 1140 2328 1166 pr.

1189 1215 1221 1219 —
1239 1166 1397 1226 —coril‘i'eli-ter
1414 1201 1504 1234 Jahrg.
1523 1200 1548 1225 in
1566 1199 1582 1226 3
1596 1200 1702 1226 Banden
1717 1200 1779 1226 oder
1792 1200 1819 1226 in
1834 1200 1868 1226 12
1882 1203 2037 1234 getrennten
2051 1201 2158 1227 Hefteu.
2178 1166 2254 1226 1823.
2267 1166 2330 1234 thgr·

1258 1235 1349 1268 compl.
2231 1235 2249 1261 9
2267 1235 2329 1261 thlr.

1191 1284 1223 1288 —
1241 1284 1275 1289 —-
1297 1270 1405 1328 Fiipfter
1416 1270 1507 1303 Jahrg.
1521 1269 1546 1295 in
1560 1268 1577 1294 3
1592 1269 1697 1295 Βὲἰηάεῐι
1714 1269 1776 1295 oder
1790 1269 1815 1295 in
1830 1270 1863 1295 12
1879 1273 2033 1303 getrennten
2050 1270 2154 1296 Heften.
2175 1269 2252 1296 1830.
2288 1277 2328 1303 pr.

1260 1313 1313 1330 com
1345 1324 1350 1329 .
2237 1305 2254 1329 9
2267 1304 2330 1329 thlr.

1191 1339 1266 1364 Neue
1278 1313 1437 1363 lilii-bucher
1448 1338 1490 1362 fiir
1504 1337 1646 1369 Philologie
1659 1337 1710 1362 und
1726 1339 1891 1372 padagogik,
1910 1338 1972 1364 oder
1987 1338 2110 1365 kritische
2123 1338 2272 1365 Bibliothek
2285 1338 2330 1363 ffu-

1260 1373 1306 1397 das
1319 1372 1407 1397 Schul-
1420 1371 1470 1396 und
1488 1371 1750 1397 Unterrichtswesen.
1788 1374 2005 1405 Herausgegeben
2026 1382 2077 1398 von
2097 1375 2194 1405 Gottfr.
2209 1373 2330 1403 Scabode,

1261 1407 1284 1431 J.
1303 1407 1330 1431 C.
1352 1406 1421 1430 Jahn
1442 1414 1463 1430 u.
1480 1406 1508 1430 R.
1524 1406 1607 1430 Klotz.
1647 1406 1736 1431 Erster
1746 1407 1836 1440 Jahrg.
1854 1407 1879 1432 in
1890 1411 1906 1432 ὃ
1924 1407 2027 1432 Βϊιηάεη
2046 1408 2108 1433 oder
2125 1407 2151 1432 in
2164 1407 2196 1432 12
2209 1410 2331 1440 getrenn-

1259 1444 1303 1466 ten
1317 1441 1421 1465 Heften.
1459 1439 1534 1464 1831.
1571 1448 1608 1473 pr.
1621 1441 1711 1472 compl.
2238 1442 2255 1466 9
2268 1441 2328 1466 thlr.

1192 1489 1225 1493 —
1263 1490 1290 1494 -
1331 1474 1446 1500 Zweiter
1453 1474 1540 1507 Jahrg.
1550 1474 1758 1499 5113Bandenod.
1771 1474 1796 1499 in
1809 1474 1841 1499 12
1852 1475 1984 1507 getr.Hft.
1998 1475 2075 1501 1832.
2091 1485 2129 1510 pr.
2141 1476 2231 1510 compl.
2243 1475 2260 1500 9
2271 1475 2330 1500 thlr.

1192 1510 1327 1536 Lehrbuch
1349 1510 1395 1534 der
1417 1508 1581 1533 christlichen
1602 1508 1723 1541 Religion
1742 1509 1784 1533 sfir
1799 1509 1842 1534 die
1857 1514 1964 1534 unteren
1979 1510 2085 1535 Classen
2102 1511 2148 1535 auf
2163 1509 2330 1544 Gymnasien.

1263 1545 1319 1569 Von
1337 1544 1355 1568 1.
1376 1544 1406 1568 G.
1425 1543 1522 1574 Hiilse,
1543 1543 1638 1567 lrelirer
1655 1551 1692 1567 am
1713 1543 1880 1576 Gymnasium
1897 1544 1922 1568 in
1938 1544 2037 1569 Zittau.
2064 1545 2114 1570 Mit
2132 1544 2214 1570 einem
2231 1545 2331 1569 Vol-he-

1261 1579 1330 1638 richSt
1348 1586 1398 1603 von
1416 1578 1501 1603 Fried.
1522 1578 1699 1608 Lindemann,
1720 1577 1840 1603 Director
1854 1579 1897 1603 des
1913 1578 2092 1611 Gymnasiums
2109 1578 2232 1605 daselbst.
2250 1586 2290 1611 gr.
2305 1577 2332 1603 8.

1258 1613 1308 1638 182
1330 1630 1334 1635 .
2246 1613 2279 1638 12
2324 1631 2331 1637 .

1193 1647 1307 1673 Platonis
1322 1647 1412 1681 Opera
1427 1646 1537 1671 Graece.
1578 1645 1714 1671 Recensnit
1723 1649 1749 1671 et
1759 1646 1924 1672 annotatione
1940 1646 2030 1672 critica
2048 1646 2170 1673 instruxit
2195 1647 2253 1673 Car.
2268 1620 2332 1672 Εὲπῐ.

1263 1681 1408 1714 christoph.
1429 1681 1576 1705 Schneider.
1597 1681 1653 1707 Vol.
1670 1681 1773 1705 I—IIl.
1797 1682 1813 1706 8
1829 1681 1884 1706 mai.
1904 1680 2094 1707 1830—1832.

1296 1715 1520 1749 Ch.impr.6thlr.
1529 1714 1561 1739 18
1570 1723 1608 1748 gr.
1626 1716 1673 1740 Ch.
1683 1716 1742 1748 angl
1761 1715 1842 1740 Sthlr.
1853 1715 1884 1740 14
1893 1723 1932 1748 gr.
1955 1715 2054 1741 Charta
2062 1716 2130 1749 belg.
2142 1715 2243 1741 13thlr.
2255 1715 2332 1749 lzgr.

1194 1751 1331 1777 Poetarum
1358 1750 1504 1775 Latinorum
1529 1749 1630 1780 Hostii,
1657 1749 1762 1780 Laevii,
1796 1750 1824 1774 C.
1847 1750 1937 1774 Licinii
1956 1750 2045 1781 Calvi,
2070 1750 2101 1775 C.
2119 1750 2205 1776 Helvii
2224 1749 2332 1780 Cinnae,

1264 1785 1294 1810 C.
1316 1785 1399 1818 Valgii
1417 1784 1493 1814 Rufi,
1512 1783 1619 1808 Domitii
1639 1784 1719 1809 Marsi
1737 1784 1895 1817 aliorumque
1913 1784 1984 1809 vitae
2002 1788 2028 1810 et
2046 1785 2184 1810 carminum
2198 1784 2332 1818 reliquiae.

1264 1819 1386 1853 Scripsit,
1409 1819 1514 1851 collegit
1532 1823 1558 1843 et
1576 1818 1658 1843 edidit
1677 1819 1746 1851 Aug.
1768 1819 1905 1843 Weiclzert.
1942 1818 2017 1844 1830.
2235 1819 2254 1844 2
2270 1817 2332 1844 thlr.

1196 1853 1298 1880 Selinus
1314 1854 1364 1879 und
1380 1854 1434 1879 sein
1449 1852 1552 1878 Gebiet.
1586 1853 1649 1877 Eine
1667 1853 1838 1885 Abhandlung
1855 1854 1901 1878 der
1916 1853 1983 1878 Erd-
1999 1852 2050 1878 und
2065 1853 2249 1879 Vfilkerkunde
2264 1852 2332 1878 Sici-

1264 1888 1345 1918 liens,
1364 1896 1414 1913 von
1434 1888 1567 1912 Hermann
1588 1887 1763 1921 Reinganum.
1805 1887 1854 1913 Mit
1870 1888 1941 1913 einer
1958 1888 2040 1913 Karte
2060 1888 2112 1913 und
2131 1887 2229 1913 anderu
2242 1885 2332 1913 Abbil-

1265 1923 1378 1955 dungen.
1396 1931 1435 1955 gr.
1449 1922 1474 1947 8.
1494 1921 1569 1947 1827.
2152 1923 2168 1947 1
2187 1922 2247 1947 thlr.
2264 1920 2281 1946 8
2294 1928 2331 1954 gr.

1197 1958 1229 1984 C.
1245 1957 1359 1983 Cornelii
1374 1957 1464 1982 Taciti
1479 1956 1511 1981 de
1529 1955 1579 1980 situ
1589 1974 1595 1985 ‚
1615 1955 1725 1981 moribus
1740 1958 1766 1981 et
1781 1955 1882 1990 populis
1895 1955 2041 1989 germaniae
2054 1955 2165 1982 libellus.
2200 1956 2331 1981 Commen-

1265 1991 1346 2016 tarius
1366 1990 1488 2016 instruxit
1504 1990 1616 2023 Thcoph.
1636 1991 1817 2024 Kiesslingius.
1853 1991 1870 2016 8
1891 1991 1947 2023 maj.
1984 1990 2060 2015 1832.
2239 1990 2273 2016 21
2292 1997 2331 2023 gr.

1197 2027 1392 2052 Testamentum
1409 2034 1500 2051 novum
1516 2026 1627 2050 Graece.
1657 2025 1693 2049 Ad
1709 2026 1859 2058 optimorum
1875 2025 1995 2050 librorum
2011 2025 2086 2050 fldem
2099 2024 2252 2050 ediditetin
2264 2032 2331 2050 usum

1265 2060 1407 2086 scholarum
1427 2061 1550 2085 brevibus
1572 2059 1640 2083 notis
1659 2059 1781 2084 instruxit
1802 2060 1837 2084 10.
1860 2060 1922 2083 Era.
1948 2059 2016 2084 Rnd.
2037 2060 2166 2092 Kaenffer.
2205 2059 2291 2091 [Fasc.
2312 2057 2330 2082 1.

1266 2095 1435 2127 Evangelium
1452 2093 1600 2126 Matthaei]
1622 2093 1737 2118 Accessit
1751 2093 1777 2118 in
1793 2093 1895 2126 plagula
1907 2093 1985 2127 lapidi
2000 2093 2122 2127 impressa
2132 2092 2272 2126 descriptio
2283 2091 2330 2117 Pa-

1264 2129 1398 2155 laestinae.
1435 2129 1511 2154 182⁷.
1739 2128 1839 2153 Charta
1852 2127 1927 2161 impr.
1946 2127 1978 2153 12
1992 2136 2031 2161 gr.
2051 2128 2150 2153 Charta
2163 2127 2233 2161 angl.
2247 2125 2280 2151 18
2294 2134 2330 2158 gr.

1199 2164 1330 2193 Theincn‘,
1348 2164 1496 2197 Augustini.
1513 2163 1699 2188 Commentatio
1711 2162 1742 2187 ‹le
1758 2162 1925 2187 Romanorum
1942 2162 2091 2187 Pontificum
2111 2161 2272 2195 epistolarum
2288 2160 2330 2185 de-

1267 2198 1396 2224 cretalium
1410 2198 1523 2231 antiquis
1535 2197 1728 2223 collectionibus
1750 2202 1777 2221 et
1795 2196 1827 2222 de
1845 2196 1968 2228 Gregorii
1992 2197 2036 2222 lx.
2059 2196 2088 2221 P.
2110 2197 2148 2222 M.
2167 2193 2330 2221 decretalium

1268 2233 1366 2258 codice.
1403 2233 1518 2257 Accessit
1538 2237 1646 2266 quatuor
1666 2231 1740 2256 codd.
1756 2239 1812 2256 mss.
1829 2230 1855 2255 in
1870 2230 1931 2256 bibl.
1947 2230 2121 2263 regio-acad.
2137 2228 2273 2254 Vratislav.
2292 2235 2330 2253 as—

1267 2271 1441 2297 servatorum,
1466 2267 1651 2300 Gregorianam
1672 2265 1840 2291 decretalium
1855 2265 2028 2291 collectionem
2046 2263 2234 2294 continentum,
2252 2270 2329 2287 accu-

1268 2306 1326 2327 rata
1341 2300 1486 2335 descriptio.
1523 2302 1538 2325 ⁴
1554 2301 1610 2333 maj.
1648 2300 1723 2326 1829.
2242 2297 2256 2322 1
2273 2295 2330 2321 thlr.

1200 2336 1319 2362 Virorum
1337 2335 1467 2361 doctorum
1487 2335 1619 2369 Epistulae
1638 2334 1771 2363 Selectae,
1804 2332 1835 2358 ad
1858 2332 1933 2357 Bilib.
1953 2331 2189 2365 Pirchheymerum,
2210 2329 2329 2356 Joachim.

1271 2370 1448 2397 Camerarum.
1466 2370 1527 2394 Car.
1542 2369 1655 2394 Clusium
1666 2373 1691 2393 et
1702 2367 1794 2393 Julium
1816 2367 1901 2400 Episc.
1916 2366 2024 2399 Herbip.
2036 2365 2121 2390 datae.
2157 2364 2197 2389 Ex
2209 2368 2328 2396 autogra-

1268 2404 1327 2438 phis
1337 2412 1402 2429 nunc
1412 2403 1517 2437 primum
1528 2404 1609 2428 edidit
1619 2407 1646 2428 et
1657 2401 1798 2428 illustravit
1816 2402 1862 2427 ¹171.
1880 2401 1950 2425 Frid.
1969 2400 2129 2433 Freyeagius.
2150 2398 2167 2424 8
2178 2397 2329 2457 maj.ll:3¹i{¹}.

1337 2471 1497 2505 Leipzig,
1520 2471 1552 2496 im
1567 2470 1714 2495 November
1728 2468 1803 2493 1832.

1571 2506 1612 2539 B.
1645 2506 1688 2538 G.
1722 2503 1918 2537 Teubner
1946 2502 1974 2534 R
2002 2504 2041 2538 F.
2076 2501 2303 2538 Claudius.
