2263 2668
375 168 449 202 21⁴
998 160 1136 196 SEXTI
1162 161 1361 197 POMPEII
1387 162 1526 197 FESTI

205 263 407 296 'ficlassiumin
434 258 654 303 descriptione
681 256 839 291 ceassium
865 257 995 300 quam*
1017 254 1097 289 fecit
1119 255 1189 290 Ser.
1210 256 1361 300 Tullius,
1389 257 1552 302 significat
1577 267 1767 302 procerum.
1795 257 1818 290 ii
1844 259 1928 293 enim
1955 265 2027 293 sunt
2054 261 2145 306 prin-

251 311 325 337 q¹¹¹¹¹¹¹
376 313 474 357 cipes.
502 321 578 343 nam
605 309 701 354 proci
729 308 900 348 dicuntur,
927 307 983 351 qui
1010 312 1152 352 poscunt
1178 308 1323 352 aliquam
1349 309 1381 341 in
1409 309 1673 351 matrimonium,
1705 308 1838 344 Graece
1864 313 2071 359 μνηστῆρες,
2099 318 2147 346 est

378 364 461 397 enim
489 372 651 406 procare,
687 370 834 405 poscere.
862 363 899 392 ut
924 369 1000 392 cum
1028 358 1146 393 dicitur
1171 360 1204 393 in
1231 360 1340 393 iudice
1368 360 1596 394 conlocando:
1634 360 1665 394 si
1692 361 1818 394 alium
1845 372 2016 406 procas,
2054 364 2145 397 nive

378 425 465 448 eum
500 422 673 457 procaS,
718 411 787 445 hoc
822 417 869 443 est
904 410 1033 455 poscis;
1084 411 1172 444 unde
1207 412 1306 444 etiam
1349 412 1535 445 meretrices
1560 422 1731 457 procaces,
1784 412 2144 459 Praerogativae¹

207 473 239 496 ·s.
257 479 313 509 «μμ».
323 477 366 494 ru-
376 464 542 499 centuriae
568 463 739 505 dicuntur,
783 467 819 496 ut
845 462 947 495 docet
974 462 1079 495 varro
1107 474 1215 496 rerum
1250 463 1468 497 humanarum
1496 464 1517 496 l.
1540 464 1597 498 VI.
1625 475 1712 507 quae
1737 465 1818 498 rus*
1870 491 1879 498 .
1932 493 1938 499 .
1995 467 2148 507 Romani,

257 510 314 529 ⁵⁰⁰¹
376 517 432 560 qui
458 516 650 561 ignorarent
675 515 852 559 petitores,
900 514 1029 547 facilius
1056 525 1112 547 eos
1137 514 1398 547 animadvertere
1426 520 1571 559 possent.
1632 515 1766 548 Verrius
1792 515 1999 560 probabilius
2024 517 2149 551 iudicat

377 579 466 608 esse,
494 573 528 600 ut
556 578 631 600 cum
660 571 765 600 essent
792 565 954 610 designati
981 577 999 598 a
1026 566 1284 611 praerogativis,
1310 566 1341 598 in
1369 578 1557 600 sermonem
1582 578 1632 599 res
1658 568 1785 600 veniret
1812 568 1932 611 populi
1959 567 2003 601 dc
2030 568 2148 613 digniS,

375 619 577 664 indignisve,
605 623 638 651 et
662 618 779 651 fierent
806 617 907 651 ceteri
935 616 1162 662 diligentiores
1189 616 1231 649 ad
1258 616 1418 663 suffragia
1445 618 1488 651 ‹le
1508 618 1560 651 his
1582 618 1729 653 ferenda.
1783 619 2006 652 Peculium
2034 630 2148 652 servo-

249 679 283 703 ·f.
302 683 326 704 et
376 682 447 704 rum
476 682 495 703 a
522 681 646 715 pecore
672 670 749 703 item
776 669 902 703 dictum
930 673 995 710 est,
1021 674 1056 702 ut
1078 671 1144 702 ex*
1167 669 1310 714 pecunia
1335 675 1468 715 patrum
1495 670 1647 703 familiae.
1701 670 1843 704 Puelli
1871 682 1932 715 per
1957 670 2148 704 diminutio-

376 734 449 756 nem
479 733 497 754 a
523 721 633 766 pueris
660 721 740 755 dicti
766 725 847 755 sunt.
876 721 987 764 itaque
1014 726 1046 753 et
1066 721 1191 753 Ennius
1217 720 1280 753 ait:

480 773 610 806 Poeni
637 773 759 806 soliti
787 783 883 806 suos
910 772 1168 806 sacrificare
1194 771 1378 817 puellos.

379 831 409 858 et
434 825 598 858 Lucilius:

481 887 657 920 cumque
684 875 755 909 hic
781 880 863 908 tam
890 875 1101 908 formosus
1132 874 1277 916 homo,
1305 886 1351 909 ac
1377 880 1417 909 te
1445 874 1602 919 dignus
1635 874 1819 919 puellus.

381 929 422 961 Et
449 928 601 961 Plautus:
1506 928 1508 930 ’

481 980 577 1012 olim
604 979 707 1011 huic
736 978 890 1022 puello
919 989 959 1010 se
986 989 1028 1010 se
1055 989 1203 1011 venum
1231 977 1393 1012 ducier.

208 1023 852 1083 ‘ggilt'gffissg‘Praeciamitatores*2
880 1028 1033 1063 dicuntur
1059 1030 1116 1073 qui
1142 1029 1350 1062 Flaminibus
1377 1028 1482 1068 Diali,
1516 1027 1696 1069 Quirinali,
1732 1027 1880 1062 Martiali
1908 1026 2105 1062 antecedent
2115 1029 2149 1047 **

206 1092 251 1117 ‘'f.
266 1083 565 1117 antece-exclamant
590 1081 678 1114 feriis
705 1081 865 1125 publiciS,
890 1085 925 1114 ut
944 1080 1096 1114 homines
1122 1081 1308 1115 abstineant.
1332 1093 1367 1115 se
1393 1092 1515 1125 opere,
1542 1080 1621 1123 quia
1646 1078 1697 1112 his
1721 1090 1806 1123 opus
1834 1080 2010 1115 facientem
2036 1078 2151 1112 videre

246 1125 336 1152 dentes
378 1134 570 1179 religiosum
599 1139 655 1166 est.
709 1133 867 1166 Pedum
896 1137 943 1165 est
970 1133 1103 1176 quidem
1131 1132 1289 1166 baculum
1316 1133 1509 1170 incurvum,
1540 1142 1608 1175 quo
1637 1136 1786 1176 pastores
1815 1137 1948 1166 utuntur
1981 1131 2024 1164 ad
2056 1141 2152 1164 com-

207 1185 634 1231 ·f.memin÷tprehendendas
664 1195 760 1227 oves,
795 1189 852 1217 aut
885 1195 1021 1228 capras,
1060 1196 1079 1217 a
1114 1184 1265 1229 pedibus.
1301 1185 1402 1219 cuius.
1436 1185 1510 1218 m.*
1554 1183 1651 1217 etiam
1696 1183 1861 1228 Vergilius
1897 1184 1930 1217 in
1970 1182 2150 1222 Bucolicis,

378 1249 454 1271 cum
481 1237 544 1270 ait:

481 1289 534 1322 At
558 1293 602 1321 tu
629 1298 745 1320 sume
772 1287 938 1331 pedum.

379 1341 435 1374 sed
464 1340 496 1373 in
525 1350 565 1373 eo
591 1350 704 1379 versu,
731 1339 788 1382 qui
815 1343 862 1371 est
887 1338 919 1371 in
945 1337 1123 1382 iphigenia
1145 1338 1248 1372 Enni:

481 1390 674 1437 procede
701 1390 903 1436 gradum,
929 1389 1132 1434 proferre
1160 1390 1331 1435 pedum,
1352 1390 1505 1428 nitere,
1534 1389 1698 1423 cessas?

211 1444 413 1476 ·f.bacnlum5d
440 1444 550 1488 ipsum
573 1442 717 1476 iaculum
734 1443 751 1462 *
783 1441 979 1487 significari,
1020 1451 1096 1474 cum
1130 1442 1174 1474 ait
1202 1441 1353 1481 Verrius,
1394 1440 1503 1473 mirari
1530 1441 1604 1473 satis
1631 1451 1697 1474 non
1724 1450 1869 1485 possum.
1896 1449 1972 1474 cum
1999 1440 2038 1472 sit
2065 1439 2150 1472 ordo

379 1495 471 1533 talis,
513 1499 545 1528 et
571 1505 633 1539 per
660 1505 735 1527 eum
771 1493 969 1538 significatio
1005 1498 1138 1537 aperta:
1177 1493 1320 1538 gradum
1355 1492 1507 1537 proferre
1542 1491 1671 1537 pedum
1697 1491 1827 1525 cessas?
1867 1491 1978 1526 nitere.
2039 1491 2151 1524 Pone

243 1549 278 1575 'f-
298 1549 345 1574 loci
378 1546 473 1592 gravi
501 1556 582 1578 sono
616 1545 742 1588 antiqui
773 1545 948 1578 utebantur
974 1544 1144 1589 prologi*
1177 1544 1425 1590 significatione.
1486 1544 1556 1577 Sed
1583 1543 1802 1588 praeicientes
1835 1543 1964 1577 vocabu
1980 1538 2006 1592 ΙΙ
2016 1542 2039 1575 li
2067 1540 2150 1588 [58]

381 1676 386 1681 .
442 1674 449 1681 .
504 1674 510 1680 .
566 1676 572 1681 .
628 1674 633 1679 .
690 1674 697 1680 .
751 1672 759 1680 .
814 1674 821 1679 .
876 1674 882 1679 .
936 1671 944 1678 .
999 1674 1005 1680 .
1121 1673 1127 1679 .
1244 1675 1251 1682 .
1306 1646 1505 1689 Perimz't,
1547 1646 1691 1685 adimit,
1733 1646 1830 1680 tollit.
1896 1645 1997 1679 Unde
2025 1649 2055 1678 ct
2088 1656 2152 1690 pe-

380 1704 554 1745 remptus,
582 1698 794 1745 interfectus.
847 1698 961 1731 Pure
988 1698 1125 1731 lautam
1154 1698 1287 1744 antiqui
1308 1697 1490 1739 dicebant,
1511 1709 1607 1744 aqua
1632 1708 1728 1742 pura
1756 1698 1907 1732 lavatum
1960 1725 1967 1731 .
2020 1722 2027 1728 .
2081 1723 2088 1729 .
2145 1723 2150 1729 .

875 1749 2153 1785 ,iti..........Puravestimentasacer-

384 1802 482 1836 dotes
503 1802 630 1848 populi
656 1801 810 1834 Romani
818 1825 827 1842 ,
855 1811 933 1834 cum
959 1800 1226 1844 sacrificabant,
1254 1801 1385 1834 habere
1410 1801 1503 1834 soliti
1529 1804 1646 1842 erant,
1686 1801 1725 1834 id
1751 1804 1818 1842 est,
1847 1812 1915 1834 mm
1937 1799 2057 1839 obsita,
2087 1811 2153 1834 mm

377 1852 600 1899 fulgurata,
635 1865 701 1886 non
725 1852 895 1899 funesta,
929 1863 996 1887 non
1022 1853 1222 1894 maculata,
1258 1864 1301 1887 ex*
1323 1853 1394 1886 hac
1429 1863 1540 1886 causa
1593 1879 1600 1886 .
1778 1880 1784 1886 .
1900 1879 1906 1885 .
1960 1877 1966 1884 .
2022 1878 2027 1884 .
2083 1877 2089 1882 .

451 1903 2153 1941 ‚voca.............tiata......Procnlaio‚

386 1959 589 1998 provocato,
614 1960 646 1989 et
665 1967 730 2000 pro
747 1956 848 1990 citato
876 1955 982 1990 etiam
1009 1955 1178 2001 usurpari
1192 1956 1288 1990 solet.
1342 1954 1498 2001 Praes
1500 1956 1563 1988 eri
1571 1955 1716 1988 culum
1743 1966 1807 1988 vas
1823 1967 1962 1989 aeneum
1983 1955 2158 1988 sineansa·

391 2007 613 2049 appellatur,
645 2011 771 2052 pateas
805 2018 996 2049 summum,
1029 2008 1127 2041 velut
1148 2007 1273 2052 pelivis:
1311 2018 1377 2052 quo
1410 2007 1462 2040 ad
1494 2006 1675 2053 sacrificiu
1711 2006 1898 2041 utebantur
1927 2007 1960 2041 ὅτι
1993 2005 2151 2040 sacrario

394 2053 475 2098 Opis
502 2057 678 2091 Consivae.
733 2058 969 2100 Patellae,
1001 2060 1128 2093 vasula
1156 2069 1278 2105 parva
1305 2059 1448 2104 picata,
1481 2058 1561 2091 item
1588 2058 1685 2092 sacris
1716 2058 1885 2092 faciendis
1918 2061 2023 2103 apta:
2063 2067 2153 2102 quae

395 2109 493 2139 erant
520 2106 638 2150 forma
665 2110 753 2145 velut
779 2110 942 2156 capidula
966 2111 1155 2157 quaedam.
1209 2110 1429 2144 Pantices
1454 2109 1621 2144 dicebant
1639 2110 1714 2143 frus
1727 2110 1847 2143 ventris
1899 2135 1906 2142 .

394 2220 423 2249 S.
447 2219 607 2258 Gregorius
629 2224 738 2253 scribit.
782 2227 940 2256 Possumus
962 2228 1077 2268 inquit,
1100 2233 1129 2258 et
1151 2229 1197 2258 rei
1207 2229 1252 2258 in·
1293 2227 1600 2266 Praeclamitatorenj
1626 2227 1657 2256 ln
1676 2227 1843 2266 exemplari.
1861 2227 1947 2266 plane
1966 2233 2025 2263 esi,
2048 2232 2083 2255 ut
2094 2226 2151 2255 lto-

394 2267 532 2309 erspertae
554 2263 707 2311 arliitrium
734 2268 889 2298 collocare.
914 2275 958 2299 est
979 2277 1076 2302 autem
1098 2272 1177 2301 inter
1203 2282 1252 2300 an-
1294 2272 1389 2299 mines
1411 2271 1450 2299 ab
1474 2281 1558 2310 opere
1579 2281 1609 2299 ⁸2
1631 2270 1810 2299 abstineant.
1851 2270 1923 2299 Urs.
1956 2287 1994 2293 --
2027 2270 2055 2305 3)
2079 2266 2150 2297 Pro-

394 2303 504 2353 bffl'f’S,
526 2310 576 2333 aut
596 2306 707 2352 iudices
728 2310 854 2345 prodire.
892 2313 967 2341 Urs.
997 2330 1040 2336 —
1073 2315 1102 2351 1)
1123 2313 1252 2343 Praero—
1293 2313 1422 2353 cincta]
1463 2313 1538 2342 Vide
1568 2323 1661 2352 supra
1689 2312 1720 2341 in
1745 2312 2008 2352 Enduprocinctu:
2051 2319 2089 2339 ex
2115 2318 2148 2338 eo

391 2346 546 2386 gamma]
573 2347 719 2376 Ausomus
741 2349 771 2377 in
793 2352 957 2382 Gratiarum
980 2356 1104 2385 actione.
1147 2357 1250 2386 valete
1292 2356 1368 2386 enim
1391 2356 1460 2385 l'ouo
1480 2355 1562 2386 hunc
1584 2355 1800 2386 resarcivimus.
1836 2356 1916 2384 Ure.
1949 2371 1989 2376 —
2023 2352 2051 2387 4)
2079 2349 2149 2381 Pro-

394 2388 503 2437 classes
525 2390 648 2429 populi,
685 2394 714 2418 et
735 2391 914 2438 urbanarum
938 2396 1068 2427 tribuum
1095 2409 1254 2438 praeroga·-
1291 2398 1481 2437 simwium]
1519 2399 1559 2428 De
1587 2398 1734 2428 Aventino
1765 2402 1887 2430 monte,
1938 2396 2064 2435 primum
2098 2404 2147 2422 ex-

395 2433 489 2467 tlvae‚
523 2436 552 2461 et
581 2437 732 2461 centuriae
759 2442 824 2462 lure
860 2443 991 2467 vocatae.
1038 2440 1114 2470 Ura.
1143 2457 1183 2463 —
1220 2444 1247 2474 2)
1292 2445 1336 2470 tra
1361 2441 1564 2480 pomoerium.
1600 2440 1707 2470 deinde
1736 2451 1752 2468 a
1785 2441 1814 2468 0.
1838 2438 1960 2468 Claudio
1983 2438 2059 2465 intra
2090 2447 2148 2474 po-
