2263 2668
251 179 302 214 86

779 178 924 214 PROBI
951 178 1341 215 INSTITUTIONUM
1368 179 1810 215 GRAMMATICARUM

487 274 535 307 Et
563 285 641 308 cum
658 272 811 318 stigida
836 283 931 305 mors
957 273 1078 306 anima
1103 274 1283 307 seduxerit
1311 271 1441 308 artus¹.

259 327 309 360 Di
334 327 539 372 praepositio
566 335 698 368 semper
723 324 827 368 longa
854 329 920 364 est,
947 330 998 356 ut:

490 377 577 409 Tum
603 386 685 408 vero
712 375 745 407 in
773 386 879 408 eurus
903 376 1057 408 animum
1084 376 1265 408 diducitur
1292 374 1437 409 omnes?

259 432 327 465 Dis
352 428 553 476 praepositio
580 427 714 459 brevem
741 427 905 469 syllabam
931 427 1050 469 habet,
1078 427 1137 460 sed
1165 439 1239 460 eam
1265 428 1428 472 positione
1455 428 1592 472 longam
1619 427 1690 460 fieri
1717 433 1867 472 oportet,
1894 432 1948 461 ut:

484 478 696 523 Disiecitque
721 481 818 511 rates
829 474 859 518 ³,-

259 541 306 569 et:

484 580 658 613 Diseissos
684 579 788 612 nudis
815 577 1037 618 laniabunt&

259 647 324 669 non
359 635 430 666 fere
465 632 552 664 enim
578 632 611 663 in
637 631 788 664 vocalem
815 631 913 666 cadit.

979 632 1051 665 Con
1082 637 1114 665 et
1142 631 1185 664 1η
1218 632 1482 676 praepositiones
1510 632 1696 674 loquelares
1724 642 1799 664 cum
1827 631 1968 671 fuerint,
2005 631 2050 665 ita
2077 635 2112 663 ut
2137 641 2199 674 per

259 685 536 731 compositionem
562 682 704 725 loquelis
730 682 932 725 inhaereant,
960 684 1079 715 ambae
1106 684 1200 716 unius
1226 689 1363 716 naturae
1390 688 1470 716 sunt.

1524 683 1603 717 Hoc
1634 694 1775 728 genere,
1802 683 1827 715 si
1853 683 1886 715 in
1902 681 1936 728 f
1953 682 2007 715 vel
2032 693 2050 716 s
2074 682 2198 715 litteras

259 742 476 773 consonantes
503 734 700 773 ceciderint,
727 734 918 767 naturaliter
943 733 1208 778 producentia-⁵,
1234 741 1285 768 ut:

490 784 709 830 Irfferretque
735 786 820 819 deos
845 783 988 823 Lalio⁶‚·

260 848 306 874 et:

485 887 667 932 Insignem
688 888 824 932 pietate
832 885 852 920 ⁷.

258 944 355 976 Item:

466 989 657 1024 Considunt
684 987 821 1030 tectis&-

257 1052 303 1077 et:

896 1091 989 1125 ‚Num
1014 1092 1136 1124 vulnus
1164 1091 1328 1124 acerbum

466 1139 643 1189 Conficit⁹.

255 1198 300 1230 At
326 1196 350 1228 si
378 1207 398 1227 a
425 1195 562 1227 caeteris
590 1194 844 1227 consonantibus
870 1194 1095 1238 excipiuntur,
1122 1194 1289 1238 positione
1316 1193 1439 1237 longae
1453 1188 1476 1208 ¹⁰
1509 1192 1604 1232 fient,
1632 1204 1694 1226 nec
1721 1191 1864 1236 produci
1891 1193 1924 1224 in
1952 1192 2201 1237 praepositione

257 1252 392 1292 possunt
417 1246 485 1278 sine
512 1246 590 1279 vitio
617 1246 819 1278 barbarismi.

421 1313 454 1347 2.
505 1313 771 1357 Praepositiones
798 1314 974 1348 accusativi
1002 1325 1102 1347 casus.

257 1366 384 1401 casibus
412 1365 549 1405 serviat,
577 1371 627 1398 ut:

872 1245 915 1278 In
943 1257 1022 1278 vero
1032 1242 1070 1287 ¹¹,
1099 1256 1175 1279 cum
1203 1245 1341 1279 casualis
1368 1243 1485 1280 suerit..
1512 1244 1620 1276 brevis
1649 1248 1715 1285 est,
1742 1245 1768 1276 si
1797 1256 1815 1276 a
1842 1243 1952 1276 vocali
1978 1245 2169 1289 excipiatur.

1153 1314 1215 1347 Ad
1240 1313 1447 1358 praepositio
1475 1324 1607 1358 semper
1633 1312 1741 1345 brevis
1765 1318 1824 1353 est,
1852 1313 1918 1345 sive
1944 1313 2105 1357 loquelis,
2132 1314 2200 1346 sive

488 1416 720 1450 Eumenidum
747 1415 897 1461 aspicies
907 1412 956 1448 ¹²?
982 1416 1143 1460 ripamve
1169 1415 1334 1453 iniussum

257 1476 305 1502 et:

485 1518 647 1564 Iuppiter
673 1519 887 1563 omnipotens
913 1519 943 1551 si
969 1518 1121 1551 nondum
1132 1513 1156 1536 ¹³
1183 1529 1306 1551 exosus
1334 1516 1384 1549 ad
1412 1527 1525 1550 unum.

259 1571 367 1616 Apud
394 1571 600 1615 praepositio
629 1570 757 1603 duabus
787 1570 939 1602 brevibus
967 1576 1113 1607 constat,
1141 1575 1192 1603 ut:

487 1622 613 1668 Qualis
640 1622 740 1666 apud
766 1621 881 1666 gelidi
909 1618 1202 1666 ‹·11111j«'11ni1'11u¹⁴.

259 1672 373 1704 ultima
398 1683 475 1704 sane
502 1674 666 1716 positione
691 1673 795 1717 longa
822 1673 868 1704 fit.

257 1723 373 1756 sitione
398 1723 502 1767 longa
528 1724 581 1764 fit,
609 1731 659 1756 ut:

494 1774 578 1806 Ante
604 1775 746 1807 sinistra
773 1786 864 1806 ctwa
890 1775 1075 1807 monuisset
1085 1771 1117 1806 ¹5.

262 1825 363 1858 Citra
399 1826 603 1868 praepositio
637 1832 839 1869 postremam
872 1825 1009 1869 longam
1041 1825 1152 1858 habet.

258 1883 462 1921 postremam
489 1877 648 1920 syllabam
677 1877 815 1920 longam
842 1877 977 1920 recipit,
1006 1882 1056 1909 ut:

343 2014 370 2054 1)
399 2013 437 2042 Ut
461 2018 528 2041 ante
551 2022 668 2040 versun]
694 2011 774 2038 deest
798 2010 829 2038 in
853 2010 921 2039 Cod.
946 2012 1041 2038 Locus
1065 2017 1105 2039 est
1131 2012 1209 2049 Virg.

261 2059 332 2087 Aen.
356 2057 405 2093 lv,
429 2057 499 2087 385-
524 2072 561 2076 —-
617 2058 647 2091 ²)
672 2054 752 2090 Virg.
779 2054 849 2081 Aen.
876 2053 911 2089 V,
937 2056 1006 2084 720.
1029 2054 1079 2080 ubi
1102 2054 1210 2091 legitur

259 2102 397 2130 animus.
420 2115 460 2119 —
504 2098 533 2135 3)
557 2096 636 2133 Virg.
658 2096 726 2125 Aen.
746 2096 767 2131 1,
791 2097 839 2126 43,
862 2111 904 2116 --
947 2098 977 2132 4)
1003 2095 1081 2132 Virg.
1106 2097 1209 2134 georg⁴

259 2143 310 2177 III,
334 2142 406 2174 514.
427 2156 470 2162 —-
514 2139 544 2177 5)
577 2137 787 2168 Proclucentur
808 2137 997 2165 scribendum
1020 2138 1077 2165 suit
1100 2148 1114 2165 e
1139 2140 1209 2167 Cod,

258 2184 477 2225 producuntur
504 2182 571 2211 Asc.
602 2181 632 2209 P.
664 2197 704 2201 —
756 2180 785 2217 6)
819 2180 896 2217 Virg.
927 2181 998 2209 Aen.
1028 2179 1059 2216 I,
1094 2183 1140 2210 10.
1170 2197 1210 2202 --

259 2227 290 2266 7)
317 2226 421 2255 Virum
449 2224 532 2252 addit
555 2225 621 2252 Asc.
645 2227 672 2250 el
695 2223 724 2250 P.
754 2223 894 2261 itt-signem
917 2234 947 2260 p.
972 2223 1057 2258 item,
1087 2223 1127 2249 sic
1152 2233 1212 2250 nou

261 2269 427 2308 perscripto
452 2266 549 2295 medio
573 2275 636 2293 voc.
661 2265 730 2292 Cod.
786 2265 956 2293 Rotundum
978 2271 1077 2291 tamen
1105 2264 1135 2290 in
1159 2265 1211 2292 lit-

260 2318 324 2340 tera
338 2323 368 2350 p⁴
391 2310 473 2339 finiri
490 2318 618 2337 versum.
651 2307 696 2335 Cf.
714 2306 793 2341 Vir-g.
814 2309 883 2335 Aen.
906 2307 928 2341 Ι,
946 2307 994 2337 14.
1013 2322 1050 2327 —-
1089 2306 1118 2343 S)
1132 2306 1210 2343 Vin-g.

262 2355 335 2383 Aen,
351 2354 390 2389 X,
406 2353 433 2384 5.
444 2368 485 2372 —
507 2350 539 2388 9)
555 2350 635 2387 Virg.
652 2350 721 2378 Aen.
734 2349 784 2384 XI,
802 2351 870 2381 823.
890 2349 941 2377 ubi
956 2353 1013 2376 est:
1037 2347 1110 2376 Νιιι
1121 2359 1135 2376 c
1151 2348 1211 2376 vul-

262 2409 315 2424 nus
331 2394 467 2424 acerbum
483 2393 609 2432 conficit.
635 2392 706 2420 Cod.
727 2392 809 2420 etP.:
834 2391 1017 2419 Nummum.
1048 2390 1103 2418 Sed
1122 2401 1210 2419 nunc

262 2443 341 2467 recte
358 2437 464 2475 legitur
480 2436 511 2464 in
522 2437 587 2464 Asc.
604 2450 644 2456 —
682 2434 727 2467 10)
742 2433 853 2472 Longa
871 2433 940 2464 eod.
956 2438 983 2461 et
994 2433 1063 2462 Asc.
1097 2432 1154 2460 Sed
1166 2442 1209 2460 re-

1219 1824 1276 1858 Cis·
1311 1824 1513 1868 praepositio
1548 1825 1685 1857 brevem
1713 1824 1879 1868 syllabam
1905 1825 2033 1869 recipit.

921 1672 1013 1705 Ante
1038 1673 1226 1705 naturaliter
1253 1672 1381 1705 duabus
1408 1672 1562 1704 brevibus
1590 1677 1733 1712 cons-tat,
1761 1671 1820 1705 sed
1847 1672 1941 1715 prior
1966 1682 2033 1716 po-
2069 1670 2200 1719 [1428]

2097 1824 2204 1859 Circa

1254 2011 1347 2039 fertur
1364 2011 1400 2038 ad
1419 2020 1469 2039 vr.
1488 2009 1598 2039 litteras
1619 2018 1817 2039 consonantes.
1837 2026 1877 2032 ——
1919 2013 1965 2049 11)
1980 2009 2013 2040 Ῑη
2036 2012 2121 2043 verbo
2137 2025 2203 2044 cum

1254 2054 1325 2081 Cod.
1343 2054 1409 2081 Asc.
1439 2054 1468 2082 P.
1488 2052 1685 2080 scribendum
1709 2062 1769 2080 esse
1785 2064 1859 2088 vcro,
1883 2060 1988 2092 sponte
2014 2061 2145 2094 apparet.
2161 2073 2204 2079 —

1255 2096 1301 2133 12)
1330 2096 1481 2135 Aspicies
1511 2095 1618 2122 diserte
1644 2095 1714 2122 eod.
1766 2095 1861 2124 Locus
1888 2101 1930 2124 est
1957 2096 2036 2135 Vir-g,
2057 2099 2128 2127 Aen.
2151 2099 2203 2136 VI,

1253 2140 1324 2169 375.
1341 2155 1380 2159 —
1426 2137 1471 2175 13)
1496 2137 1645 2176 luppiter
1668 2136 1737 2164 Cod.
1758 2139 1823 2166 Asc.
1841 2139 1871 2166 P.
1895 2149 1963 2173 non,
1985 2150 2041 2178 pro
2064 2139 2204 2177 nondum,

1255 2180 1397 2210 exhibent
1420 2180 1487 2209 Asc.
1509 2180 1538 2208 P.
1584 2179 1673 2208 Cod.:
1696 2180 1722 2207 si
1745 2178 1873 2208 nondum
1896 2192 2004 2210 exosus
2025 2181 2066 2210 acl
2086 2182 2204 2218 (finitur

1255 2223 1368 2256 versus)
1395 2221 1484 2262 opud.
1534 2222 1624 2250 Recte
1654 2221 1768 2250 addunt
1796 2234 1882 2251 unum
1906 2224 1972 2254 Asc.
1999 2225 2028 2253 P.
2053 2225 2096 2253 Cf.
2124 2225 2204 2264 Virg.

1254 2266 1326 2292 Aen.
1346 2265 1379 2301 V,
1397 2268 1467 2297 687.
1485 2282 1521 2286 —
1549 2264 1594 2302 14)
1611 2264 1689 2301 Virg.
1709 2265 1779 2293 Aen.
1792 2265 1856 2301 XM,
1872 2267 1944 2297 331.
1965 2266 2050 2296 Cod.:
2075 2278 2142 2297 cum
2157 2269 2203 2307 fl„

1254 2307 1296 2334 sic
1320 2317 1380 2335 non
1405 2307 1567 2344 perscripto
1597 2306 1757 2343 vocabu103
1787 2312 1875 2345 atque
1898 2308 1939 2336 iia
1960 2308 2065 2338 finitur
2086 2320 2202 2340 versus,
2242 2324 2247 2336 ι

1256 2366 1291 2370 -
1330 2350 1375 2385 15)
1400 2350 1480 2385 Vir-g.
1496 2349 1557 2376 Ecl.
1573 2349 1625 2385 lx,
1645 2350 1690 2380 15.
1713 2365 1754 2370 —-
1801 2352 1847 2386 16)
1866 2350 1945 2388 Virg.
1964 2351 2035 2379 Aen.
2052 2351 2114 2388 Vll,
2131 2353 2203 2385 535.

1252 2407 1293 2412 ——
1319 2392 1363 2427 17)
1379 2390 1489 2419 Eadem
1509 2391 1605 2426 etiam,
1628 2390 1686 2419 hoc
1702 2391 1805 2420 ordine
1822 2392 1891 2422 Cod.
1925 2393 1980 2421 Sed
1996 2393 2082 2421 etiam
2100 2393 2203 2424 eadem

1252 2434 1319 2462 Asc.
1333 2434 1363 2461 P.
1396 2434 1449 2462 Est
1470 2437 1566 2461 autem
1582 2432 1691 2469 eadem,
1710 2438 1741 2462 ut
1755 2433 1785 2461 in
1802 2444 1882 2472 seqq.
1898 2444 1992 2474 saepe,
2007 2435 2028 2467 i.
2047 2445 2074 2474 q.
2083 2438 2202 2475 pariter,
