2263 2668
503 175 567 209 DE
593 172 979 211 SlGNlFICATIONE
1006 171 1290 210 VERBORUM.
1342 174 1486 209 LIBER
1511 175 1570 209 111.
1934 176 2008 212 385

232 267 376 299 Cocum.
421 269 566 298 Pistorem
595 269 676 308 apud
704 274 819 299 veteres
842 277 902 296 non
924 265 1014 294 fuisse
1037 269 1165 295 testatur
1187 266 1280 296 Varro
1303 267 1333 296 in
1355 270 1438 309 ταφῇ
1461 268 1647 299 Μενίππουῑ
1686 278 1739 297 neo
1757 268 1893 307 pistorem
1916 268 2009 300 ullum

64 319 197 349 nossent,
228 312 285 340 nisi
307 323 388 348 eum,
426 312 477 352 qui
498 313 528 341 in
548 312 673 352 pistrino
694 313 818 352 pinseret
836 309 990 352 farinam‚·
1024 313 1053 337 et
1074 308 1124 336 lib.
1137 310 1160 338 I.
1185 309 1220 339 de
1244 310 1303 339 vita
1327 312 1432 350 populi
1454 312 1553 339 Rom.:
1590 309 1653 340 Nec
1672 310 1792 349 pistoris
1813 321 1915 339 nomen
1936 321 2007 350 erat,

64 356 123 385 nisi
144 355 220 390 eius,
243 354 294 394 qui
312 353 366 394 far
386 353 530 393 pinsebat.
562 354 634 382 Ptin.
653 354 703 383 lib.
720 357 768 386 18.
788 364 854 392 cap.
870 354 936 383 12:
958 349 1086 380 Pistores
1102 349 1217 381 Romae
1239 363 1296 381 non
1309 353 1435 393 fuerunt
1456 352 1497 382 ad
1518 353 1664 382 Persicum
1687 364 1775 392 usque
1796 351 1902 381 bellum
1923 356 2009 384 annis

65 397 103 426 ab
126 396 195 426 urbe
218 395 338 426 condita
360 407 443 436 super
463 395 650 427 IOLXXX
673 397 730 436 ipsi
749 407 855 436 panem
867 392 1028 436 faciebant
1054 392 1195 431 Quirites,
1234 393 1441 436 mulierumque
1463 394 1495 424 id
1517 407 1589 436 opus
1611 401 1691 432 erat,
1725 395 1800 424 sicut
1821 396 1907 424 etiam
1930 408 2008 427 nunc

64 441 96 469 in
116 437 253 479 plurimis
272 439 410 478 gentium.
453 438 616 478 Artoptam
639 438 765 468 Plautus
787 439 817 467 in
836 435 961 478 fabula,
998 447 1086 476 quam
1108 435 1301 466 Aululariam
1324 439 1440 477 scripsit
1464 439 1520 477 (II,
1542 441 1579 475 9,
1601 439 1662 475 4.),
1694 448 1800 476 magna
1823 436 1859 466 ob
1882 436 1915 466 id
1936 450 2007 469 con-

67 481 224 512 certatione
246 479 439 517 erudisorum,
462 491 500 509 an
524 483 549 509 is
571 492 667 510 versus
686 488 788 521 poetae
809 481 847 509 sit
872 477 953 508 illius
975 486 1140 519 certumque
1161 480 1198 507 sit
1212 479 1309 508 Atteii
1332 478 1482 519 Capitonis
1506 481 1662 516 sententia,
1686 487 1791 508 tostum
1812 490 1916 518 panem
1940 480 2008 510 lau-

66 522 191 553 tioribus
214 535 334 563 coquere
355 522 473 559 solitos,
501 524 681 564 pistoresque
703 531 815 552 tantum
839 533 903 558 eos,
933 522 984 561 qui
998 519 1060 562 far
1081 520 1248 560 pinsebant,
1281 523 1454 552 nominatos.
1499 523 1547 551 Sic
1570 527 1598 551 et
1621 522 1700 560 apud
1723 522 1860 551 Plautum
1883 534 2006 564 coquum

66 566 191 603 centies,
221 567 364 604 pistorem
388 575 460 594 vero
484 576 520 593 ne
543 566 631 594 semel
655 566 791 605 quidem,
821 564 876 593 nisi
899 574 953 603 pro
977 573 1027 600 eo,
1059 564 1110 602 qui
1133 564 1178 592 far
1200 564 1299 603 pinsit.
1344 565 1415 592 Nam
1435 565 1542 604 pistum
1566 564 1679 603 antiqui
1702 564 1839 593 dicebant
1860 575 1915 603 pro
1939 577 2008 595 mo-

66 608 160 638 litum.
190 608 266 637 Vide
287 609 403 647 pistum.
436 608 530 636 Locus
554 608 655 636 Naevii
679 619 715 637 ex
738 608 772 636 iis
795 606 933 647 operibus
957 606 1128 645 desumptus
1150 606 1221 643 suit,
1246 617 1374 645 quorum
1397 608 1517 635 nomina
1540 607 1629 636 hodie
1651 617 1710 635 non
1733 611 1844 636 extant.
1876 608 1934 635 Cur
1956 619 2008 638 au-

67 656 126 680 tem
149 661 202 689 per
225 650 364 678 Venerem
388 651 467 679 olera
489 651 636 689 intelligat
658 651 801 685 Naevius,
830 650 888 678 hoc
910 649 979 677 inde
1002 653 1061 685 est,
1093 649 1172 686 quod
1196 648 1276 677 horti
1298 650 1328 677 in
1354 649 1475 678 Veneris
1499 655 1582 678 erant
1605 649 1703 678 tutela.
1744 649 1837 678 Varro
1860 649 1909 679 lib.
1923 650 1946 679 I.
1971 651 2008 680 de

66 704 99 722 re
121 697 198 722 rust.
221 692 294 732 (1.):
329 691 501 722 Advenerat·
524 693 690 722 Zl‘Iinervam
715 701 741 721 et
769 692 921 728 Venerem,
950 702 1073 732 quarum
1096 692 1181 719 unius
1201 693 1371 731 procuratio
1395 690 1505 728 oliveti,
1536 691 1654 721 alterius
1675 691 1838 728 hortorum,
1869 702 1926 731 quo
1949 704 2009 722 no—

66 736 144 764 mine
166 736 276 764 rustica
296 733 407 764 vinalia
429 736 570 766 instituta.
610 735 691 765 Idem
714 736 765 766 lib.
781 736 815 766 V.
839 736 876 764 de
900 735 930 763 L.
953 735 985 765 L.
1010 733 1085 771 (Lib.
1098 734 1147 763 Vl.
1170 744 1200 772 p.
1218 737 1285 766 198.
1310 735 1385 773 Sp.).
1421 734 1495 763 Vide
1516 734 1592 763 infra
1614 739 1684 773 post
1705 733 1811 763 Roscii
1833 738 1862 762 et
1883 734 1913 763 in
1935 733 2009 764 Ru-

67 778 143 808 stica
163 776 284 807 vinalia.
327 776 414 807 Dac-

235 818 445 851 Comensem.
494 819 679 850 Cannensem.
719 821 816 849 Locus
839 830 896 848 non
920 824 979 848 tam
1002 818 1164 853 obscurus,
1188 829 1274 856 quam
1297 818 1457 847 ridiculus:
1488 819 1633 847 obscurus
1653 823 1759 847 tamen.
1801 817 1892 853 Quod
1912 823 1941 847 et
1962 829 2009 848 me

68 866 184 890 tacente
205 872 260 900 per
282 872 313 891 se
336 863 406 891 satis
428 868 518 902 patet.
562 865 622 902 Ego
653 874 721 892 sane
751 874 810 892 non
841 862 943 891 dubito
966 862 1008 890 ita
1029 862 1140 899 legere:
1181 859 1356 890 Cannensem
1379 872 1523 890 cursorem
1550 862 1696 891 Titinnius
1715 868 1896 900 praepostere
1918 860 2008 892 dixit.

68 905 168 933 Recte.
211 905 286 933 Nota
315 909 359 933 est
388 906 588 934 consternatio
615 911 642 934 et
665 907 732 944 fuga
756 916 875 942 eorum,
911 905 960 944 qui
982 915 1019 932 ex
1042 904 1187 932 Cannensi
1212 904 1295 932 clade
1317 909 1489 939 evaserunt,
1527 904 1577 942 qui
1601 909 1700 931 noctes
1723 907 1751 931 et
1774 903 1836 931 dies
1858 913 2010 942 nunquam

69 957 189 976 cursum
213 951 242 975 et.
264 947 362 985 sugam
386 948 607 977 intermiserint.
636 949 726 985 Quod
747 949 847 977 Livius
868 947 1041 976 nominatim
1064 952 1165 976 monet
1188 944 1304 986 (XXII,
1326 945 1402 985 44.).
1433 947 1478 974 Ab
1502 956 1535 974 eo
1558 946 1729 974 ioculariter
1746 946 1929 982 Cannenses,
1952 946 2011 976 hoc

69 994 128 1026 est,
162 989 212 1028 qui
234 1000 271 1018 ex
295 990 378 1018 clade
402 991 548 1020 Cannensi
572 991 748 1030 effugerant,
783 990 967 1019 vocabantur
990 1000 1142 1025 cursores,
1171 994 1205 1017 ut
1228 989 1370 1028 suspicari
1392 990 1469 1019 licet.
1514 989 1553 1017 At
1575 993 1677 1016 contra
1700 993 1888 1027 praepostere
1911 989 2010 1018 Titin-

69 1033 136 1061 nius
167 1042 318 1061 curoorem
350 1034 472 1062 vocavit
496 1035 686 1064 Cannensem.
731 1034 795 1062 Non
827 1034 919 1070 enim,
956 1033 980 1061 si
1004 1033 1169 1061 Cannenses
1193 1042 1328 1060 cursores
1352 1031 1545 1067 dicebantur,
1581 1031 1616 1059 ab
1640 1041 1674 1059 eo
1697 1041 1881 1068 consequens
1903 1031 1959 1060 erit
1982 1036 2012 1062 et

71 1085 221 1103 cursorem
240 1075 373 1113 quemvis
391 1077 569 1105 Cannensem
587 1077 656 1106 dici.
689 1076 746 1105 Sed
770 1077 879 1104 comica
903 1075 1019 1104 licentia
1044 1076 1192 1113 eleganter
1214 1074 1271 1102 hoc
1293 1075 1406 1103 dictum
1424 1085 1440 1102 a
1455 1073 1587 1102 Titinnio
1610 1073 1812 1112 accipiendum
1836 1078 1886 1103 est.
1909 1072 2010 1104 Scal.

69 1118 131 1155 Ego
154 1127 225 1145 vero
248 1118 401 1155 existimo,
436 1120 554 1148 Festum
586 1129 645 1148 non
673 1129 733 1147 esse
763 1124 927 1147 assecutum
954 1124 1080 1147 mentem
1100 1117 1238 1154 Titinnii,
1279 1117 1329 1156 qui
1355 1115 1530 1146 Cannensem
1555 1127 1698 1145 cursorem
1719 1116 1840 1144 vocavit
1862 1117 2012 1153 quendam

71 1170 141 1188 suae
165 1159 266 1188 aetatis
288 1159 452 1198 hominem,
493 1166 525 1190 ut
548 1172 613 1190 eum
638 1160 831 1202 φυγόμαχον,
869 1166 902 1189 ut
925 1161 1066 1189 Horatius
1095 1160 1209 1189 diceret
1228 1157 1374 1199 fugacem
1402 1159 1578 1197 designaret.
1622 1158 1724 1196 ltaque
1754 1158 1832 1186 nulla
1860 1158 2011 1188 distinctio

70 1207 139 1242 post
155 1200 348 1238 Cannensem,
367 1214 465 1242 neque
488 1205 564 1232 enim
582 1203 758 1234 Cannensem
781 1204 823 1232 sic
847 1204 981 1233 absolute
1004 1204 1079 1232 dixit
1092 1203 1250 1232 Titinnius.
1288 1202 1345 1231 Sed
1368 1202 1423 1230 alia
1448 1203 1534 1230 etiam
1558 1211 1639 1230 mens
1656 1201 1791 1229 Meursio.
1827 1201 1913 1229 Putat
1935 1201 2012 1231 enim

71 1245 217 1284 scriptum
241 1245 330 1274 fuisse
354 1257 520 1282 cunensem,
548 1247 638 1275 unico
662 1259 695 1281 n,
727 1257 831 1285 nempe
855 1258 869 1274 a
895 1257 983 1282 cane,
1007 1246 1087 1284 quod
1112 1251 1174 1274 erat
1196 1245 1307 1274 vinculi
1330 1245 1417 1273 ferrei
1439 1254 1529 1282 genus
1553 1249 1581 1272 et
1603 1248 1750 1271 catenatos
1773 1243 1862 1271 fuisse
1886 1245 2012 1282 pistores

71 1297 158 1316 nemo
180 1288 308 1325 ignorat.
351 1288 454 1327 Itaque
483 1300 633 1318 cunensem
661 1289 759 1327 lepide
789 1294 891 1325 vocat,
928 1294 1068 1327 tanquam
1092 1300 1107 1317 a
1130 1289 1196 1317 loco
1223 1289 1323 1326 aliquo
1345 1287 1503 1325 regioneve
1528 1286 1645 1315 nomine
1668 1285 1805 1316 deducto,
1851 1287 1886 1314 Et
1909 1297 2013 1316 curso-

72 1340 134 1360 rem
155 1335 279 1369 propter
301 1340 438 1367 cursum,
462 1341 546 1369 quem
570 1331 749 1360 exercebant
772 1331 803 1359 in
826 1331 1052 1369 circumagenda
1076 1332 1162 1360 mola.
1209 1330 1297 1360 Dac.

239 1370 473 1401 Collatinum
502 1381 674 1404 ventrem.
719 1374 813 1403 Plaut.
833 1375 864 1402 in
885 1374 1004 1403 Curcul.
1028 1373 1085 1413 (ll,
1112 1377 1142 1411 1,
1168 1375 1239 1411 16.).
1264 1372 1353 1402 Ant.
1375 1371 1469 1411 Aug.
1491 1388 1532 1393 --
1554 1388 1595 1393 -
1620 1369 1678 1409 Qui
1699 1369 1747 1399 hic
1768 1377 1808 1398 est
1831 1369 1916 1399 homo
1942 1368 2014 1400 Cum

72 1413 211 1444 collativo
233 1422 328 1443 ventre
349 1422 436 1456 atque
458 1415 551 1445 oculis
572 1415 691 1445 herbeis.
734 1416 821 1446 Dac.

239 1455 460 1487 Conveoeum.
506 1459 598 1494 Quasi
622 1470 798 1488 conversum.
836 1459 941 1488 lsidor.
964 1459 1077 1487 lib.IlI.
1101 1458 1182 1497 Orig.
1206 1459 1335 1496 (e.16.):
1370 1458 1539 1486 Convexum
1563 1466 1680 1485 cur-vum
1704 1462 1761 1491 est,
1783 1455 1868 1494 quasi
1890 1466 2015 1484 conver-

73 1510 136 1528 sum
158 1511 207 1528 seu
228 1498 402 1528 inclinatum
426 1508 451 1529 et
474 1500 515 1529 ad
536 1500 655 1530 modum
679 1501 785 1531 circuli
808 1503 936 1541 flexum.
980 1501 1038 1530 Sed
1062 1512 1075 1529 a
1100 1501 1170 1530 veho
1193 1501 1293 1539 potius
1316 1511 1403 1539 quam
1428 1510 1443 1528 a
1466 1507 1543 1528 verto
1567 1508 1732 1526 convexum
1756 1497 1920 1527 deducitur.
1963 1499 2016 1527 Est

75 1542 152 1571 enim
175 1552 338 1571 convexum
361 1542 406 1579 id,
431 1543 511 1581 quod
534 1554 622 1582 supra
647 1554 811 1573 concavum
834 1544 1021 1573 convehitur.
1043 1544 1131 1573 Dac.
1178 1543 1333 1573 convexus
1355 1542 1496 1581 glossario
1518 1540 1698 1580 περιφέρεια.
1747 1538 1852 1570 Goth.

241 1581 501 1626 Confecerunt.
545 1588 594 1614 Sic
615 1587 696 1625 apud
719 1588 834 1615 Terent.
857 1586 1025 1626 confecistis
1047 1596 1101 1624 pro
1126 1597 1183 1614 una
1206 1587 1325 1614 fecistis.
1370 1584 1488 1614 Phorm.
1507 1585 1549 1620 H,
1574 1587 1609 1620 1,
1633 1584 1725 1620 (28.):

672 1628 774 1657 Bonas
795 1641 840 1657 me
861 1628 977 1657 absente
998 1628 1046 1658 lzic
1070 1627 1238 1669 confecistis
1260 1628 1386 1668 nuptias.

77 1667 149 1696 Nam
173 1667 252 1706 quod
276 1668 326 1696 alii
348 1669 594 1708 interpretantur:
618 1671 771 1712 ffcistis,
793 1671 971 1712 perfecistis,
995 1681 1055 1699 non
1076 1672 1185 1710 placet.
1208 1670 1262 1700 Da
1272 1682 1295 1700 c.
1342 1669 1468 1698 Glossis:
1494 1666 1632 1706 Conficit,
1657 1668 1836 1696 συντελεῖ.
1884 1664 1986 1696 Goth.

244 1707 475 1741 Crebrisuro.
520 1713 552 1741 In
577 1714 698 1752 obliquo
722 1714 844 1743 scilicet.
874 1714 948 1742 Nam
969 1719 1084 1742 rectum
1109 1718 1151 1742 est
1174 1713 1373 1743 crebrisurum.
1402 1712 1489 1739 Festo
1511 1711 1603 1745 enini,
1628 1713 1660 1737 nt
1683 1713 1711 1737 et
1731 1707 1880 1746 Hesycliio
1903 1714 1930 1737 et
1953 1709 2017 1737 aliis

78 1751 200 1780 solenne
221 1756 263 1779 est
286 1753 376 1781 verba
400 1755 580 1792 producere,
610 1761 643 1784 ut
666 1757 760 1794 posita
783 1761 852 1785 sunt
873 1756 903 1784 in
926 1757 1016 1793 locis,
1046 1756 1126 1785 unde
1150 1767 1181 1784 ea
1205 1756 1323 1794 petiere.
1370 1753 1565 1783 Crebrisurum
1590 1756 1684 1779 autem
1708 1755 1751 1779 est
1774 1751 1883 1779 vallum
1907 1751 2018 1780 crebris

79 1794 170 1830 suris,
192 1793 250 1822 hoe
273 1800 315 1823 est
338 1796 412 1834 palis
435 1796 536 1826 fixum.
575 1799 648 1826 Nan]
671 1810 755 1827 surus
776 1799 874 1838 palum
898 1799 1051 1836 significat.
1091 1799 1162 1827 Vide
1184 1799 1260 1827 infra
1283 1798 1313 1826 in
1337 1795 1432 1835 rigido
1454 1800 1481 1823 et
1502 1805 1592 1823 surus.
1638 1793 1727 1822 Dac.

244 1833 376 1876 Cyprio
406 1838 495 1869 bovi.
541 1841 692 1869 videndus
715 1842 828 1870 Plinius
851 1842 900 1870 lib.
914 1842 1026 1870 XXIII.
1050 1852 1074 1870 c.
1086 1844 1136 1872 20.
1162 1840 1262 1869 Fulv.
1290 1840 1366 1868 Urs.
1410 1840 1482 1866 Tam
1511 1847 1614 1865 verum
1641 1840 1700 1872 est,
1734 1835 1811 1863 ullos
1833 1835 1925 1863 boves
1950 1845 2017 1865 σκα-

79 1875 234 1918 τοφάγους
256 1888 333 1915 ²⁵⁵⁶,
369 1891 455 1918 (luam
478 1883 554 1911 ultas
578 1894 648 1912 oves
671 1881 867 1924 ὠμοφάγους.
912 1885 1075 1922 Utrumque
1098 1884 1174 1912 eniin
1198 1883 1377 1911 contrarium
1402 1880 1517 1909 animali
1542 1879 1711 1907 ruminanti.
1755 1878 1823 1906 Scio
1846 1878 1965 1916 quiden]
1988 1877 2018 1906 in

80 1920 258 1959 quibusdam
280 1923 448 1952 nationibus
470 1926 564 1963 pisces
587 1927 731 1955 arefactos
754 1937 788 1955 ac
811 1927 871 1955 sale
895 1926 1019 1955 duratos
1050 1927 1147 1954 bubus
1177 1925 1296 1964 apponi.
1342 1923 1398 1951 Sed
1423 1922 1502 1951 aliud
1528 1926 1571 1949 cst
1592 1922 1687 1959 pisces
1712 1922 1809 1958 peruri
1833 1920 1919 1955 dare,
1950 1930 2017 1948 cum

79 1964 136 1992 iam
160 1964 286 2001 amplius
308 1965 405 2003 pisces
428 1977 486 1995 non
512 1973 594 1996 sunt:
631 1969 711 1996 aliud
736 1979 824 2008 pecus
847 1969 926 2008 ipsos
948 1970 1033 1997 vivos
1056 1969 1220 1997 consectari
1252 1972 1279 1995 et
1307 1966 1398 2005 pasci.
1443 1964 1500 1992 Sed
1529 1964 1595 2001 περὶ
1624 1959 1821 2001 σκατοφάγων
1849 1963 1932 1999 βοῶν
1958 1973 2018 1991 non

81 2006 177 2035 solum
200 2006 302 2034 Festus
324 2008 380 2044 ait,
406 2009 457 2037 sed
480 2014 509 2039 et
524 2011 627 2039 Graeci
650 2011 927 2051 παροιμιόγραφοι,
951 2016 1132 2049 exponentes
1156 2009 1343 2048 proverbium
1368 2006 1497 2047 κύπριος
1519 2008 1602 2046 βοῦς.
1634 2005 1706 2034 Vide
1729 2005 1806 2033 itlos.
1829 2002 1929 2033 Scal.
1962 2005 2019 2044 Cy-

80 2049 163 2088 prios
186 2047 277 2077 boves
300 2054 428 2079 stercore
451 2053 530 2080 vesci
553 2053 682 2091 antiquis
707 2054 857 2091 proditum
882 2058 939 2089 est,
963 2054 1039 2081 unde
1060 2053 1179 2092 Cyprius
1203 2052 1253 2081 bos
1277 2051 1426 2089 proverbii
1450 2050 1513 2078 vice
1535 2049 1566 2076 in
1589 2047 1747 2087 quemlibet
1767 2046 1943 2083 iactabatur,
1968 2047 2019 2086 qui

81 2101 112 2120 se
135 2090 221 2119 foedo
244 2091 324 2120 victu
349 2093 560 2124 inibulbitaret.
606 2096 747 2134 llcsyctm
787 2095 927 2135 Κύπριος
955 2097 1029 2135 βοῦς
1051 2095 1099 2125 ἐπὶ
1122 2092 1322 2134 κοπροφάγου
1344 2094 1458 2123 εἰκαῖον
1480 2089 1617 2122 τάσσεται
1638 2092 1741 2125 τοῦτο,
1776 2087 1877 2128 ἐπειδὴ
1900 2090 1931 2119 οῖ
1953 2086 2019 2120 Κύ-

81 2146 166 2174 πριοι
186 2131 256 2173 βόες
277 2139 515 2175 κοπροφαγοῦσι.
558 2137 644 2165 Dac.

279 2187 498 2217 onsponsor.
544 2180 768 2216 Intelligendum
792 2180 839 2207 hic
864 2180 1081 2215 coniuratores,
1120 2179 1169 2217 qui
1194 2189 1286 2216 poena
1311 2176 1486 2206 sacramenti
1510 2179 1612 2204 mutuo
1635 2183 1664 2202 se
1687 2178 1867 2212 provocant,
1899 2184 1965 2202 cuin
1988 2175 2019 2202 in

81 2229 143 2247 rein
167 2218 293 2255 aliquam
318 2225 453 2257 agerent,
483 2227 555 2260 puta
579 2222 607 2250 in
633 2222 711 2251 litem
734 2222 940 2250 vindiciarum.
985 2221 1080 2257 Nam,
1117 2227 1149 2249 ut
1175 2222 1268 2259 inquit
1292 2221 1385 2249 Varro
1409 2221 1464 2255 (De
1488 2219 1517 2247 L.
1541 2218 1569 2245 [ι.
1593 2216 1632 2251 V,
1661 2219 1729 2247 179·
1755 2217 1833 2255 Sp):
1865 2218 1915 2256 qui
1934 2224 2018 2256 pete-

83 2260 133 2290 bat
155 2268 180 2288 et
204 2262 254 2301 qui
276 2262 464 2302 inficiabatur
486 2262 520 2292 cle
543 2263 610 2292 aliis
634 2264 731 2299 rebus,
766 2272 882 2304 uterque
904 2265 1123 2304 quinquagenos
1146 2265 1220 2292 aeris
1243 2262 1284 2291 ad
1304 2263 1471 2302 pontificem
1495 2258 1674 2299 deponebant
1699 2264 1752 2287 ete.
1796 2260 1868 2286 Nam
1891 2259 2018 2286 formula

81 2304 302 2343 provocationis
328 2311 391 2333 erat
413 2304 498 2333 haec:
534 2305 660 2344 Quando
684 2317 787 2346 negas,
814 2314 840 2334 te
861 2313 1042 2335 sacramenta
1065 2307 1314 2346 quinquagenario
1333 2315 1462 2344 provoco
1483 2307 1510 2331 et
1533 2312 1590 2342 qua
1615 2299 1650 2329 de
1672 2313 1701 2329 re
1719 2308 1802 2341 peto,
1832 2298 2018 2329 laudabiliter

81 2348 156 2376 iura.
192 2346 255 2374 lloc
278 2352 340 2375 erat
365 2348 551 2386 consponsio.
589 2350 660 2377 Nam
686 2349 736 2387 qui
759 2354 895 2387 exegerat
918 2349 1132 2384 iuramentum,
1155 2358 1258 2376 rursus
1282 2353 1310 2376 et
1332 2349 1394 2386 ipse
1416 2349 1629 2374 sacramentum
1652 2344 1823 2382 adigebatur
1845 2343 1881 2371 ab
1904 2342 2015 2369 adver-

83 2389 170 2418 sario.
201 2388 277 2417 Vide
301 2388 533 2419 Sacramentum.
559 2389 660 2420 Scal.
696 2392 775 2420 Alias
798 2401 1004 2430 consponsor-es
1028 2391 1113 2419 eliam
1138 2390 1226 2426 dicti,
1252 2391 1302 2429 qui
1325 2401 1355 2418 se
1378 2389 1465 2417 simul
1488 2399 1543 2427 pro
1566 2386 1704 2424 quopiam
1728 2386 1902 2423 obligarunt.
1938 2380 2015 2410 Cor-

84 2432 124 2460 rei
145 2430 236 2460 debiti
259 2431 478 2461 Iurisconsultis
501 2433 581 2462 dicti.
607 2433 691 2463 Dac.
725 2434 827 2463 Cicero
843 2434 906 2462 XII.
930 2434 966 2462 ad
991 2433 1078 2462 Attic.
1102 2431 1192 2473 (17.).
1220 2433 1292 2462 Vide
1314 2433 1393 2462 infra
1414 2429 1571 2471 Spondere.
1619 2427 1723 2457 Goth.

131 2482 298 2511 GRAMMAT.
318 2493 384 2511 mr.
404 2483 441 2512 11.
1519 2482 1547 2515 C
1562 2493 1581 2514 c
1596 2492 1614 2514 c
