<?xml version="1.0" encoding="UTF-8"?>
<!DOCTYPE html PUBLIC "-//W3C//DTD XHTML 1.0 Transitional//EN"
    "http://www.w3.org/TR/xhtml1/DTD/xhtml1-transitional.dtd">
<html xmlns="http://www.w3.org/1999/xhtml" xml:lang="en" lang="en">
 <head>
  <title>
</title>
<meta http-equiv="Content-Type" content="text/html;charset=utf-8" />
  <meta name='ocr-system' content='tesseract 3.04.00' />
  <meta name='ocr-capabilities' content='ocr_page ocr_carea ocr_par ocr_line ocrx_word'/>
</head>
<body>
  <div class='ocr_page' id='page_1' title='image "./corpusgrammatico01linduoft_0194.png"; bbox 0 0 2263 2668; ppageno 0'>
   <div class='ocr_carea' id='block_1_1' title="bbox 243 124 1502 165">
    <p class='ocr_par' dir='ltr' id='par_1_1' title="bbox 243 124 1502 165">
     <span class='ocr_line' id='line_1_1' title="bbox 243 124 1502 165; baseline -0.003 -1"><span class='ocrx_word' id='word_1_1' title='bbox 243 128 318 165; x_wconf 72' lang='lat'><strong><em>178</em></strong></span> <span class='ocrx_word' id='word_1_2' title='bbox 916 124 1148 159; x_wconf 85' lang='lat' dir='ltr'>EUTYCHII</span> <span class='ocrx_word' id='word_1_3' title='bbox 1189 124 1502 160; x_wconf 81' lang='lat' dir='ltr'><strong>GRAMMATICI</strong></span> 
     </span>
    </p>
   </div>
   <div class='ocr_carea' id='block_1_2' title="bbox 239 217 2181 869">
    <p class='ocr_par' dir='ltr' id='par_1_2' title="bbox 239 217 2181 869">
     <span class='ocr_line' id='line_1_2' title="bbox 242 217 2179 267; baseline -0.001 -10"><span class='ocrx_word' id='word_1_4' title='bbox 242 235 328 267; x_wconf 80' lang='lat' dir='ltr'><strong><em>quae</em></strong></span> <span class='ocrx_word' id='word_1_5' title='bbox 354 233 419 255; x_wconf 85' lang='lat' dir='ltr'><strong><em>non</em></strong></span> <span class='ocrx_word' id='word_1_6' title='bbox 446 220 552 253; x_wconf 79' lang='lat' dir='ltr'><strong><em>solum</em></strong></span> <span class='ocrx_word' id='word_1_7' title='bbox 580 231 599 251; x_wconf 83' lang='lat' dir='ltr'>a</span> <span class='ocrx_word' id='word_1_8' title='bbox 625 218 731 251; x_wconf 76' lang='lat' dir='ltr'><strong><em>verbis</em></strong></span> <span class='ocrx_word' id='word_1_9' title='bbox 758 217 924 250; x_wconf 70' lang='lat' dir='ltr'><strong><em>secundae</em></strong></span> <span class='ocrx_word' id='word_1_10' title='bbox 959 217 1217 263; x_wconf 76' lang='lat' dir='ltr'><strong><em>coniugationis‚</em></strong></span> <span class='ocrx_word' id='word_1_11' title='bbox 1256 219 1315 251; x_wconf 83' lang='lat' dir='ltr'><strong><em>sed</em></strong></span> <span class='ocrx_word' id='word_1_12' title='bbox 1350 219 1448 252; x_wconf 87' lang='lat' dir='ltr'><strong><em>etiam</em></strong></span> <span class='ocrx_word' id='word_1_13' title='bbox 1475 231 1495 251; x_wconf 88' lang='lat' dir='ltr'>a</span> <span class='ocrx_word' id='word_1_14' title='bbox 1522 219 1629 253; x_wconf 86' lang='lat' dir='ltr'><strong><em>verbis</em></strong></span> <span class='ocrx_word' id='word_1_15' title='bbox 1663 220 1792 265; x_wconf 84' lang='lat' dir='ltr'>primae</span> <span class='ocrx_word' id='word_1_16' title='bbox 1830 221 2089 266; x_wconf 82' lang='lat' dir='ltr'><strong><em>coniugationis‚</em></strong></span> <span class='ocrx_word' id='word_1_17' title='bbox 2116 228 2152 257; x_wconf 90' lang='lat' dir='ltr'><strong><em>ut</em></strong></span> <span class='ocrx_word' id='word_1_18' title='bbox 2168 221 2179 242; x_wconf 94' lang='lat'>¹</span> 
     </span>
     <span class='ocr_line' id='line_1_3' title="bbox 243 268 2181 318; baseline 0.002 -13"><span class='ocrx_word' id='word_1_19' title='bbox 243 275 340 315; x_wconf 73' lang='lat' dir='ltr'><strong><em>lnbo‚</em></strong></span> <span class='ocrx_word' id='word_1_20' title='bbox 368 273 488 311; x_wconf 69' lang='lat' dir='ltr'><strong><em>lubus,</em></strong></span> <span class='ocrx_word' id='word_1_21' title='bbox 516 270 606 314; x_wconf 86' lang='lat' dir='ltr'><strong><em>qnod</em></strong></span> <span class='ocrx_word' id='word_1_22' title='bbox 635 273 682 301; x_wconf 75' lang='lat' dir='ltr'><strong><em>est</em></strong></span> <span class='ocrx_word' id='word_1_23' title='bbox 709 268 853 311; x_wconf 78' lang='lat' dir='ltr'><strong><em>primae,</em></strong></span> <span class='ocrx_word' id='word_1_24' title='bbox 880 269 1041 311; x_wconf 67' lang='lat' dir='ltr'><strong><em>laba-sco,</em></strong></span> <span class='ocrx_word' id='word_1_25' title='bbox 1078 275 1128 311; x_wconf 75' lang='lat' dir='ltr'><strong><em>et,</em></strong></span> <span class='ocrx_word' id='word_1_26' title='bbox 1161 269 1238 303; x_wconf 86' lang='lat' dir='ltr'><strong><em>licet</em></strong></span> <span class='ocrx_word' id='word_1_27' title='bbox 1264 281 1357 311; x_wconf 81' lang='lat' dir='ltr'><strong><em>raro,</em></strong></span> <span class='ocrx_word' id='word_1_28' title='bbox 1391 283 1410 303; x_wconf 92' lang='lat' dir='ltr'>a</span> <span class='ocrx_word' id='word_1_29' title='bbox 1437 271 1623 304; x_wconf 81' lang='lat' dir='ltr'><strong><em>nominibus</em></strong></span> <span class='ocrx_word' id='word_1_30' title='bbox 1655 273 1753 305; x_wconf 86' lang='lat' dir='ltr'><strong><em>etiam</em></strong></span> <span class='ocrx_word' id='word_1_31' title='bbox 1790 271 1937 305; x_wconf 81' lang='lat' dir='ltr'><strong><em>derivata</em></strong></span> <span class='ocrx_word' id='word_1_32' title='bbox 1962 273 2181 318; x_wconf 88' lang='lat' dir='ltr'><strong><em>inveniuntur,</em></strong></span> 
     </span>
     <span class='ocr_line' id='line_1_4' title="bbox 243 320 2179 369; baseline -0.001 -9"><span class='ocrx_word' id='word_1_33' title='bbox 243 332 279 360; x_wconf 83' lang='lat' dir='ltr'><strong><em>ut</em></strong></span> <span class='ocrx_word' id='word_1_34' title='bbox 305 333 526 369; x_wconf 72' lang='lat' dir='ltr'><em>vesperasco,</em></span> <span class='ocrx_word' id='word_1_35' title='bbox 552 321 742 359; x_wconf 72' lang='lat' dir='ltr'><strong><em>iuvenes-co,</em></strong></span> <span class='ocrx_word' id='word_1_36' title='bbox 768 320 902 364; x_wconf 77' lang='lat' dir='ltr'><strong><em>glisco3</em></strong></span> <span class='ocrx_word' id='word_1_37' title='bbox 929 326 962 354; x_wconf 88' lang='lat' dir='ltr'><strong><em>et</em></strong></span> <span class='ocrx_word' id='word_1_38' title='bbox 987 322 1014 354; x_wconf 84' lang='lat' dir='ltr'><strong><em>si</em></strong></span> <span class='ocrx_word' id='word_1_39' title='bbox 1040 332 1107 353; x_wconf 90' lang='lat' dir='ltr'><strong><em>non</em></strong></span> <span class='ocrx_word' id='word_1_40' title='bbox 1133 321 1194 353; x_wconf 84' lang='lat' dir='ltr'><strong><em>sint</em></strong></span> <span class='ocrx_word' id='word_1_41' title='bbox 1219 333 1239 353; x_wconf 87' lang='lat' dir='ltr'>a</span> <span class='ocrx_word' id='word_1_42' title='bbox 1265 323 1384 362; x_wconf 81' lang='lat' dir='ltr'><strong><em>verbis,</em></strong></span> <span class='ocrx_word' id='word_1_43' title='bbox 1410 328 1520 355; x_wconf 87' lang='lat' dir='ltr'><strong><em>tamen</em></strong></span> <span class='ocrx_word' id='word_1_44' title='bbox 1545 322 1735 356; x_wconf 79' lang='lat' dir='ltr'><strong><em>inchoativa</em></strong></span> <span class='ocrx_word' id='word_1_45' title='bbox 1762 329 1844 356; x_wconf 83' lang='lat' dir='ltr'><strong><em>sunt.</em></strong></span> <span class='ocrx_word' id='word_1_46' title='bbox 1899 323 1930 357; x_wconf 91' lang='lat' dir='ltr'><strong><em>S</em></strong></span> <span class='ocrx_word' id='word_1_47' title='bbox 1949 330 2024 357; x_wconf 84' lang='lat' dir='ltr'><strong><em>ante</em></strong></span> <span class='ocrx_word' id='word_1_48' title='bbox 2051 337 2090 358; x_wconf 89' lang='lat' dir='ltr'><strong><em>co</em></strong></span> <span class='ocrx_word' id='word_1_49' title='bbox 2116 326 2179 359; x_wconf 85' lang='lat' dir='ltr'><strong><em>ha-</em></strong></span> 
     </span>
     <span class='ocr_line' id='line_1_5' title="bbox 244 369 2179 420; baseline 0 -10"><span class='ocrx_word' id='word_1_50' title='bbox 244 377 372 415; x_wconf 83' lang='lat' dir='ltr'><strong><em>bentia,</em></strong></span> <span class='ocrx_word' id='word_1_51' title='bbox 405 375 430 407; x_wconf 75' lang='lat' dir='ltr'><strong><em>si</em></strong></span> <span class='ocrx_word' id='word_1_52' title='bbox 463 383 528 404; x_wconf 87' lang='lat' dir='ltr'><strong><em>non</em></strong></span> <span class='ocrx_word' id='word_1_53' title='bbox 548 369 560 388; x_wconf 81' lang='lat'><strong>²</strong></span> <span class='ocrx_word' id='word_1_54' title='bbox 586 383 606 402; x_wconf 86' lang='lat' dir='ltr'>a</span> <span class='ocrx_word' id='word_1_55' title='bbox 632 370 817 403; x_wconf 80' lang='lat' dir='ltr'><strong><em>nominibus</em></strong></span> <span class='ocrx_word' id='word_1_56' title='bbox 842 372 1052 413; x_wconf 74' lang='lat' dir='ltr'>derivantur,</span> <span class='ocrx_word' id='word_1_57' title='bbox 1086 372 1202 404; x_wconf 83' lang='lat' dir='ltr'><strong>tertiae</strong></span> <span class='ocrx_word' id='word_1_58' title='bbox 1235 378 1307 405; x_wconf 85' lang='lat' dir='ltr'><strong><em>sunt</em></strong></span> <span class='ocrx_word' id='word_1_59' title='bbox 1340 374 1486 406; x_wconf 86' lang='lat' dir='ltr'><strong><em>similiter</em></strong></span> <span class='ocrx_word' id='word_1_60' title='bbox 1507 370 1539 413; x_wconf 76' lang='lat'><strong><em>³,</em></strong></span> <span class='ocrx_word' id='word_1_61' title='bbox 1567 385 1696 418; x_wconf 75' lang='lat' dir='ltr'><strong><em>pasco,</em></strong></span> <span class='ocrx_word' id='word_1_62' title='bbox 1729 375 1867 420; x_wconf 78' lang='lat' dir='ltr'><strong><em>pascis,</em></strong></span> <span class='ocrx_word' id='word_1_63' title='bbox 1902 375 2011 419; x_wconf 53' lang='lat' dir='ltr'><strong><em>puoh</em></strong></span> <span class='ocrx_word' id='word_1_64' title='bbox 2051 387 2179 419; x_wconf 85' lang='lat' dir='ltr'><strong><em>cresco,</em></strong></span> 
     </span>
     <span class='ocr_line' id='line_1_6' title="bbox 244 423 2179 470; baseline -0.001 -9"><span class='ocrx_word' id='word_1_65' title='bbox 244 428 387 466; x_wconf 78' lang='lat' dir='ltr'><strong><em>crescis,</em></strong></span> <span class='ocrx_word' id='word_1_66' title='bbox 422 423 515 456; x_wconf 79' lang='lat' dir='ltr'><strong><em>crevi</em></strong></span> <span class='ocrx_word' id='word_1_67' title='bbox 523 436 536 465; x_wconf 78' lang='lat'><strong><em>‚-</em></strong></span> <span class='ocrx_word' id='word_1_68' title='bbox 571 432 767 466; x_wconf 77' lang='lat' dir='ltr'><strong><em>compesco,</em></strong></span> <span class='ocrx_word' id='word_1_69' title='bbox 801 424 1005 468; x_wconf 75' lang='lat' dir='ltr'><strong><em>compescis,</em></strong></span> <span class='ocrx_word' id='word_1_70' title='bbox 1039 424 1252 467; x_wconf 76' lang='lat' dir='ltr'><strong><em>compescuz&#39;3</em></strong></span> <span class='ocrx_word' id='word_1_71' title='bbox 1284 425 1399 465; x_wconf 81' lang='lat' dir='ltr'><strong><em>disco,</em></strong></span> <span class='ocrx_word' id='word_1_72' title='bbox 1434 424 1555 467; x_wconf 73' lang='lat' dir='ltr'><strong><em>discis,</em></strong></span> <span class='ocrx_word' id='word_1_73' title='bbox 1596 425 1707 459; x_wconf 77' lang='lat' dir='ltr'><strong><em>didici</em></strong></span> <span class='ocrx_word' id='word_1_74' title='bbox 1713 440 1726 470; x_wconf 78' lang='grc'><strong><em>,-</em></strong></span> <span class='ocrx_word' id='word_1_75' title='bbox 1767 426 1954 466; x_wconf 77' lang='lat' dir='ltr'><strong><em>adsuesce,</em></strong></span> <span class='ocrx_word' id='word_1_76' title='bbox 1988 425 2179 465; x_wconf 61' lang='grc' dir='ltr'><strong>(111311ευὶ4,-</strong></span> 
     </span>
     <span class='ocr_line' id='line_1_7' title="bbox 239 470 2176 524; baseline 0 -13"><span class='ocrx_word' id='word_1_77' title='bbox 239 489 365 524; x_wconf 78' lang='lat' dir='ltr'><strong><em>posco,</em></strong></span> <span class='ocrx_word' id='word_1_78' title='bbox 388 473 534 519; x_wconf 77' lang='lat' dir='ltr'><strong><em>poposci</em></strong></span> <span class='ocrx_word' id='word_1_79' title='bbox 542 487 553 517; x_wconf 79' lang='lat'><strong><em>‚-</em></strong></span> <span class='ocrx_word' id='word_1_80' title='bbox 580 473 715 517; x_wconf 80' lang='lat' dir='ltr'><strong><em>quiesco</em></strong></span> <span class='ocrx_word' id='word_1_81' title='bbox 731 470 754 515; x_wconf 76' lang='lat'><strong><em>⁵,</em></strong></span> <span class='ocrx_word' id='word_1_82' title='bbox 781 474 893 518; x_wconf 77' lang='lat' dir='ltr'><strong><em>quievi</em></strong></span> <span class='ocrx_word' id='word_1_83' title='bbox 901 489 914 519; x_wconf 74' lang='lat'><strong><em>,-</em></strong></span> <span class='ocrx_word' id='word_1_84' title='bbox 940 475 1028 508; x_wconf 85' lang='lat' dir='ltr'><strong><em>unde</em></strong></span> <span class='ocrx_word' id='word_1_85' title='bbox 1045 486 1166 507; x_wconf 87' lang='lat' dir='ltr'><strong><em>nomen</em></strong></span> <span class='ocrx_word' id='word_1_86' title='bbox 1181 474 1364 508; x_wconf 85' lang='lat' dir='ltr'><strong><em>derivatum</em></strong></span> <span class='ocrx_word' id='word_1_87' title='bbox 1380 473 1402 516; x_wconf 61' lang='grc' dir='ltr'><strong><em>ὓ,</em></strong></span> <span class='ocrx_word' id='word_1_88' title='bbox 1429 476 1541 520; x_wconf 80' lang='lat' dir='ltr'><strong><em>quies,</em></strong></span> <span class='ocrx_word' id='word_1_89' title='bbox 1569 477 1700 521; x_wconf 79' lang='lat' dir='ltr'><strong><em>quietis,</em></strong></span> <span class='ocrx_word' id='word_1_90' title='bbox 1728 477 1821 519; x_wconf 87' lang='lat' dir='ltr'><strong><em>quod</em></strong></span> <span class='ocrx_word' id='word_1_91' title='bbox 1848 477 2015 521; x_wconf 78' lang='lat' dir='ltr'><strong><em>inquieto,</em></strong></span> <span class='ocrx_word' id='word_1_92' title='bbox 2042 479 2176 522; x_wconf 81' lang='lat' dir='ltr'><strong><em>inquie-</em></strong></span> 
     </span>
     <span class='ocr_line' id='line_1_8' title="bbox 243 522 2180 572; baseline 0 -10"><span class='ocrx_word' id='word_1_93' title='bbox 243 533 308 569; x_wconf 80' lang='lat' dir='ltr'><strong><em>tus,</em></strong></span> <span class='ocrx_word' id='word_1_94' title='bbox 335 527 473 560; x_wconf 81' lang='lat' dir='ltr'><strong><em>verbum</em></strong></span> <span class='ocrx_word' id='word_1_95' title='bbox 499 525 627 568; x_wconf 82' lang='lat' dir='ltr'>primae</span> <span class='ocrx_word' id='word_1_96' title='bbox 654 525 894 569; x_wconf 78' lang='lat' dir='ltr'><strong><em>coniugationis</em></strong></span> <span class='ocrx_word' id='word_1_97' title='bbox 920 526 1000 560; x_wconf 85' lang='lat' dir='ltr'><strong><em>facit</em></strong></span> <span class='ocrx_word' id='word_1_98' title='bbox 1015 522 1036 569; x_wconf 80' lang='lat'><strong><em>⁷,</em></strong></span> <span class='ocrx_word' id='word_1_99' title='bbox 1063 526 1299 559; x_wconf 76' lang='lat' dir='ltr'><strong><em>rationabiliter</em></strong></span> <span class='ocrx_word' id='word_1_100' title='bbox 1325 527 1459 571; x_wconf 77' lang='lat' dir='ltr'><strong><em>syllabis</em></strong></span> <span class='ocrx_word' id='word_1_101' title='bbox 1486 528 1621 571; x_wconf 77' lang='lat' dir='ltr'><strong><em>genitivi</em></strong></span> <span class='ocrx_word' id='word_1_102' title='bbox 1647 529 1786 561; x_wconf 84' lang='lat' dir='ltr'><strong><em>nominis</em></strong></span> <span class='ocrx_word' id='word_1_103' title='bbox 1811 528 2024 572; x_wconf 79' lang='lat' dir='ltr'><strong><em>respondens.</em></strong></span> <span class='ocrx_word' id='word_1_104' title='bbox 2075 530 2180 563; x_wconf 82' lang='lat' dir='ltr'><strong><em>Prae-</em></strong></span> 
     </span>
     <span class='ocr_line' id='line_1_9' title="bbox 243 576 2179 623; baseline 0.001 -11"><span class='ocrx_word' id='word_1_105' title='bbox 243 580 332 613; x_wconf 81' lang='lat' dir='ltr'>dicta</span> <span class='ocrx_word' id='word_1_106' title='bbox 374 582 484 610; x_wconf 84' lang='lat' dir='ltr'><strong><em>autem</em></strong></span> <span class='ocrx_word' id='word_1_107' title='bbox 520 576 621 608; x_wconf 80' lang='lat' dir='ltr'><strong><em>verba</em></strong></span> <span class='ocrx_word' id='word_1_108' title='bbox 652 586 719 607; x_wconf 91' lang='lat' dir='ltr'><strong><em>non</em></strong></span> <span class='ocrx_word' id='word_1_109' title='bbox 760 587 832 610; x_wconf 80' lang='lat' dir='ltr'><strong><em>esse</em></strong></span> <span class='ocrx_word' id='word_1_110' title='bbox 865 577 1053 610; x_wconf 84' lang='lat' dir='ltr'><strong><em>inchoativa</em></strong></span> <span class='ocrx_word' id='word_1_111' title='bbox 1102 578 1315 621; x_wconf 83' lang='lat' dir='ltr'><strong><em>praeteritum</em></strong></span> <span class='ocrx_word' id='word_1_112' title='bbox 1354 579 1541 622; x_wconf 84' lang='lat' dir='ltr'><strong><em>perfectum</em></strong></span> <span class='ocrx_word' id='word_1_113' title='bbox 1575 584 1707 623; x_wconf 83' lang='lat' dir='ltr'><strong><em>tempus</em></strong></span> <span class='ocrx_word' id='word_1_114' title='bbox 1741 580 1900 618; x_wconf 75' lang='lat' dir='ltr'><strong><em>osten&lt;lit3</em></strong></span> <span class='ocrx_word' id='word_1_115' title='bbox 1933 580 2047 613; x_wconf 82' lang='lat' dir='ltr'><strong><em>inesco</em></strong></span> <span class='ocrx_word' id='word_1_116' title='bbox 2079 591 2179 622; x_wconf 89' lang='lat' dir='ltr'><strong><em>vero,</em></strong></span> 
     </span>
     <span class='ocr_line' id='line_1_10' title="bbox 242 625 2179 675; baseline 0.001 -11"><span class='ocrx_word' id='word_1_117' title='bbox 242 632 394 671; x_wconf 78' lang='lat' dir='ltr'><strong><em>inescas,</em></strong></span> <span class='ocrx_word' id='word_1_118' title='bbox 422 625 484 660; x_wconf 76' lang='lat' dir='ltr'><strong><em>ut⁸</em></strong></span> <span class='ocrx_word' id='word_1_119' title='bbox 510 638 570 660; x_wconf 90' lang='lat' dir='ltr'><strong><em>nec</em></strong></span> <span class='ocrx_word' id='word_1_120' title='bbox 596 626 838 669; x_wconf 81' lang='lat' dir='ltr'><strong><em>inchoativum,</em></strong></span> <span class='ocrx_word' id='word_1_121' title='bbox 873 640 935 662; x_wconf 93' lang='lat' dir='ltr'><strong><em>nec</em></strong></span> <span class='ocrx_word' id='word_1_122' title='bbox 960 627 1179 673; x_wconf 83' lang='lat' dir='ltr'><strong><em>primitivum,</em></strong></span> <span class='ocrx_word' id='word_1_123' title='bbox 1213 629 1272 661; x_wconf 76' lang='lat' dir='ltr'><strong><em>sed</em></strong></span> <span class='ocrx_word' id='word_1_124' title='bbox 1299 642 1318 662; x_wconf 84' lang='lat' dir='ltr'>a</span> <span class='ocrx_word' id='word_1_125' title='bbox 1344 630 1475 662; x_wconf 90' lang='lat' dir='ltr'><strong><em>nomine</em></strong></span> <span class='ocrx_word' id='word_1_126' title='bbox 1503 641 1583 663; x_wconf 82' lang='lat' dir='ltr'><strong><em>esca</em></strong></span> <span class='ocrx_word' id='word_1_127' title='bbox 1611 630 1811 671; x_wconf 82' lang='lat' dir='ltr'><strong><em>deductum,</em></strong></span> <span class='ocrx_word' id='word_1_128' title='bbox 1843 631 1914 664; x_wconf 87' lang='lat' dir='ltr'><strong><em>iure</em></strong></span> <span class='ocrx_word' id='word_1_129' title='bbox 1940 631 2069 675; x_wconf 86' lang='lat' dir='ltr'><strong><em>primae</em></strong></span> <span class='ocrx_word' id='word_1_130' title='bbox 2095 642 2179 666; x_wconf 88' lang='lat' dir='ltr'><strong><em>con-</em></strong></span> 
     </span>
     <span class='ocr_line' id='line_1_11' title="bbox 241 674 2178 726; baseline 0.001 -12"><span class='ocrx_word' id='word_1_131' title='bbox 241 680 416 726; x_wconf 84' lang='lat' dir='ltr'><strong><em>iugationis</em></strong></span> <span class='ocrx_word' id='word_1_132' title='bbox 443 684 489 712; x_wconf 83' lang='lat' dir='ltr'><strong><em>est</em></strong></span> <span class='ocrx_word' id='word_1_133' title='bbox 505 674 526 709; x_wconf 73' lang='grc'><strong><em>9.</em></strong></span> <span class='ocrx_word' id='word_1_134' title='bbox 578 678 615 709; x_wconf 91' lang='lat' dir='ltr'><strong><em>ln</em></strong></span> <span class='ocrx_word' id='word_1_135' title='bbox 642 688 702 711; x_wconf 90' lang='lat' dir='ltr'><strong><em>cor</em></strong></span> <span class='ocrx_word' id='word_1_136' title='bbox 728 678 926 722; x_wconf 78' lang='lat' dir='ltr'><strong><em>desinentia,</em></strong></span> <span class='ocrx_word' id='word_1_137' title='bbox 959 680 1182 722; x_wconf 81' lang='lat' dir='ltr'><strong><em>cuiuscunque</em></strong></span> <span class='ocrx_word' id='word_1_138' title='bbox 1215 680 1276 712; x_wconf 85' lang='lat' dir='ltr'><strong><em>sint</em></strong></span> <span class='ocrx_word' id='word_1_139' title='bbox 1310 681 1440 725; x_wconf 74' lang='lat' dir='ltr'><strong><em>generis</em></strong></span> <span class='ocrx_word' id='word_1_140' title='bbox 1475 682 1527 713; x_wconf 91' lang='lat' dir='ltr'><strong><em>vel</em></strong></span> <span class='ocrx_word' id='word_1_141' title='bbox 1559 681 1823 726; x_wconf 83' lang='lat' dir='ltr'><strong><em>significationis,</em></strong></span> <span class='ocrx_word' id='word_1_142' title='bbox 1856 683 1916 715; x_wconf 84' lang='lat' dir='ltr'><strong><em>nisi</em></strong></span> <span class='ocrx_word' id='word_1_143' title='bbox 1953 694 2013 722; x_wconf 78' lang='lat' dir='ltr'><strong><em>as,</em></strong></span> <span class='ocrx_word' id='word_1_144' title='bbox 2049 683 2102 716; x_wconf 87' lang='lat' dir='ltr'><strong><em>vel</em></strong></span> <span class='ocrx_word' id='word_1_145' title='bbox 2130 694 2178 723; x_wconf 84' lang='lat' dir='ltr'><strong><em>es,</em></strong></span> 
     </span>
     <span class='ocr_line' id='line_1_12' title="bbox 241 729 2179 776; baseline 0.001 -10"><span class='ocrx_word' id='word_1_146' title='bbox 241 734 295 766; x_wconf 90' lang='lat' dir='ltr'><strong><em>vel</em></strong></span> <span class='ocrx_word' id='word_1_147' title='bbox 321 733 368 773; x_wconf 80' lang='lat' dir='ltr'><strong><em>is,</em></strong></span> <span class='ocrx_word' id='word_1_148' title='bbox 396 735 469 763; x_wconf 86' lang='lat' dir='ltr'><strong><em>ante</em></strong></span> <span class='ocrx_word' id='word_1_149' title='bbox 495 739 555 762; x_wconf 86' lang='lat' dir='ltr'><strong><em>cor</em></strong></span> <span class='ocrx_word' id='word_1_150' title='bbox 580 729 778 772; x_wconf 83' lang='lat' dir='ltr'><strong><em>inveniatur,</em></strong></span> <span class='ocrx_word' id='word_1_151' title='bbox 805 731 933 774; x_wconf 82' lang='lat' dir='ltr'>primae</span> <span class='ocrx_word' id='word_1_152' title='bbox 959 737 1031 764; x_wconf 88' lang='lat' dir='ltr'><strong><em>sunt</em></strong></span> <span class='ocrx_word' id='word_1_153' title='bbox 1058 732 1318 775; x_wconf 76' lang='lat' dir='ltr'><strong><em>coniugationis,</em></strong></span> <span class='ocrx_word' id='word_1_154' title='bbox 1349 744 1547 776; x_wconf 85' lang='lat' dir='ltr'><strong><em>quacunque</em></strong></span> <span class='ocrx_word' id='word_1_155' title='bbox 1581 733 1689 766; x_wconf 86' lang='lat' dir='ltr'><strong><em>vocali</em></strong></span> <span class='ocrx_word' id='word_1_156' title='bbox 1723 744 1781 766; x_wconf 79' lang='lat' dir='ltr'><strong><em>seu</em></strong></span> <span class='ocrx_word' id='word_1_157' title='bbox 1816 738 2016 767; x_wconf 81' lang='lat' dir='ltr'><strong><em>consonante</em></strong></span> <span class='ocrx_word' id='word_1_158' title='bbox 2043 739 2179 768; x_wconf 82' lang='lat' dir='ltr'><strong><em>antece-</em></strong></span> 
     </span>
     <span class='ocr_line' id='line_1_13' title="bbox 243 781 2178 831; baseline 0.001 -14"><span class='ocrx_word' id='word_1_159' title='bbox 243 784 358 824; x_wconf 85' lang='lat' dir='ltr'><strong><em>dente,</em></strong></span> <span class='ocrx_word' id='word_1_160' title='bbox 385 787 422 815; x_wconf 89' lang='lat' dir='ltr'><strong><em>ut</em></strong></span> <span class='ocrx_word' id='word_1_161' title='bbox 442 791 589 826; x_wconf 81' lang='lat' dir='ltr'><strong><em>precor,</em></strong></span> <span class='ocrx_word' id='word_1_162' title='bbox 617 781 732 825; x_wconf 64' lang='lat' dir='ltr'><strong><em>cat-123,-</em></strong></span> <span class='ocrx_word' id='word_1_163' title='bbox 756 783 931 827; x_wconf 76' lang='lat' dir='ltr'><strong><em>suspicor,</em></strong></span> <span class='ocrx_word' id='word_1_164' title='bbox 958 783 1027 828; x_wconf 74' lang='lat' dir='ltr'><strong><em>ri85</em></strong></span> <span class='ocrx_word' id='word_1_165' title='bbox 1054 782 1233 828; x_wconf 56' lang='lat' dir='ltr'><strong><em>ludificor,</em></strong></span> <span class='ocrx_word' id='word_1_166' title='bbox 1266 784 1334 821; x_wconf 81' lang='lat' dir='ltr'><strong><em>ris3</em></strong></span> <span class='ocrx_word' id='word_1_167' title='bbox 1367 785 1479 826; x_wconf 80' lang='lat' dir='ltr'><strong><em>iocor,</em></strong></span> <span class='ocrx_word' id='word_1_168' title='bbox 1514 795 1666 826; x_wconf 86' lang='lat' dir='ltr'><strong><em>mercor,</em></strong></span> <span class='ocrx_word' id='word_1_169' title='bbox 1700 795 1856 830; x_wconf 83' lang='lat' dir='ltr'><strong><em>graecor</em></strong></span> <span class='ocrx_word' id='word_1_170' title='bbox 1871 781 1895 802; x_wconf 85' lang='lat'><strong><em>¹⁰</em></strong></span> <span class='ocrx_word' id='word_1_171' title='bbox 1905 799 1919 831; x_wconf 78' lang='lat'><strong><em>,-</em></strong></span> <span class='ocrx_word' id='word_1_172' title='bbox 1952 785 2111 819; x_wconf 76' lang='lat' dir='ltr'><strong><em>Horatius</em></strong></span> <span class='ocrx_word' id='word_1_173' title='bbox 2145 786 2178 819; x_wconf 87' lang='lat' dir='ltr'><strong><em>in</em></strong></span> 
     </span>
     <span class='ocr_line' id='line_1_14' title="bbox 242 832 748 869; baseline -0.008 0"><span class='ocrx_word' id='word_1_174' title='bbox 242 835 440 869; x_wconf 82' lang='lat' dir='ltr'><strong><em>Sermonum</em></strong></span> <span class='ocrx_word' id='word_1_175' title='bbox 470 832 558 865; x_wconf 90' lang='lat' dir='ltr'><strong><em>libro</em></strong></span> <span class='ocrx_word' id='word_1_176' title='bbox 585 832 748 866; x_wconf 82' lang='lat' dir='ltr'><strong><em>secundo:</em></strong></span> 
     </span>
    </p>
   </div>
   <div class='ocr_carea' id='block_1_3' title="bbox 464 900 1314 998">
    <p class='ocr_par' dir='ltr' id='par_1_3' title="bbox 464 900 1314 998">
     <span class='ocr_line' id='line_1_15' title="bbox 726 900 1314 947; baseline 0.003 -14"><span class='ocrx_word' id='word_1_177' title='bbox 726 921 777 926; x_wconf 97' lang='lat'><strong>—</strong></span> <span class='ocrx_word' id='word_1_178' title='bbox 834 900 896 934; x_wconf 72' lang='lat' dir='ltr'><strong><em>rel</em></strong></span> <span class='ocrx_word' id='word_1_179' title='bbox 929 901 959 934; x_wconf 82' lang='lat' dir='ltr'><strong><em>si</em></strong></span> <span class='ocrx_word' id='word_1_180' title='bbox 984 901 1151 935; x_wconf 82' lang='lat' dir='ltr'><strong><em>Romana</em></strong></span> <span class='ocrx_word' id='word_1_181' title='bbox 1172 901 1314 947; x_wconf 74' lang='lat' dir='ltr'><strong><em>fatiget</em></strong></span> 
     </span>
     <span class='ocr_line' id='line_1_16' title="bbox 464 949 1061 998; baseline 0.002 -13"><span class='ocrx_word' id='word_1_182' title='bbox 464 951 597 985; x_wconf 81' lang='lat' dir='ltr'>Militia</span> <span class='ocrx_word' id='word_1_183' title='bbox 623 952 808 985; x_wconf 77' lang='lat' dir='ltr'><strong><em>adsuetum</em></strong></span> <span class='ocrx_word' id='word_1_184' title='bbox 832 953 1006 998; x_wconf 75' lang='lat' dir='ltr'><strong><em>graecari</em></strong></span> <span class='ocrx_word' id='word_1_185' title='bbox 1026 949 1061 988; x_wconf 85' lang='lat'><strong><em>¹¹.</em></strong></span> 
     </span>
    </p>
   </div>
   <div class='ocr_carea' id='block_1_4' title="bbox 239 1020 1446 1065">
    <p class='ocr_par' dir='ltr' id='par_1_4' title="bbox 239 1020 1446 1065">
     <span class='ocr_line' id='line_1_17' title="bbox 239 1020 1446 1065; baseline 0 -10"><span class='ocrx_word' id='word_1_186' title='bbox 239 1020 403 1055; x_wconf 81' lang='lat' dir='ltr'><strong><em>Bacchor</em></strong></span> <span class='ocrx_word' id='word_1_187' title='bbox 428 1031 561 1064; x_wconf 90' lang='lat' dir='ltr'><strong><em>quoque</em></strong></span> <span class='ocrx_word' id='word_1_188' title='bbox 588 1020 792 1062; x_wconf 74' lang='lat' dir='ltr'><strong><em>baccharis,</em></strong></span> <span class='ocrx_word' id='word_1_189' title='bbox 819 1025 855 1053; x_wconf 89' lang='lat' dir='ltr'><strong><em>ut</em></strong></span> <span class='ocrx_word' id='word_1_190' title='bbox 882 1021 1039 1065; x_wconf 82' lang='lat' dir='ltr'>Virgilius</span> <span class='ocrx_word' id='word_1_191' title='bbox 1064 1021 1233 1054; x_wconf 77' lang='lat' dir='ltr'><strong><em>Aeneidos</em></strong></span> <span class='ocrx_word' id='word_1_192' title='bbox 1258 1021 1344 1054; x_wconf 88' lang='lat' dir='ltr'><strong><em>libro</em></strong></span> <span class='ocrx_word' id='word_1_193' title='bbox 1371 1021 1446 1055; x_wconf 86' lang='lat' dir='ltr'>1V.:</span> 
     </span>
    </p>
   </div>
   <div class='ocr_carea' id='block_1_5' title="bbox 234 1079 2176 1536">
    <p class='ocr_par' dir='ltr' id='par_1_5' title="bbox 462 1079 1294 1125">
     <span class='ocr_line' id='line_1_18' title="bbox 462 1079 1294 1125; baseline 0.002 -13"><span class='ocrx_word' id='word_1_194' title='bbox 462 1079 671 1113; x_wconf 78' lang='lat' dir='ltr'><strong><em>Bacchatur</em></strong></span> <span class='ocrx_word' id='word_1_195' title='bbox 696 1081 812 1125; x_wconf 75' lang='lat' dir='ltr'><strong><em>qualis</em></strong></span> <span class='ocrx_word' id='word_1_196' title='bbox 838 1081 1014 1114; x_wconf 82' lang='lat' dir='ltr'><strong><em>commotis</em></strong></span> <span class='ocrx_word' id='word_1_197' title='bbox 1041 1081 1156 1114; x_wconf 73' lang='lat' dir='ltr'><strong><em>excita</em></strong></span> <span class='ocrx_word' id='word_1_198' title='bbox 1182 1081 1294 1114; x_wconf 83' lang='lat' dir='ltr'><strong><em>sacris</em></strong></span> 
     </span>
    </p>

    <p class='ocr_par' dir='ltr' id='par_1_6' title="bbox 238 1127 1445 1223">
     <span class='ocr_line' id='line_1_19' title="bbox 471 1127 638 1175; baseline 0.012 -12"><span class='ocrx_word' id='word_1_199' title='bbox 471 1130 590 1175; x_wconf 73' lang='lat' dir='ltr'><strong><em>Tlaeyas</em></strong></span> <span class='ocrx_word' id='word_1_200' title='bbox 605 1127 638 1165; x_wconf 69' lang='lat'><strong><em>¹².</em></strong></span> 
     </span>
     <span class='ocr_line' id='line_1_20' title="bbox 238 1177 1445 1223; baseline 0.001 -9"><span class='ocrx_word' id='word_1_201' title='bbox 238 1181 298 1215; x_wconf 85' lang='lat' dir='ltr'><strong><em>Est</em></strong></span> <span class='ocrx_word' id='word_1_202' title='bbox 324 1185 357 1215; x_wconf 88' lang='lat' dir='ltr'><strong><em>et</em></strong></span> <span class='ocrx_word' id='word_1_203' title='bbox 370 1177 395 1198; x_wconf 83' lang='lat'><strong><em>¹³</em></strong></span> <span class='ocrx_word' id='word_1_204' title='bbox 419 1183 635 1223; x_wconf 78' lang='lat' dir='ltr'><strong><em>stomachor,</em></strong></span> <span class='ocrx_word' id='word_1_205' title='bbox 662 1182 914 1223; x_wconf 79' lang='lat' dir='ltr'><strong><em>stomacharis,</em></strong></span> <span class='ocrx_word' id='word_1_206' title='bbox 940 1187 976 1215; x_wconf 85' lang='lat' dir='ltr'><strong><em>ut</em></strong></span> <span class='ocrx_word' id='word_1_207' title='bbox 1001 1183 1175 1216; x_wconf 79' lang='lat' dir='ltr'><strong><em>Terentius</em></strong></span> <span class='ocrx_word' id='word_1_208' title='bbox 1201 1183 1234 1215; x_wconf 86' lang='lat' dir='ltr'><strong><em>in</em></strong></span> <span class='ocrx_word' id='word_1_209' title='bbox 1260 1182 1445 1216; x_wconf 84' lang='lat' dir='ltr'><strong><em>Eunucho:</em></strong></span> 
     </span>
    </p>

    <p class='ocr_par' dir='ltr' id='par_1_7' title="bbox 234 1230 2176 1536">
     <span class='ocr_line' id='line_1_21' title="bbox 463 1230 1527 1278; baseline 0 -11"><span class='ocrx_word' id='word_1_210' title='bbox 463 1233 512 1267; x_wconf 82' lang='lat' dir='ltr'><strong><em>Id</em></strong></span> <span class='ocrx_word' id='word_1_211' title='bbox 539 1234 698 1278; x_wconf 83' lang='lat' dir='ltr'><strong><em>equidem</em></strong></span> <span class='ocrx_word' id='word_1_212' title='bbox 725 1235 913 1267; x_wconf 77' lang='lat' dir='ltr'><strong><em>adveniens</em></strong></span> <span class='ocrx_word' id='word_1_213' title='bbox 938 1245 1072 1267; x_wconf 87' lang='lat' dir='ltr'><strong><em>mecum</em></strong></span> <span class='ocrx_word' id='word_1_214' title='bbox 1098 1234 1349 1267; x_wconf 73' lang='lat' dir='ltr'><strong><em>stomachabar</em></strong></span> <span class='ocrx_word' id='word_1_215' title='bbox 1375 1234 1478 1267; x_wconf 85' lang='lat' dir='ltr'><strong><em>modo</em></strong></span> <span class='ocrx_word' id='word_1_216' title='bbox 1494 1230 1527 1266; x_wconf 73' lang='lat'><strong><em>¹⁴.</em></strong></span> 
     </span>
     <span class='ocr_line' id='line_1_22' title="bbox 236 1282 2175 1330; baseline 0.002 -15"><span class='ocrx_word' id='word_1_217' title='bbox 236 1282 332 1316; x_wconf 87' lang='lat' dir='ltr'><strong><em>Licet</em></strong></span> <span class='ocrx_word' id='word_1_218' title='bbox 357 1284 390 1316; x_wconf 90' lang='lat' dir='ltr'><strong><em>in</em></strong></span> <span class='ocrx_word' id='word_1_219' title='bbox 416 1284 502 1318; x_wconf 84' lang='lat' dir='ltr'><strong><em>chor</em></strong></span> <span class='ocrx_word' id='word_1_220' title='bbox 528 1286 707 1330; x_wconf 78' lang='lat' dir='ltr'><strong><em>aspiratum</em></strong></span> <span class='ocrx_word' id='word_1_221' title='bbox 733 1286 902 1327; x_wconf 76' lang='lat' dir='ltr'><strong><em>desinunt,</em></strong></span> <span class='ocrx_word' id='word_1_222' title='bbox 929 1291 964 1318; x_wconf 87' lang='lat' dir='ltr'><strong><em>ut</em></strong></span> <span class='ocrx_word' id='word_1_223' title='bbox 990 1298 1009 1318; x_wconf 83' lang='lat' dir='ltr'>a</span> <span class='ocrx_word' id='word_1_224' title='bbox 1036 1286 1219 1318; x_wconf 81' lang='lat' dir='ltr'><strong><em>nominibus</em></strong></span> <span class='ocrx_word' id='word_1_225' title='bbox 1247 1286 1414 1325; x_wconf 80' lang='lat' dir='ltr'><strong><em>Baccha,</em></strong></span> <span class='ocrx_word' id='word_1_226' title='bbox 1440 1285 1656 1326; x_wconf 84' lang='lat' dir='ltr'><strong><em>stomachus‚</em></strong></span> <span class='ocrx_word' id='word_1_227' title='bbox 1683 1285 1847 1324; x_wconf 79' lang='lat' dir='ltr'><strong><em>derivata3</em></strong></span> <span class='ocrx_word' id='word_1_228' title='bbox 1873 1288 1984 1317; x_wconf 87' lang='lat' dir='ltr'><strong><em>tamen</em></strong></span> <span class='ocrx_word' id='word_1_229' title='bbox 2009 1283 2089 1319; x_wconf 89' lang='lat' dir='ltr'><strong><em>huic</em></strong></span> <span class='ocrx_word' id='word_1_230' title='bbox 2119 1296 2175 1318; x_wconf 83' lang='lat' dir='ltr'><strong><em>re-</em></strong></span> 
     </span>
     <span class='ocr_line' id='line_1_23' title="bbox 235 1334 2176 1381; baseline 0.001 -14"><span class='ocrx_word' id='word_1_231' title='bbox 235 1335 337 1379; x_wconf 85' lang='lat' dir='ltr'><strong><em>gulae</em></strong></span> <span class='ocrx_word' id='word_1_232' title='bbox 361 1340 434 1368; x_wconf 78' lang='lat' dir='ltr'><strong><em>sunt</em></strong></span> <span class='ocrx_word' id='word_1_233' title='bbox 459 1337 620 1380; x_wconf 83' lang='lat' dir='ltr'><strong><em>imputata</em></strong></span> <span class='ocrx_word' id='word_1_234' title='bbox 640 1334 674 1378; x_wconf 82' lang='lat'><strong><em>¹⁵,</em></strong></span> <span class='ocrx_word' id='word_1_235' title='bbox 710 1342 742 1370; x_wconf 91' lang='lat' dir='ltr'><strong><em>et</em></strong></span> <span class='ocrx_word' id='word_1_236' title='bbox 768 1337 811 1369; x_wconf 91' lang='lat' dir='ltr'><strong><em>ad</em></strong></span> <span class='ocrx_word' id='word_1_237' title='bbox 844 1337 986 1381; x_wconf 85' lang='lat' dir='ltr'>primam</span> <span class='ocrx_word' id='word_1_238' title='bbox 1019 1337 1090 1370; x_wconf 85' lang='lat' dir='ltr'><strong><em>iure</em></strong></span> <span class='ocrx_word' id='word_1_239' title='bbox 1122 1338 1287 1381; x_wconf 84' lang='lat' dir='ltr'><strong><em>pertinent</em></strong></span> <span class='ocrx_word' id='word_1_240' title='bbox 1321 1337 1599 1381; x_wconf 83' lang='lat' dir='ltr'><strong><em>coniugationem.</em></strong></span> <span class='ocrx_word' id='word_1_241' title='bbox 1653 1337 1703 1370; x_wconf 84' lang='lat' dir='ltr'><strong><em>As</em></strong></span> <span class='ocrx_word' id='word_1_242' title='bbox 1739 1342 1846 1370; x_wconf 87' lang='lat' dir='ltr'><strong><em>autem</em></strong></span> <span class='ocrx_word' id='word_1_243' title='bbox 1880 1336 1935 1368; x_wconf 80' lang='lat' dir='ltr'><strong><em>vel</em></strong></span> <span class='ocrx_word' id='word_1_244' title='bbox 1962 1347 2015 1378; x_wconf 87' lang='lat' dir='ltr'><strong><em>es,</em></strong></span> <span class='ocrx_word' id='word_1_245' title='bbox 2048 1335 2102 1369; x_wconf 89' lang='lat' dir='ltr'><strong><em>vel</em></strong></span> <span class='ocrx_word' id='word_1_246' title='bbox 2135 1336 2176 1378; x_wconf 72' lang='lat' dir='ltr'>is,</span> 
     </span>
     <span class='ocr_line' id='line_1_24' title="bbox 235 1387 2175 1430; baseline 0.001 -12"><span class='ocrx_word' id='word_1_247' title='bbox 235 1391 311 1419; x_wconf 87' lang='lat' dir='ltr'><strong><em>ante</em></strong></span> <span class='ocrx_word' id='word_1_248' title='bbox 337 1397 397 1419; x_wconf 86' lang='lat' dir='ltr'><strong><em>cor</em></strong></span> <span class='ocrx_word' id='word_1_249' title='bbox 422 1388 570 1429; x_wconf 80' lang='lat' dir='ltr'><strong><em>inventa,</em></strong></span> <span class='ocrx_word' id='word_1_250' title='bbox 599 1388 723 1421; x_wconf 82' lang='lat' dir='ltr'><strong><em>etiamsi</em></strong></span> <span class='ocrx_word' id='word_1_251' title='bbox 747 1400 767 1420; x_wconf 88' lang='lat' dir='ltr'>a</span> <span class='ocrx_word' id='word_1_252' title='bbox 792 1388 977 1421; x_wconf 75' lang='lat' dir='ltr'><strong><em>nominibus</em></strong></span> <span class='ocrx_word' id='word_1_253' title='bbox 1004 1388 1226 1430; x_wconf 80' lang='lat' dir='ltr'><strong><em>deducantur,</em></strong></span> <span class='ocrx_word' id='word_1_254' title='bbox 1259 1389 1327 1421; x_wconf 86' lang='lat' dir='ltr'><strong><em>sine</em></strong></span> <span class='ocrx_word' id='word_1_255' title='bbox 1360 1389 1462 1421; x_wconf 86' lang='lat' dir='ltr'><strong><em>dubio</em></strong></span> <span class='ocrx_word' id='word_1_256' title='bbox 1495 1389 1610 1421; x_wconf 85' lang='lat' dir='ltr'><strong><em>tertiae</em></strong></span> <span class='ocrx_word' id='word_1_257' title='bbox 1635 1393 1726 1429; x_wconf 83' lang='lat' dir='ltr'><strong><em>sunt,</em></strong></span> <span class='ocrx_word' id='word_1_258' title='bbox 1753 1393 1788 1421; x_wconf 91' lang='lat' dir='ltr'><strong><em>ut</em></strong></span> <span class='ocrx_word' id='word_1_259' title='bbox 1814 1388 1940 1421; x_wconf 87' lang='lat' dir='ltr'><strong><em>dictum</em></strong></span> <span class='ocrx_word' id='word_1_260' title='bbox 1967 1392 2032 1427; x_wconf 82' lang='lat' dir='ltr'><strong><em>est,</em></strong></span> <span class='ocrx_word' id='word_1_261' title='bbox 2057 1387 2175 1421; x_wconf 89' lang='lat' dir='ltr'><strong><em>coniu—</em></strong></span> 
     </span>
     <span class='ocr_line' id='line_1_25' title="bbox 234 1437 2174 1486; baseline 0.001 -17"><span class='ocrx_word' id='word_1_262' title='bbox 234 1438 396 1482; x_wconf 88' lang='lat' dir='ltr'><strong><em>gationis‚</em></strong></span> <span class='ocrx_word' id='word_1_263' title='bbox 422 1443 458 1471; x_wconf 89' lang='lat' dir='ltr'><strong><em>ut</em></strong></span> <span class='ocrx_word' id='word_1_264' title='bbox 482 1450 626 1479; x_wconf 75' lang='lat' dir='ltr'><strong><em>nascor,</em></strong></span> <span class='ocrx_word' id='word_1_265' title='bbox 658 1439 810 1482; x_wconf 80' lang='lat' dir='ltr'><strong><em>irascor,</em></strong></span> <span class='ocrx_word' id='word_1_266' title='bbox 842 1451 963 1473; x_wconf 78' lang='lat' dir='ltr'><strong><em>vescor</em></strong></span> <span class='ocrx_word' id='word_1_267' title='bbox 978 1437 1012 1482; x_wconf 81' lang='lat'><strong><em>¹⁶,</em></strong></span> <span class='ocrx_word' id='word_1_268' title='bbox 1047 1440 1211 1482; x_wconf 83' lang='lat' dir='ltr'><strong><em>ulciscor,</em></strong></span> <span class='ocrx_word' id='word_1_269' title='bbox 1247 1440 1445 1483; x_wconf 80' lang='lat' dir='ltr'><strong><em>nanciscor,</em></strong></span> <span class='ocrx_word' id='word_1_270' title='bbox 1474 1440 1658 1486; x_wconf 82' lang='lat' dir='ltr'><strong><em>paciscor,</em></strong></span> <span class='ocrx_word' id='word_1_271' title='bbox 1692 1440 1950 1480; x_wconf 80' lang='lat' dir='ltr'><strong><em>comminiscor,</em></strong></span> <span class='ocrx_word' id='word_1_272' title='bbox 1984 1439 2174 1484; x_wconf 77' lang='lat' dir='ltr'><strong><em>adipiscor,</em></strong></span> 
     </span>
     <span class='ocr_line' id='line_1_26' title="bbox 236 1487 747 1536; baseline 0.004 -15"><span class='ocrx_word' id='word_1_273' title='bbox 236 1488 437 1532; x_wconf 84' lang='lat' dir='ltr'><strong><em>obliviscor,</em></strong></span> <span class='ocrx_word' id='word_1_274' title='bbox 464 1490 694 1536; x_wconf 72' lang='lat' dir='ltr'><strong><em>expergiscor</em></strong></span> <span class='ocrx_word' id='word_1_275' title='bbox 715 1487 747 1523; x_wconf 82' lang='lat'><strong><em>¹⁷.</em></strong></span> 
     </span>
    </p>
   </div>
   <div class='ocr_carea' id='block_1_6' title="bbox 2041 1079 2175 1128">
    <p class='ocr_par' dir='ltr' id='par_1_8' title="bbox 2041 1079 2175 1128">
     <span class='ocr_line' id='line_1_27' title="bbox 2041 1079 2175 1128; baseline -0.007 -13"><span class='ocrx_word' id='word_1_276' title='bbox 2041 1079 2175 1128; x_wconf 73' lang='lat'><strong>[2172]</strong></span> 
     </span>
    </p>
   </div>
   <div class='ocr_carea' id='block_1_7' title="bbox 240 1605 1186 1982">
    <p class='ocr_par' dir='ltr' id='par_1_9' title="bbox 240 1605 1186 1982">
     <span class='ocr_line' id='line_1_28' title="bbox 321 1605 1185 1647; baseline 0.006 -14"><span class='ocrx_word' id='word_1_277' title='bbox 321 1605 348 1644; x_wconf 91' lang='lat'><strong><em>1)</em></strong></span> <span class='ocrx_word' id='word_1_278' title='bbox 371 1607 426 1636; x_wconf 84' lang='lat' dir='ltr'><strong><em>Vv.</em></strong></span> <span class='ocrx_word' id='word_1_279' title='bbox 448 1609 545 1637; x_wconf 65' lang='lat' dir='ltr'><strong><em>verbis</em></strong></span> <span class='ocrx_word' id='word_1_280' title='bbox 562 1610 683 1647; x_wconf 79' lang='lat' dir='ltr'><strong><em>primae</em></strong></span> <span class='ocrx_word' id='word_1_281' title='bbox 705 1609 949 1646; x_wconf 76' lang='lat' dir='ltr'><strong><em>coniugationis,</em></strong></span> <span class='ocrx_word' id='word_1_282' title='bbox 972 1615 1024 1646; x_wconf 80' lang='lat' dir='ltr'><strong><em>ut,</em></strong></span> <span class='ocrx_word' id='word_1_283' title='bbox 1047 1609 1082 1637; x_wconf 82' lang='lat' dir='ltr'><strong><em>ab</em></strong></span> <span class='ocrx_word' id='word_1_284' title='bbox 1106 1609 1185 1638; x_wconf 81' lang='lat' dir='ltr'><strong><em>anti-</em></strong></span> 
     </span>
     <span class='ocr_line' id='line_1_29' title="bbox 240 1650 1185 1689; baseline 0.006 -15"><span class='ocrx_word' id='word_1_285' title='bbox 240 1657 298 1685; x_wconf 88' lang='lat' dir='ltr'><strong><em>qua</em></strong></span> <span class='ocrx_word' id='word_1_286' title='bbox 314 1658 404 1676; x_wconf 84' lang='lat' dir='ltr'><strong><em>manu</em></strong></span> <span class='ocrx_word' id='word_1_287' title='bbox 419 1650 448 1677; x_wconf 88' lang='lat' dir='ltr'><strong><em>in</em></strong></span> <span class='ocrx_word' id='word_1_288' title='bbox 470 1651 540 1679; x_wconf 83' lang='lat' dir='ltr'><strong><em>cod.</em></strong></span> <span class='ocrx_word' id='word_1_289' title='bbox 564 1650 780 1689; x_wconf 82' lang='lat' dir='ltr'><strong><em>suprascripta,</em></strong></span> <span class='ocrx_word' id='word_1_290' title='bbox 805 1651 966 1679; x_wconf 79' lang='lat' dir='ltr'><strong><em>necessaria</em></strong></span> <span class='ocrx_word' id='word_1_291' title='bbox 992 1657 1061 1680; x_wconf 83' lang='lat' dir='ltr'><strong><em>sunt</em></strong></span> <span class='ocrx_word' id='word_1_292' title='bbox 1085 1657 1114 1680; x_wconf 85' lang='lat' dir='ltr'><strong><em>et</em></strong></span> <span class='ocrx_word' id='word_1_293' title='bbox 1135 1662 1185 1681; x_wconf 88' lang='lat' dir='ltr'><strong><em>re-</em></strong></span> 
     </span>
     <span class='ocr_line' id='line_1_30' title="bbox 242 1688 1184 1727; baseline 0.007 -12"><span class='ocrx_word' id='word_1_294' title='bbox 242 1688 377 1727; x_wconf 86' lang='lat' dir='ltr'><strong><em>cipienda</em></strong></span> <span class='ocrx_word' id='word_1_295' title='bbox 399 1697 488 1719; x_wconf 82' lang='lat' dir='ltr'><strong><em>erant.</em></strong></span> <span class='ocrx_word' id='word_1_296' title='bbox 533 1693 567 1720; x_wconf 87' lang='lat' dir='ltr'><strong><em>In</em></strong></span> <span class='ocrx_word' id='word_1_297' title='bbox 588 1694 664 1721; x_wconf 85' lang='lat' dir='ltr'><strong><em>Cam.</em></strong></span> <span class='ocrx_word' id='word_1_298' title='bbox 682 1698 708 1721; x_wconf 91' lang='lat' dir='ltr'><strong><em>et</em></strong></span> <span class='ocrx_word' id='word_1_299' title='bbox 728 1694 756 1722; x_wconf 88' lang='lat' dir='ltr'><strong><em>P.</em></strong></span> <span class='ocrx_word' id='word_1_300' title='bbox 783 1693 866 1721; x_wconf 86' lang='lat' dir='ltr'><strong><em>loeus</em></strong></span> <span class='ocrx_word' id='word_1_301' title='bbox 882 1693 921 1721; x_wconf 83' lang='lat' dir='ltr'>ita</span> <span class='ocrx_word' id='word_1_302' title='bbox 946 1698 989 1722; x_wconf 89' lang='lat' dir='ltr'><strong><em>est</em></strong></span> <span class='ocrx_word' id='word_1_303' title='bbox 1014 1695 1184 1723; x_wconf 77' lang='lat' dir='ltr'><strong><em>mutilatus:</em></strong></span> 
     </span>
     <span class='ocr_line' id='line_1_31' title="bbox 242 1729 1185 1772; baseline 0.01 -16"><span class='ocrx_word' id='word_1_304' title='bbox 242 1729 296 1757; x_wconf 76' lang='lat' dir='ltr'><strong><em>sed</em></strong></span> <span class='ocrx_word' id='word_1_305' title='bbox 313 1732 402 1758; x_wconf 74' lang='lat' dir='ltr'><strong><em>etiam</em></strong></span> <span class='ocrx_word' id='word_1_306' title='bbox 426 1743 446 1759; x_wconf 85' lang='lat' dir='ltr'><strong><em>a</em></strong></span> <span class='ocrx_word' id='word_1_307' title='bbox 467 1734 534 1760; x_wconf 78' lang='lat' dir='ltr'><strong><em>labo</em></strong></span> <span class='ocrx_word' id='word_1_308' title='bbox 559 1745 611 1771; x_wconf 74' lang='lat' dir='ltr'><strong><em>as,</em></strong></span> <span class='ocrx_word' id='word_1_309' title='bbox 642 1734 725 1772; x_wconf 73' lang='lat' dir='ltr'><strong><em>quod</em></strong></span> <span class='ocrx_word' id='word_1_310' title='bbox 746 1740 787 1761; x_wconf 59' lang='lat' dir='ltr'><strong><em>est</em></strong></span> <span class='ocrx_word' id='word_1_311' title='bbox 810 1735 941 1764; x_wconf 66' lang='lat' dir='ltr'><strong><em>lahasec.</em></strong></span> <span class='ocrx_word' id='word_1_312' title='bbox 986 1737 1074 1765; x_wconf 72' lang='lat' dir='ltr'><strong><em>Recte</em></strong></span> <span class='ocrx_word' id='word_1_313' title='bbox 1097 1737 1185 1765; x_wconf 72' lang='lat' dir='ltr'><strong><em>eliam</em></strong></span> 
     </span>
     <span class='ocr_line' id='line_1_32' title="bbox 243 1772 1183 1817; baseline 0.009 -17"><span class='ocrx_word' id='word_1_314' title='bbox 243 1772 314 1801; x_wconf 85' lang='lat' dir='ltr'><strong><em>cod.</em></strong></span> <span class='ocrx_word' id='word_1_315' title='bbox 346 1773 428 1811; x_wconf 82' lang='lat' dir='ltr'><strong><em>quod</em></strong></span> <span class='ocrx_word' id='word_1_316' title='bbox 450 1780 491 1801; x_wconf 76' lang='lat' dir='ltr'><strong><em>est</em></strong></span> <span class='ocrx_word' id='word_1_317' title='bbox 516 1777 652 1812; x_wconf 79' lang='lat' dir='ltr'><strong><em>primae,</em></strong></span> <span class='ocrx_word' id='word_1_318' title='bbox 682 1777 813 1805; x_wconf 74' lang='lat' dir='ltr'><strong><em>labasco.</em></strong></span> <span class='ocrx_word' id='word_1_319' title='bbox 843 1794 880 1799; x_wconf 91' lang='lat'><strong><em>--</em></strong></span> <span class='ocrx_word' id='word_1_320' title='bbox 915 1777 945 1817; x_wconf 72' lang='lat'><strong><em>2)</em></strong></span> <span class='ocrx_word' id='word_1_321' title='bbox 971 1778 1061 1807; x_wconf 85' lang='lat' dir='ltr'><strong><em>Hunc</em></strong></span> <span class='ocrx_word' id='word_1_322' title='bbox 1085 1784 1183 1808; x_wconf 75' lang='lat' dir='ltr'><strong><em>totum</em></strong></span> 
     </span>
     <span class='ocr_line' id='line_1_33' title="bbox 243 1815 1186 1849; baseline 0.007 -7"><span class='ocrx_word' id='word_1_323' title='bbox 243 1815 342 1843; x_wconf 87' lang='lat' dir='ltr'><strong><em>locum</em></strong></span> <span class='ocrx_word' id='word_1_324' title='bbox 357 1816 397 1843; x_wconf 76' lang='lat' dir='ltr'>ita</span> <span class='ocrx_word' id='word_1_325' title='bbox 417 1816 536 1844; x_wconf 77' lang='lat' dir='ltr'><strong><em>exhibet</em></strong></span> <span class='ocrx_word' id='word_1_326' title='bbox 557 1818 587 1847; x_wconf 80' lang='lat' dir='ltr'><strong><em>P.</em></strong></span> <span class='ocrx_word' id='word_1_327' title='bbox 632 1819 673 1846; x_wconf 75' lang='lat' dir='ltr'><strong><em>Ec</em></strong></span> <span class='ocrx_word' id='word_1_328' title='bbox 693 1820 721 1845; x_wconf 70' lang='lat' dir='ltr'><strong><em>sl</em></strong></span> <span class='ocrx_word' id='word_1_329' title='bbox 744 1829 804 1846; x_wconf 72' lang='lat' dir='ltr'><strong><em>nott</em></strong></span> <span class='ocrx_word' id='word_1_330' title='bbox 820 1821 880 1848; x_wconf 79' lang='lat' dir='ltr'><strong><em>sint</em></strong></span> <span class='ocrx_word' id='word_1_331' title='bbox 897 1826 995 1848; x_wconf 78' lang='lat' dir='ltr'><strong><em>tamen</em></strong></span> <span class='ocrx_word' id='word_1_332' title='bbox 1011 1821 1186 1849; x_wconf 67' lang='lat' dir='ltr'><strong><em>inchoativa</em></strong></span> 
     </span>
     <span class='ocr_line' id='line_1_34' title="bbox 243 1858 1185 1899; baseline 0.01 -16"><span class='ocrx_word' id='word_1_333' title='bbox 243 1868 259 1884; x_wconf 80' lang='lat' dir='ltr'><em>S</em></span> <span class='ocrx_word' id='word_1_334' title='bbox 281 1863 349 1884; x_wconf 79' lang='lat' dir='ltr'><strong><em>ante</em></strong></span> <span class='ocrx_word' id='word_1_335' title='bbox 372 1868 412 1885; x_wconf 86' lang='lat' dir='ltr'><strong><em>co</em></strong></span> <span class='ocrx_word' id='word_1_336' title='bbox 433 1858 576 1887; x_wconf 72' lang='lat' dir='ltr'><strong><em>habentia</em></strong></span> <span class='ocrx_word' id='word_1_337' title='bbox 600 1862 627 1887; x_wconf 72' lang='lat' dir='ltr'>si</span> <span class='ocrx_word' id='word_1_338' title='bbox 650 1871 710 1887; x_wconf 73' lang='lat' dir='ltr'><strong><em>non</em></strong></span> <span class='ocrx_word' id='word_1_339' title='bbox 735 1870 755 1887; x_wconf 72' lang='lat' dir='ltr'><strong><em>&lt;c</em></strong></span> <span class='ocrx_word' id='word_1_340' title='bbox 779 1862 873 1889; x_wconf 63' lang='lat' dir='ltr'><strong><em>verbis</em></strong></span> <span class='ocrx_word' id='word_1_341' title='bbox 895 1864 973 1899; x_wconf 69' lang='lat' dir='ltr'><strong><em>sint,</em></strong></span> <span class='ocrx_word' id='word_1_342' title='bbox 1004 1863 1058 1891; x_wconf 74' lang='lat' dir='ltr'><strong><em>sed</em></strong></span> <span class='ocrx_word' id='word_1_343' title='bbox 1081 1875 1100 1891; x_wconf 82' lang='grc' dir='ltr'><strong><em>ιι</em></strong></span> <span class='ocrx_word' id='word_1_344' title='bbox 1126 1875 1185 1892; x_wconf 81' lang='grc' dir='ltr'><strong><em>ηο-</em></strong></span> 
     </span>
     <span class='ocr_line' id='line_1_35' title="bbox 243 1899 1185 1938; baseline 0.01 -13"><span class='ocrx_word' id='word_1_345' title='bbox 243 1900 376 1926; x_wconf 63' lang='lat' dir='ltr'>minimas</span> <span class='ocrx_word' id='word_1_346' title='bbox 392 1899 592 1938; x_wconf 72' lang='lat' dir='ltr'><strong><em>deriventur,</em></strong></span> <span class='ocrx_word' id='word_1_347' title='bbox 617 1907 670 1931; x_wconf 89' lang='lat' dir='ltr'><strong><em>cet.</em></strong></span> <span class='ocrx_word' id='word_1_348' title='bbox 695 1902 775 1931; x_wconf 84' lang='lat' dir='ltr'><strong><em>Cam.</em></strong></span> <span class='ocrx_word' id='word_1_349' title='bbox 799 1903 856 1931; x_wconf 68' lang='grc' dir='ltr'><strong><em>εἰει</em></strong></span> <span class='ocrx_word' id='word_1_350' title='bbox 878 1906 919 1932; x_wconf 70' lang='lat' dir='ltr'><strong><em>Ec</em></strong></span> <span class='ocrx_word' id='word_1_351' title='bbox 942 1907 970 1932; x_wconf 75' lang='grc' dir='ltr'><strong><em>.ςί</em></strong></span> <span class='ocrx_word' id='word_1_352' title='bbox 987 1917 1046 1934; x_wconf 79' lang='lat' dir='ltr'><strong><em>non</em></strong></span> <span class='ocrx_word' id='word_1_353' title='bbox 1062 1908 1185 1934; x_wconf 75' lang='lat' dir='ltr'><strong><em>sintin-</em></strong></span> 
     </span>
     <span class='ocr_line' id='line_1_36' title="bbox 244 1940 1185 1982; baseline 0.009 -13"><span class='ocrx_word' id='word_1_354' title='bbox 244 1940 399 1978; x_wconf 57' lang='lat' dir='ltr'><strong><em>clzoatwa,</em></strong></span> <span class='ocrx_word' id='word_1_355' title='bbox 429 1954 462 1980; x_wconf 78' lang='lat' dir='ltr'><strong><em>S,</em></strong></span> <span class='ocrx_word' id='word_1_356' title='bbox 490 1943 647 1982; x_wconf 66' lang='lat' dir='ltr'><strong><em>habentia,</em></strong></span> <span class='ocrx_word' id='word_1_357' title='bbox 671 1945 698 1972; x_wconf 72' lang='lat' dir='ltr'><strong><em>si</em></strong></span> <span class='ocrx_word' id='word_1_358' title='bbox 720 1955 778 1972; x_wconf 79' lang='lat' dir='ltr'><strong><em>non</em></strong></span> <span class='ocrx_word' id='word_1_359' title='bbox 802 1956 822 1972; x_wconf 82' lang='lat' dir='ltr'><strong><em>a</em></strong></span> <span class='ocrx_word' id='word_1_360' title='bbox 843 1947 1015 1976; x_wconf 76' lang='lat' dir='ltr'><strong><em>nominibus</em></strong></span> <span class='ocrx_word' id='word_1_361' title='bbox 1040 1948 1185 1977; x_wconf 68' lang='lat' dir='ltr'><strong><em>deriven-</em></strong></span> 
     </span>
    </p>
   </div>
   <div class='ocr_carea' id='block_1_8' title="bbox 243 2002 1184 2064">
    <p class='ocr_par' dir='ltr' id='par_1_10' title="bbox 243 2002 1184 2064">
     <span class='ocr_line' id='line_1_37' title="bbox 813 2002 919 2022; baseline 0.009 -1"><span class='ocrx_word' id='word_1_362' title='bbox 813 2007 828 2021; x_wconf 81' lang='grc' dir='ltr'><em>α</em></span> <span class='ocrx_word' id='word_1_363' title='bbox 845 2002 919 2022; x_wconf 74' lang='lat' dir='ltr'><strong><em>verbis</em></strong></span> 
     </span>
     <span class='ocr_line' id='line_1_38' title="bbox 243 2010 1184 2064; baseline 0.011 -12"><span class='ocrx_word' id='word_1_364' title='bbox 243 2029 303 2054; x_wconf 80' lang='lat' dir='ltr'><strong><em>tur.</em></strong></span> <span class='ocrx_word' id='word_1_365' title='bbox 347 2025 446 2054; x_wconf 84' lang='lat' dir='ltr'><strong><em>Codex</em></strong></span> <span class='ocrx_word' id='word_1_366' title='bbox 470 2026 526 2054; x_wconf 82' lang='lat' dir='ltr'><strong><em>sic:</em></strong></span> <span class='ocrx_word' id='word_1_367' title='bbox 550 2028 591 2055; x_wconf 81' lang='lat' dir='ltr'><strong><em>Et</em></strong></span> <span class='ocrx_word' id='word_1_368' title='bbox 612 2030 639 2056; x_wconf 66' lang='grc' dir='ltr'><strong><em>εἰ</em></strong></span> <span class='ocrx_word' id='word_1_369' title='bbox 660 2040 719 2056; x_wconf 80' lang='lat' dir='ltr'><strong><em>non</em></strong></span> <span class='ocrx_word' id='word_1_370' title='bbox 741 2030 802 2057; x_wconf 70' lang='lat' dir='ltr'><strong><em>sint</em></strong></span> <span class='ocrx_word' id='word_1_371' title='bbox 828 2034 927 2057; x_wconf 68' lang='lat' dir='ltr'><strong><em>tamen,</em></strong></span> <span class='ocrx_word' id='word_1_372' title='bbox 951 2010 1135 2061; x_wconf 47' lang='lat' dir='ltr'><strong><em>inchoativa?</em></strong></span> <span class='ocrx_word' id='word_1_373' title='bbox 1149 2045 1184 2064; x_wconf 79' lang='lat' dir='ltr'><strong><em>.s.</em></strong></span> 
     </span>
    </p>
   </div>
   <div class='ocr_carea' id='block_1_9' title="bbox 244 2068 1184 2405">
    <p class='ocr_par' dir='ltr' id='par_1_11' title="bbox 244 2068 1184 2405">
     <span class='ocr_line' id='line_1_39' title="bbox 245 2068 1183 2106; baseline 0.013 -12"><span class='ocrx_word' id='word_1_374' title='bbox 245 2072 313 2095; x_wconf 83' lang='lat' dir='ltr'><strong><em>ante</em></strong></span> <span class='ocrx_word' id='word_1_375' title='bbox 335 2078 398 2097; x_wconf 89' lang='lat' dir='ltr'><strong><em>.co.</em></strong></span> <span class='ocrx_word' id='word_1_376' title='bbox 428 2068 570 2097; x_wconf 68' lang='lat' dir='ltr'><strong><em>habentia</em></strong></span> <span class='ocrx_word' id='word_1_377' title='bbox 596 2072 623 2097; x_wconf 68' lang='lat' dir='ltr'>si</span> <span class='ocrx_word' id='word_1_378' title='bbox 648 2082 707 2099; x_wconf 82' lang='lat' dir='ltr'><strong><em>non</em></strong></span> <span class='ocrx_word' id='word_1_379' title='bbox 736 2081 755 2098; x_wconf 88' lang='grc' dir='ltr'><em>α</em></span> <span class='ocrx_word' id='word_1_380' title='bbox 785 2072 957 2099; x_wconf 65' lang='lat' dir='ltr'><strong><em>nominibus</em></strong></span> <span class='ocrx_word' id='word_1_381' title='bbox 988 2073 1183 2106; x_wconf 58' lang='lat' dir='ltr'><strong><em>derivantur.</em></strong></span> 
     </span>
     <span class='ocr_line' id='line_1_40' title="bbox 245 2108 1184 2154; baseline 0.012 -18"><span class='ocrx_word' id='word_1_382' title='bbox 245 2108 367 2146; x_wconf 81' lang='lat' dir='ltr'>Omnia,</span> <span class='ocrx_word' id='word_1_383' title='bbox 392 2120 465 2148; x_wconf 84' lang='lat' dir='ltr'><strong><em>quae</em></strong></span> <span class='ocrx_word' id='word_1_384' title='bbox 486 2112 530 2139; x_wconf 86' lang='lat' dir='ltr'><strong><em>sic</em></strong></span> <span class='ocrx_word' id='word_1_385' title='bbox 555 2122 646 2150; x_wconf 85' lang='lat' dir='ltr'><strong><em>supra</em></strong></span> <span class='ocrx_word' id='word_1_386' title='bbox 667 2113 777 2151; x_wconf 85' lang='lat' dir='ltr'><strong><em>scripta</em></strong></span> <span class='ocrx_word' id='word_1_387' title='bbox 801 2118 885 2149; x_wconf 83' lang='lat' dir='ltr'><strong><em>sunt,</em></strong></span> <span class='ocrx_word' id='word_1_388' title='bbox 912 2115 947 2142; x_wconf 84' lang='lat' dir='ltr'><strong><em>ab</em></strong></span> <span class='ocrx_word' id='word_1_389' title='bbox 972 2116 1090 2154; x_wconf 76' lang='lat' dir='ltr'><strong><em>antiqua</em></strong></span> <span class='ocrx_word' id='word_1_390' title='bbox 1115 2124 1184 2147; x_wconf 90' lang='lat' dir='ltr'><strong><em>sunt</em></strong></span> 
     </span>
     <span class='ocr_line' id='line_1_41' title="bbox 244 2152 1183 2197; baseline 0.01 -18"><span class='ocrx_word' id='word_1_391' title='bbox 244 2160 344 2181; x_wconf 85' lang='lat' dir='ltr'><strong><em>manu.</em></strong></span> <span class='ocrx_word' id='word_1_392' title='bbox 390 2152 470 2188; x_wconf 84' lang='lat' dir='ltr'><strong><em>Quae</em></strong></span> <span class='ocrx_word' id='word_1_393' title='bbox 492 2158 573 2181; x_wconf 86' lang='lat' dir='ltr'><strong><em>recte</em></strong></span> <span class='ocrx_word' id='word_1_394' title='bbox 604 2154 747 2183; x_wconf 79' lang='lat' dir='ltr'><strong><em>collocata</em></strong></span> <span class='ocrx_word' id='word_1_395' title='bbox 783 2161 810 2184; x_wconf 90' lang='lat' dir='ltr'><strong><em>et</em></strong></span> <span class='ocrx_word' id='word_1_396' title='bbox 841 2156 1005 2193; x_wconf 79' lang='lat' dir='ltr'><strong><em>intellecta,</em></strong></span> <span class='ocrx_word' id='word_1_397' title='bbox 1043 2160 1183 2197; x_wconf 80' lang='lat' dir='ltr'>optimam</span> 
     </span>
     <span class='ocr_line' id='line_1_42' title="bbox 245 2195 1184 2231; baseline 0.011 -11"><span class='ocrx_word' id='word_1_398' title='bbox 245 2198 397 2231; x_wconf 83' lang='lat' dir='ltr'><strong><em>praestant</em></strong></span> <span class='ocrx_word' id='word_1_399' title='bbox 416 2195 582 2224; x_wconf 85' lang='lat' dir='ltr'><strong><em>lectionem.</em></strong></span> <span class='ocrx_word' id='word_1_400' title='bbox 612 2212 653 2218; x_wconf 90' lang='lat'><strong><em>--</em></strong></span> <span class='ocrx_word' id='word_1_401' title='bbox 682 2201 709 2231; x_wconf 83' lang='lat'><strong><em>3)</em></strong></span> <span class='ocrx_word' id='word_1_402' title='bbox 741 2197 779 2225; x_wconf 75' lang='lat' dir='ltr'><strong><em>Ut</em></strong></span> <span class='ocrx_word' id='word_1_403' title='bbox 801 2198 867 2228; x_wconf 79' lang='lat' dir='ltr'><strong><em>add.</em></strong></span> <span class='ocrx_word' id='word_1_404' title='bbox 891 2208 906 2226; x_wconf 85' lang='lat' dir='ltr'>a</span> <span class='ocrx_word' id='word_1_405' title='bbox 937 2200 1014 2229; x_wconf 84' lang='lat' dir='ltr'><strong><em>Cam.</em></strong></span> <span class='ocrx_word' id='word_1_406' title='bbox 1038 2206 1066 2228; x_wconf 83' lang='lat' dir='ltr'><strong><em>et</em></strong></span> <span class='ocrx_word' id='word_1_407' title='bbox 1087 2202 1118 2229; x_wconf 92' lang='lat' dir='ltr'><strong><em>P.</em></strong></span> <span class='ocrx_word' id='word_1_408' title='bbox 1141 2220 1184 2225; x_wconf 87' lang='lat'>—</span> 
     </span>
     <span class='ocr_line' id='line_1_43' title="bbox 245 2234 1181 2277; baseline 0.011 -15"><span class='ocrx_word' id='word_1_409' title='bbox 245 2234 276 2273; x_wconf 83' lang='lat'><strong><em>4)</em></strong></span> <span class='ocrx_word' id='word_1_410' title='bbox 298 2235 469 2274; x_wconf 67' lang='lat' dir='ltr'><strong><em>Adsuesco,</em></strong></span> <span class='ocrx_word' id='word_1_411' title='bbox 492 2237 619 2266; x_wconf 60' lang='lat' dir='ltr'><strong><em>adsuevi</em></strong></span> <span class='ocrx_word' id='word_1_412' title='bbox 645 2238 685 2266; x_wconf 77' lang='lat' dir='ltr'>ita</span> <span class='ocrx_word' id='word_1_413' title='bbox 708 2240 779 2267; x_wconf 80' lang='lat' dir='ltr'><strong><em>cod.</em></strong></span> <span class='ocrx_word' id='word_1_414' title='bbox 802 2251 943 2277; x_wconf 77' lang='lat' dir='ltr'><strong><em>asuesco,</em></strong></span> <span class='ocrx_word' id='word_1_415' title='bbox 976 2244 1081 2269; x_wconf 63' lang='lat' dir='ltr'><strong><em>asueri</em></strong></span> <span class='ocrx_word' id='word_1_416' title='bbox 1103 2244 1181 2275; x_wconf 81' lang='lat' dir='ltr'><strong><em>Cam.</em></strong></span> 
     </span>
     <span class='ocr_line' id='line_1_44' title="bbox 246 2281 1180 2319; baseline 0.01 -15"><span class='ocrx_word' id='word_1_417' title='bbox 246 2287 398 2314; x_wconf 68' lang='lat' dir='ltr'><strong><em>assae-reo,</em></strong></span> <span class='ocrx_word' id='word_1_418' title='bbox 423 2282 544 2307; x_wconf 74' lang='lat' dir='ltr'><strong><em>assuevi</em></strong></span> <span class='ocrx_word' id='word_1_419' title='bbox 565 2281 595 2309; x_wconf 88' lang='lat' dir='ltr'><strong><em>P.</em></strong></span> <span class='ocrx_word' id='word_1_420' title='bbox 626 2296 667 2302; x_wconf 94' lang='lat'>—</span> <span class='ocrx_word' id='word_1_421' title='bbox 696 2281 726 2319; x_wconf 86' lang='lat'><strong><em>5)</em></strong></span> <span class='ocrx_word' id='word_1_422' title='bbox 752 2283 888 2319; x_wconf 56' lang='lat' dir='ltr'><strong><em>Qube-scis</em></strong></span> <span class='ocrx_word' id='word_1_423' title='bbox 914 2282 1043 2312; x_wconf 86' lang='lat' dir='ltr'><strong><em>intrudit</em></strong></span> <span class='ocrx_word' id='word_1_424' title='bbox 1066 2286 1126 2313; x_wconf 80' lang='lat' dir='ltr'><strong><em>sola</em></strong></span> <span class='ocrx_word' id='word_1_425' title='bbox 1152 2288 1180 2316; x_wconf 82' lang='lat' dir='ltr'><strong><em>P.</em></strong></span> 
     </span>
     <span class='ocr_line' id='line_1_45' title="bbox 247 2319 1182 2363; baseline 0.011 -17"><span class='ocrx_word' id='word_1_426' title='bbox 247 2335 283 2341; x_wconf 91' lang='lat'><strong><em>—-</em></strong></span> <span class='ocrx_word' id='word_1_427' title='bbox 307 2320 337 2358; x_wconf 86' lang='lat'><strong><em>6)</em></strong></span> <span class='ocrx_word' id='word_1_428' title='bbox 357 2319 567 2351; x_wconf 70' lang='lat' dir='ltr'><strong><em>Derivativum</em></strong></span> <span class='ocrx_word' id='word_1_429' title='bbox 587 2323 618 2352; x_wconf 89' lang='lat' dir='ltr'><strong><em>P.</em></strong></span> <span class='ocrx_word' id='word_1_430' title='bbox 642 2323 719 2352; x_wconf 81' lang='lat' dir='ltr'><strong><em>Cam.</em></strong></span> <span class='ocrx_word' id='word_1_431' title='bbox 742 2340 784 2345; x_wconf 93' lang='lat'><strong><em>-—</em></strong></span> <span class='ocrx_word' id='word_1_432' title='bbox 813 2327 842 2361; x_wconf 88' lang='lat'><strong><em>7)</em></strong></span> <span class='ocrx_word' id='word_1_433' title='bbox 866 2324 954 2352; x_wconf 76' lang='lat' dir='ltr'><strong><em>Facit</em></strong></span> <span class='ocrx_word' id='word_1_434' title='bbox 978 2325 1091 2355; x_wconf 84' lang='lat' dir='ltr'><strong><em>Codex.</em></strong></span> <span class='ocrx_word' id='word_1_435' title='bbox 1102 2329 1182 2363; x_wconf 67' lang='lat' dir='ltr'><strong><em>fecit</em></strong></span> 
     </span>
     <span class='ocr_line' id='line_1_46' title="bbox 245 2361 1181 2405; baseline 0.01 -16"><span class='ocrx_word' id='word_1_436' title='bbox 245 2361 323 2392; x_wconf 83' lang='lat' dir='ltr'><strong><em>Cam.</em></strong></span> <span class='ocrx_word' id='word_1_437' title='bbox 339 2363 368 2391; x_wconf 91' lang='lat' dir='ltr'><strong><em>P.</em></strong></span> <span class='ocrx_word' id='word_1_438' title='bbox 391 2379 431 2385; x_wconf 87' lang='lat'><strong>—</strong></span> <span class='ocrx_word' id='word_1_439' title='bbox 453 2363 482 2405; x_wconf 86' lang='lat'><strong><em>8)</em></strong></span> <span class='ocrx_word' id='word_1_440' title='bbox 510 2365 578 2394; x_wconf 86' lang='lat' dir='ltr'><strong><em>Cod.</em></strong></span> <span class='ocrx_word' id='word_1_441' title='bbox 603 2370 637 2393; x_wconf 79' lang='grc' dir='ltr'><strong>1ιύ</strong></span> <span class='ocrx_word' id='word_1_442' title='bbox 660 2376 712 2394; x_wconf 81' lang='lat' dir='ltr'><strong><em>nec</em></strong></span> <span class='ocrx_word' id='word_1_443' title='bbox 733 2372 773 2395; x_wconf 72' lang='lat' dir='ltr'><strong><em>est</em></strong></span> <span class='ocrx_word' id='word_1_444' title='bbox 798 2366 1011 2395; x_wconf 66' lang='lat' dir='ltr'><strong><em>inchoativam.</em></strong></span> <span class='ocrx_word' id='word_1_445' title='bbox 1047 2369 1123 2399; x_wconf 81' lang='lat' dir='ltr'><strong><em>Cam.</em></strong></span> <span class='ocrx_word' id='word_1_446' title='bbox 1148 2377 1181 2398; x_wconf 76' lang='lat' dir='ltr'><strong><em>ut</em></strong></span> 
     </span>
    </p>
   </div>
   <div class='ocr_carea' id='block_1_10' title="bbox 1221 1608 2174 2411">
    <p class='ocr_par' dir='ltr' id='par_1_12' title="bbox 1221 1608 2174 2411">
     <span class='ocr_line' id='line_1_47' title="bbox 1228 1608 2174 1648; baseline -0.001 -10"><span class='ocrx_word' id='word_1_447' title='bbox 1228 1621 1280 1638; x_wconf 83' lang='lat' dir='ltr'><strong><em>nec</em></strong></span> <span class='ocrx_word' id='word_1_448' title='bbox 1296 1609 1374 1638; x_wconf 66' lang='lat' dir='ltr'><strong><em>iaezclz.</em></strong></span> <span class='ocrx_word' id='word_1_449' title='bbox 1389 1613 1468 1638; x_wconf 86' lang='lat' dir='ltr'><strong><em>recte</em></strong></span> <span class='ocrx_word' id='word_1_450' title='bbox 1486 1609 1577 1648; x_wconf 88' lang='lat' dir='ltr'><strong><em>idque</em></strong></span> <span class='ocrx_word' id='word_1_451' title='bbox 1597 1609 1741 1638; x_wconf 83' lang='lat' dir='ltr'><strong><em>dedimus.</em></strong></span> <span class='ocrx_word' id='word_1_452' title='bbox 1764 1609 1795 1639; x_wconf 88' lang='lat' dir='ltr'><strong><em>P.</em></strong></span> <span class='ocrx_word' id='word_1_453' title='bbox 1818 1608 1931 1637; x_wconf 79' lang='lat' dir='ltr'><strong><em>omittit</em></strong></span> <span class='ocrx_word' id='word_1_454' title='bbox 1953 1613 1989 1636; x_wconf 83' lang='lat' dir='ltr'><strong><em>ut</em></strong></span> <span class='ocrx_word' id='word_1_455' title='bbox 2009 1612 2038 1637; x_wconf 90' lang='lat' dir='ltr'><strong><em>et</em></strong></span> <span class='ocrx_word' id='word_1_456' title='bbox 2058 1613 2110 1637; x_wconf 76' lang='lat' dir='ltr'><strong><em>est.</em></strong></span> <span class='ocrx_word' id='word_1_457' title='bbox 2130 1623 2174 1631; x_wconf 93' lang='lat'><strong><em>—-</em></strong></span> 
     </span>
     <span class='ocr_line' id='line_1_48' title="bbox 1227 1651 2172 1690; baseline -0.002 -10"><span class='ocrx_word' id='word_1_458' title='bbox 1227 1652 1254 1689; x_wconf 85' lang='lat'><strong><em>9)</em></strong></span> <span class='ocrx_word' id='word_1_459' title='bbox 1282 1653 1516 1690; x_wconf 66' lang='lat' dir='ltr'><strong><em>Coniugalionis</em></strong></span> <span class='ocrx_word' id='word_1_460' title='bbox 1537 1658 1579 1680; x_wconf 76' lang='lat' dir='ltr'><strong><em>est</em></strong></span> <span class='ocrx_word' id='word_1_461' title='bbox 1602 1653 1673 1680; x_wconf 81' lang='lat' dir='ltr'><strong><em>eod.</em></strong></span> <span class='ocrx_word' id='word_1_462' title='bbox 1692 1658 1735 1680; x_wconf 74' lang='lat' dir='ltr'><strong><em>est</em></strong></span> <span class='ocrx_word' id='word_1_463' title='bbox 1761 1653 1880 1690; x_wconf 73' lang='lat' dir='ltr'><strong><em>coniug‘.</em></strong></span> <span class='ocrx_word' id='word_1_464' title='bbox 1903 1651 1983 1680; x_wconf 86' lang='lat' dir='ltr'>Cam.</span> <span class='ocrx_word' id='word_1_465' title='bbox 2003 1651 2034 1679; x_wconf 91' lang='lat' dir='ltr'><strong><em>P.</em></strong></span> <span class='ocrx_word' id='word_1_466' title='bbox 2056 1666 2098 1672; x_wconf 91' lang='lat'><strong>—</strong></span> <span class='ocrx_word' id='word_1_467' title='bbox 2125 1652 2172 1686; x_wconf 82' lang='lat' dir='ltr'><strong><em>lo)</em></strong></span> 
     </span>
     <span class='ocr_line' id='line_1_49' title="bbox 1229 1692 2171 1729; baseline -0.002 -7"><span class='ocrx_word' id='word_1_468' title='bbox 1229 1695 1331 1722; x_wconf 84' lang='lat' dir='ltr'><strong><em>Glossa</em></strong></span> <span class='ocrx_word' id='word_1_469' title='bbox 1354 1695 1384 1722; x_wconf 85' lang='lat' dir='ltr'><strong><em>in</em></strong></span> <span class='ocrx_word' id='word_1_470' title='bbox 1407 1695 1476 1722; x_wconf 81' lang='lat' dir='ltr'><strong><em>Cod.</em></strong></span> <span class='ocrx_word' id='word_1_471' title='bbox 1505 1695 1655 1722; x_wconf 73' lang='lat' dir='ltr'><strong><em>luxurior.</em></strong></span> <span class='ocrx_word' id='word_1_472' title='bbox 1686 1711 1728 1716; x_wconf 88' lang='lat'>—</span> <span class='ocrx_word' id='word_1_473' title='bbox 1758 1694 1804 1729; x_wconf 86' lang='lat'><strong><em>11)</em></strong></span> <span class='ocrx_word' id='word_1_474' title='bbox 1828 1693 2002 1722; x_wconf 74' lang='lat' dir='ltr'><strong><em>Adsuetum</em></strong></span> <span class='ocrx_word' id='word_1_475' title='bbox 2024 1692 2097 1721; x_wconf 86' lang='lat' dir='ltr'><strong><em>Cod.</em></strong></span> <span class='ocrx_word' id='word_1_476' title='bbox 2121 1702 2171 1720; x_wconf 75' lang='grc' dir='ltr'><strong><em>αε-</em></strong></span> 
     </span>
     <span class='ocr_line' id='line_1_50' title="bbox 1228 1735 2172 1772; baseline 0 -9"><span class='ocrx_word' id='word_1_477' title='bbox 1228 1743 1345 1765; x_wconf 62' lang='lat' dir='ltr'><strong><em>suerum</em></strong></span> <span class='ocrx_word' id='word_1_478' title='bbox 1364 1738 1441 1765; x_wconf 82' lang='lat' dir='ltr'>Cam.</span> <span class='ocrx_word' id='word_1_479' title='bbox 1459 1737 1488 1766; x_wconf 88' lang='lat' dir='ltr'><strong><em>P.</em></strong></span> <span class='ocrx_word' id='word_1_480' title='bbox 1506 1738 1599 1765; x_wconf 90' lang='lat' dir='ltr'><strong><em>Locus</em></strong></span> <span class='ocrx_word' id='word_1_481' title='bbox 1616 1741 1658 1765; x_wconf 91' lang='lat' dir='ltr'><strong><em>est</em></strong></span> <span class='ocrx_word' id='word_1_482' title='bbox 1677 1737 1750 1765; x_wconf 84' lang='lat' dir='ltr'><strong><em>Hor.</em></strong></span> <span class='ocrx_word' id='word_1_483' title='bbox 1774 1737 1865 1764; x_wconf 87' lang='lat' dir='ltr'><strong><em>Serm.</em></strong></span> <span class='ocrx_word' id='word_1_484' title='bbox 1889 1736 1934 1772; x_wconf 82' lang='lat'><strong><em>11,</em></strong></span> <span class='ocrx_word' id='word_1_485' title='bbox 1959 1739 1988 1771; x_wconf 83' lang='grc'><strong><em>2,</em></strong></span> <span class='ocrx_word' id='word_1_486' title='bbox 2014 1737 2062 1766; x_wconf 89' lang='grc'><strong><em>11.</em></strong></span> <span class='ocrx_word' id='word_1_487' title='bbox 2085 1735 2172 1763; x_wconf 85' lang='lat' dir='ltr'><strong><em>Cete-</em></strong></span> 
     </span>
     <span class='ocr_line' id='line_1_51' title="bbox 1227 1776 2171 1818; baseline -0.002 -10"><span class='ocrx_word' id='word_1_488' title='bbox 1227 1790 1293 1808; x_wconf 87' lang='lat' dir='ltr'><strong><em>rum</em></strong></span> <span class='ocrx_word' id='word_1_489' title='bbox 1320 1780 1350 1807; x_wconf 87' lang='lat' dir='ltr'><strong><em>in</em></strong></span> <span class='ocrx_word' id='word_1_490' title='bbox 1378 1779 1452 1807; x_wconf 87' lang='lat' dir='ltr'><strong><em>Edd.</em></strong></span> <span class='ocrx_word' id='word_1_491' title='bbox 1482 1779 1596 1808; x_wconf 83' lang='lat' dir='ltr'><strong><em>Horatii</em></strong></span> <span class='ocrx_word' id='word_1_492' title='bbox 1624 1780 1798 1818; x_wconf 85' lang='lat' dir='ltr'><strong><em>plerumque</em></strong></span> <span class='ocrx_word' id='word_1_493' title='bbox 1826 1779 1963 1816; x_wconf 75' lang='lat' dir='ltr'><strong><em>fatigat</em></strong></span> <span class='ocrx_word' id='word_1_494' title='bbox 1998 1776 2171 1806; x_wconf 83' lang='lat' dir='ltr'><strong><em>indicativo.</em></strong></span> 
     </span>
     <span class='ocr_line' id='line_1_52' title="bbox 1227 1818 2171 1859; baseline -0.001 -10"><span class='ocrx_word' id='word_1_495' title='bbox 1227 1822 1348 1850; x_wconf 77' lang='lat' dir='ltr'><strong><em>Glossae</em></strong></span> <span class='ocrx_word' id='word_1_496' title='bbox 1368 1821 1399 1848; x_wconf 85' lang='lat' dir='ltr'><strong><em>in</em></strong></span> <span class='ocrx_word' id='word_1_497' title='bbox 1421 1821 1492 1849; x_wconf 79' lang='lat' dir='ltr'><strong><em>cod.</em></strong></span> <span class='ocrx_word' id='word_1_498' title='bbox 1517 1822 1553 1850; x_wconf 87' lang='lat' dir='ltr'><strong><em>ad</em></strong></span> <span class='ocrx_word' id='word_1_499' title='bbox 1577 1831 1605 1850; x_wconf 88' lang='lat' dir='ltr'><strong><em>v.</em></strong></span> <span class='ocrx_word' id='word_1_500' title='bbox 1628 1822 1773 1859; x_wconf 74' lang='lat' dir='ltr'><strong><em>graecari</em></strong></span> <span class='ocrx_word' id='word_1_501' title='bbox 1792 1821 1879 1848; x_wconf 78' lang='lat' dir='ltr'><strong><em>etium</em></strong></span> <span class='ocrx_word' id='word_1_502' title='bbox 1904 1819 1934 1848; x_wconf 88' lang='lat' dir='ltr'><strong><em>h.</em></strong></span> <span class='ocrx_word' id='word_1_503' title='bbox 1954 1819 1974 1847; x_wconf 93' lang='lat' dir='ltr'><strong><em>l.</em></strong></span> <span class='ocrx_word' id='word_1_504' title='bbox 2005 1818 2171 1857; x_wconf 82' lang='lat' dir='ltr'><strong><em>ascriptae:</em></strong></span> 
     </span>
     <span class='ocr_line' id='line_1_53' title="bbox 1226 1861 2170 1900; baseline -0.002 -8"><span class='ocrx_word' id='word_1_505' title='bbox 1226 1866 1339 1900; x_wconf 76' lang='lat' dir='ltr'><strong><em>iocari,</em></strong></span> <span class='ocrx_word' id='word_1_506' title='bbox 1362 1862 1480 1898; x_wconf 69' lang='lat' dir='ltr'><strong><em>ludere,</em></strong></span> <span class='ocrx_word' id='word_1_507' title='bbox 1502 1864 1673 1892; x_wconf 67' lang='lat' dir='ltr'><strong><em>luxuriari.</em></strong></span> <span class='ocrx_word' id='word_1_508' title='bbox 1700 1879 1743 1884; x_wconf 89' lang='lat'>—</span> <span class='ocrx_word' id='word_1_509' title='bbox 1771 1863 1817 1898; x_wconf 68' lang='lat'><strong><em>121)</em></strong></span> <span class='ocrx_word' id='word_1_510' title='bbox 1840 1862 1919 1899; x_wconf 81' lang='lat' dir='ltr'><strong><em>Virg.</em></strong></span> <span class='ocrx_word' id='word_1_511' title='bbox 1936 1862 2006 1890; x_wconf 77' lang='lat' dir='ltr'><strong><em>Aen.</em></strong></span> <span class='ocrx_word' id='word_1_512' title='bbox 2024 1861 2077 1898; x_wconf 79' lang='lat' dir='ltr'><strong><em>IV,</em></strong></span> <span class='ocrx_word' id='word_1_513' title='bbox 2099 1863 2170 1894; x_wconf 67' lang='lat'>301.</span> 
     </span>
     <span class='ocr_line' id='line_1_54' title="bbox 1227 1903 2170 1943; baseline -0.003 -9"><span class='ocrx_word' id='word_1_514' title='bbox 1227 1907 1361 1935; x_wconf 82' lang='lat' dir='ltr'><strong><em>Ceterum</em></strong></span> <span class='ocrx_word' id='word_1_515' title='bbox 1390 1906 1503 1943; x_wconf 56' lang='lat' dir='ltr'><strong><em>Thyas,</em></strong></span> <span class='ocrx_word' id='word_1_516' title='bbox 1534 1916 1595 1934; x_wconf 86' lang='lat' dir='ltr'><strong><em>non</em></strong></span> <span class='ocrx_word' id='word_1_517' title='bbox 1625 1906 1752 1943; x_wconf 63' lang='lat' dir='ltr'><strong><em>Ilssnyias,</em></strong></span> <span class='ocrx_word' id='word_1_518' title='bbox 1775 1904 1807 1932; x_wconf 86' lang='lat' dir='ltr'><strong><em>in</em></strong></span> <span class='ocrx_word' id='word_1_519' title='bbox 1830 1905 1900 1933; x_wconf 86' lang='lat' dir='ltr'><strong><em>cod.</em></strong></span> <span class='ocrx_word' id='word_1_520' title='bbox 1920 1920 1963 1926; x_wconf 86' lang='lat'><strong><em>—-</em></strong></span> <span class='ocrx_word' id='word_1_521' title='bbox 1992 1903 2038 1941; x_wconf 84' lang='lat'><strong><em>13)</em></strong></span> <span class='ocrx_word' id='word_1_522' title='bbox 2060 1904 2118 1932; x_wconf 75' lang='lat' dir='ltr'><strong><em>Est</em></strong></span> <span class='ocrx_word' id='word_1_523' title='bbox 2142 1909 2170 1931; x_wconf 78' lang='lat' dir='ltr'><strong><em>et</em></strong></span> 
     </span>
     <span class='ocr_line' id='line_1_55' title="bbox 1225 1945 2169 1986; baseline -0.001 -10"><span class='ocrx_word' id='word_1_524' title='bbox 1225 1948 1300 1977; x_wconf 87' lang='lat' dir='ltr'><strong><em>haec</em></strong></span> <span class='ocrx_word' id='word_1_525' title='bbox 1321 1949 1426 1976; x_wconf 86' lang='lat' dir='ltr'><strong><em>desunt</em></strong></span> <span class='ocrx_word' id='word_1_526' title='bbox 1448 1947 1527 1986; x_wconf 77' lang='lat' dir='ltr'><strong><em>apud</em></strong></span> <span class='ocrx_word' id='word_1_527' title='bbox 1554 1949 1631 1978; x_wconf 76' lang='lat' dir='ltr'><strong><em>Cam.</em></strong></span> <span class='ocrx_word' id='word_1_528' title='bbox 1654 1952 1683 1976; x_wconf 90' lang='lat' dir='ltr'><strong><em>et</em></strong></span> <span class='ocrx_word' id='word_1_529' title='bbox 1704 1948 1735 1976; x_wconf 89' lang='lat' dir='ltr'><strong><em>P.</em></strong></span> <span class='ocrx_word' id='word_1_530' title='bbox 1757 1962 1799 1968; x_wconf 88' lang='lat'>—</span> <span class='ocrx_word' id='word_1_531' title='bbox 1829 1945 1872 1986; x_wconf 79' lang='lat'><strong><em>14)</em></strong></span> <span class='ocrx_word' id='word_1_532' title='bbox 1894 1946 2011 1975; x_wconf 85' lang='lat' dir='ltr'><strong><em>Terent.</em></strong></span> <span class='ocrx_word' id='word_1_533' title='bbox 2035 1945 2169 1975; x_wconf 88' lang='lat' dir='ltr'><strong><em>Eunuch.</em></strong></span> 
     </span>
     <span class='ocr_line' id='line_1_56' title="bbox 1227 1985 2169 2028; baseline -0.001 -10"><span class='ocrx_word' id='word_1_534' title='bbox 1227 1991 1265 2027; x_wconf 84' lang='lat'><strong><em>11,</em></strong></span> <span class='ocrx_word' id='word_1_535' title='bbox 1289 1993 1324 2026; x_wconf 90' lang='grc'><strong><em>3,</em></strong></span> <span class='ocrx_word' id='word_1_536' title='bbox 1346 1993 1395 2022; x_wconf 84' lang='grc'><strong><em>31.</em></strong></span> <span class='ocrx_word' id='word_1_537' title='bbox 1427 1989 1464 2018; x_wconf 75' lang='lat' dir='ltr'><strong><em>ld</em></strong></span> <span class='ocrx_word' id='word_1_538' title='bbox 1483 1990 1514 2018; x_wconf 84' lang='lat' dir='ltr'><strong><em>in</em></strong></span> <span class='ocrx_word' id='word_1_539' title='bbox 1539 1990 1610 2018; x_wconf 86' lang='lat' dir='ltr'><strong><em>Cod.</em></strong></span> <span class='ocrx_word' id='word_1_540' title='bbox 1632 1990 1729 2025; x_wconf 84' lang='lat' dir='ltr'><strong><em>deest,</em></strong></span> <span class='ocrx_word' id='word_1_541' title='bbox 1760 1989 1811 2017; x_wconf 84' lang='lat' dir='ltr'><strong><em>sed</em></strong></span> <span class='ocrx_word' id='word_1_542' title='bbox 1831 1999 1887 2028; x_wconf 85' lang='lat' dir='ltr'><strong><em>pro</em></strong></span> <span class='ocrx_word' id='word_1_543' title='bbox 1915 1998 1948 2017; x_wconf 90' lang='lat' dir='ltr'><strong><em>eo</em></strong></span> <span class='ocrx_word' id='word_1_544' title='bbox 1978 1985 2057 2016; x_wconf 76' lang='lat' dir='ltr'><strong><em>idem</em></strong></span> <span class='ocrx_word' id='word_1_545' title='bbox 2078 1998 2169 2028; x_wconf 79' lang='lat' dir='ltr'><strong><em>supra</em></strong></span> 
     </span>
     <span class='ocr_line' id='line_1_57' title="bbox 1225 2030 2169 2071; baseline -0.003 -10"><span class='ocrx_word' id='word_1_546' title='bbox 1225 2043 1342 2061; x_wconf 85' lang='lat' dir='ltr'><strong><em>versum</em></strong></span> <span class='ocrx_word' id='word_1_547' title='bbox 1366 2033 1518 2071; x_wconf 83' lang='lat' dir='ltr'><strong><em>scriptum.</em></strong></span> <span class='ocrx_word' id='word_1_548' title='bbox 1543 2048 1585 2055; x_wconf 92' lang='lat'>-</span> <span class='ocrx_word' id='word_1_549' title='bbox 1616 2034 1661 2069; x_wconf 85' lang='lat'><strong><em>15)</em></strong></span> <span class='ocrx_word' id='word_1_550' title='bbox 1685 2030 1872 2070; x_wconf 76' lang='lat' dir='ltr'><strong><em>lmputanda</em></strong></span> <span class='ocrx_word' id='word_1_551' title='bbox 1900 2031 1979 2061; x_wconf 87' lang='lat' dir='ltr'><strong><em>Cam.</em></strong></span> <span class='ocrx_word' id='word_1_552' title='bbox 2005 2030 2036 2060; x_wconf 89' lang='lat' dir='ltr'><strong><em>P.</em></strong></span> <span class='ocrx_word' id='word_1_553' title='bbox 2064 2031 2169 2069; x_wconf 79' lang='lat' dir='ltr'><strong><em>impu-</em></strong></span> 
     </span>
     <span class='ocr_line' id='line_1_58' title="bbox 1226 2073 2168 2111; baseline -0.002 -8"><span class='ocrx_word' id='word_1_554' title='bbox 1226 2081 1293 2103; x_wconf 79' lang='lat' dir='ltr'><strong><em>tata</em></strong></span> <span class='ocrx_word' id='word_1_555' title='bbox 1307 2075 1379 2103; x_wconf 90' lang='lat' dir='ltr'><strong><em>Cod.</em></strong></span> <span class='ocrx_word' id='word_1_556' title='bbox 1400 2091 1442 2096; x_wconf 92' lang='lat'>—</span> <span class='ocrx_word' id='word_1_557' title='bbox 1465 2076 1508 2111; x_wconf 84' lang='grc'><strong><em>16)</em></strong></span> <span class='ocrx_word' id='word_1_558' title='bbox 1533 2075 1653 2103; x_wconf 79' lang='lat' dir='ltr'><strong><em>Irascor</em></strong></span> <span class='ocrx_word' id='word_1_559' title='bbox 1661 2096 1669 2111; x_wconf 85' lang='lat'>‚</span> <span class='ocrx_word' id='word_1_560' title='bbox 1693 2085 1811 2108; x_wconf 74' lang='lat' dir='ltr'><strong><em>vescor,</em></strong></span> <span class='ocrx_word' id='word_1_561' title='bbox 1831 2074 1976 2108; x_wconf 80' lang='lat' dir='ltr'><strong><em>ulciscor,</em></strong></span> <span class='ocrx_word' id='word_1_562' title='bbox 1999 2073 2168 2111; x_wconf 71' lang='lat' dir='ltr'><strong><em>nanciscor,</em></strong></span> 
     </span>
     <span class='ocr_line' id='line_1_59' title="bbox 1221 2115 2167 2156; baseline -0.001 -10"><span class='ocrx_word' id='word_1_563' title='bbox 1221 2120 1363 2156; x_wconf 76' lang='lat' dir='ltr'><strong><em>paciscor</em></strong></span> <span class='ocrx_word' id='word_1_564' title='bbox 1379 2116 1420 2145; x_wconf 78' lang='lat' dir='ltr'>ita</span> <span class='ocrx_word' id='word_1_565' title='bbox 1439 2117 1509 2145; x_wconf 85' lang='lat' dir='ltr'><strong><em>cod.</em></strong></span> <span class='ocrx_word' id='word_1_566' title='bbox 1530 2119 1664 2154; x_wconf 71' lang='lat' dir='ltr'><strong><em>irascor,</em></strong></span> <span class='ocrx_word' id='word_1_567' title='bbox 1688 2117 1834 2153; x_wconf 77' lang='lat' dir='ltr'><strong><em>ulciscor,</em></strong></span> <span class='ocrx_word' id='word_1_568' title='bbox 1862 2116 1910 2145; x_wconf 68' lang='lat' dir='ltr'><strong><em>vel</em></strong></span> <span class='ocrx_word' id='word_1_569' title='bbox 1920 2116 2063 2154; x_wconf 75' lang='lat' dir='ltr'><strong><em>paciscor</em></strong></span> <span class='ocrx_word' id='word_1_570' title='bbox 2085 2115 2167 2145; x_wconf 79' lang='lat' dir='ltr'><strong><em>Cam.</em></strong></span> 
     </span>
     <span class='ocr_line' id='line_1_60' title="bbox 1226 2157 2167 2198; baseline -0.002 -10"><span class='ocrx_word' id='word_1_571' title='bbox 1226 2161 1257 2189; x_wconf 85' lang='lat' dir='ltr'><strong><em>P.</em></strong></span> <span class='ocrx_word' id='word_1_572' title='bbox 1280 2176 1323 2181; x_wconf 89' lang='lat'>—</span> <span class='ocrx_word' id='word_1_573' title='bbox 1346 2158 1389 2198; x_wconf 89' lang='lat'><strong><em>17)</em></strong></span> <span class='ocrx_word' id='word_1_574' title='bbox 1409 2159 1530 2188; x_wconf 83' lang='lat' dir='ltr'><strong><em>Addunt</em></strong></span> <span class='ocrx_word' id='word_1_575' title='bbox 1549 2159 1578 2188; x_wconf 89' lang='lat' dir='ltr'><strong><em>h.</em></strong></span> <span class='ocrx_word' id='word_1_576' title='bbox 1598 2160 1619 2188; x_wconf 88' lang='lat'><strong><em>1.</em></strong></span> <span class='ocrx_word' id='word_1_577' title='bbox 1645 2160 1804 2187; x_wconf 72' lang='lat' dir='ltr'><strong><em>nanciscor</em></strong></span> <span class='ocrx_word' id='word_1_578' title='bbox 1825 2159 1905 2188; x_wconf 80' lang='lat' dir='ltr'><strong><em>Cam.</em></strong></span> <span class='ocrx_word' id='word_1_579' title='bbox 1929 2158 1959 2186; x_wconf 87' lang='lat' dir='ltr'><strong><em>P.</em></strong></span> <span class='ocrx_word' id='word_1_580' title='bbox 1977 2158 2113 2186; x_wconf 81' lang='lat' dir='ltr'><strong><em>Ceterum</em></strong></span> <span class='ocrx_word' id='word_1_581' title='bbox 2134 2157 2167 2186; x_wconf 87' lang='lat' dir='ltr'><strong><em>in</em></strong></span> 
     </span>
     <span class='ocr_line' id='line_1_61' title="bbox 1226 2199 2167 2240; baseline -0.002 -10"><span class='ocrx_word' id='word_1_582' title='bbox 1226 2202 1297 2231; x_wconf 90' lang='lat' dir='ltr'><strong><em>Cod.</em></strong></span> <span class='ocrx_word' id='word_1_583' title='bbox 1323 2201 1507 2240; x_wconf 80' lang='lat' dir='ltr'><strong><em>adaepiscor.</em></strong></span> <span class='ocrx_word' id='word_1_584' title='bbox 1535 2218 1577 2223; x_wconf 94' lang='lat'>—</span> <span class='ocrx_word' id='word_1_585' title='bbox 1607 2201 1652 2240; x_wconf 85' lang='lat'><strong><em>18)</em></strong></span> <span class='ocrx_word' id='word_1_586' title='bbox 1680 2201 1778 2230; x_wconf 80' lang='lat' dir='ltr'><strong><em>Verba</em></strong></span> <span class='ocrx_word' id='word_1_587' title='bbox 1800 2201 1881 2230; x_wconf 85' lang='lat' dir='ltr'><strong><em>deest</em></strong></span> <span class='ocrx_word' id='word_1_588' title='bbox 1901 2199 1933 2229; x_wconf 87' lang='lat' dir='ltr'><strong><em>in</em></strong></span> <span class='ocrx_word' id='word_1_589' title='bbox 1958 2200 2038 2230; x_wconf 81' lang='lat' dir='ltr'><strong><em>Cam.</em></strong></span> <span class='ocrx_word' id='word_1_590' title='bbox 2065 2200 2097 2228; x_wconf 89' lang='lat' dir='ltr'><strong><em>P.</em></strong></span> <span class='ocrx_word' id='word_1_591' title='bbox 2124 2214 2167 2222; x_wconf 89' lang='lat'>—</span> 
     </span>
     <span class='ocr_line' id='line_1_62' title="bbox 1227 2241 2166 2282; baseline -0.003 -10"><span class='ocrx_word' id='word_1_592' title='bbox 1227 2244 1271 2282; x_wconf 84' lang='lat'><strong><em>19)</em></strong></span> <span class='ocrx_word' id='word_1_593' title='bbox 1296 2244 1498 2272; x_wconf 70' lang='lat' dir='ltr'><strong><em>Subiacebunt</em></strong></span> <span class='ocrx_word' id='word_1_594' title='bbox 1518 2244 1590 2272; x_wconf 90' lang='lat' dir='ltr'><strong><em>Cod.</em></strong></span> <span class='ocrx_word' id='word_1_595' title='bbox 1614 2244 1693 2272; x_wconf 85' lang='lat' dir='ltr'><strong><em>Cam.</em></strong></span> <span class='ocrx_word' id='word_1_596' title='bbox 1713 2244 1869 2272; x_wconf 73' lang='lat' dir='ltr'><strong><em>subiacent</em></strong></span> <span class='ocrx_word' id='word_1_597' title='bbox 1885 2243 1917 2272; x_wconf 92' lang='lat' dir='ltr'><strong><em>P.</em></strong></span> <span class='ocrx_word' id='word_1_598' title='bbox 1939 2259 1980 2265; x_wconf 96' lang='lat'>—</span> <span class='ocrx_word' id='word_1_599' title='bbox 2003 2241 2049 2282; x_wconf 76' lang='lat'><strong><em>20)</em></strong></span> <span class='ocrx_word' id='word_1_600' title='bbox 2065 2241 2166 2270; x_wconf 83' lang='lat' dir='ltr'><strong><em>Codex</em></strong></span> 
     </span>
     <span class='ocr_line' id='line_1_63' title="bbox 1225 2281 2164 2325; baseline -0.004 -11"><span class='ocrx_word' id='word_1_601' title='bbox 1225 2286 1285 2314; x_wconf 89' lang='lat' dir='ltr'><strong><em>sic:</em></strong></span> <span class='ocrx_word' id='word_1_602' title='bbox 1328 2287 1428 2315; x_wconf 77' lang='lat' dir='ltr'><strong><em>Cicero</em></strong></span> <span class='ocrx_word' id='word_1_603' title='bbox 1452 2297 1509 2325; x_wconf 80' lang='lat' dir='ltr'><strong><em>pro</em></strong></span> <span class='ocrx_word' id='word_1_604' title='bbox 1543 2287 1622 2316; x_wconf 85' lang='lat' dir='ltr'><em>.Vl.</em></span> <span class='ocrx_word' id='word_1_605' title='bbox 1653 2288 1766 2324; x_wconf 73' lang='lat' dir='ltr'><strong><em>roscio,</em></strong></span> <span class='ocrx_word' id='word_1_606' title='bbox 1801 2286 1841 2314; x_wconf 86' lang='lat' dir='ltr'><strong><em>ita</em></strong></span> <span class='ocrx_word' id='word_1_607' title='bbox 1868 2289 1903 2314; x_wconf 89' lang='lat' dir='ltr'><strong><em>ut</em></strong></span> <span class='ocrx_word' id='word_1_608' title='bbox 1931 2294 2022 2324; x_wconf 83' lang='lat' dir='ltr'><strong><em>supra</em></strong></span> <span class='ocrx_word' id='word_1_609' title='bbox 2049 2281 2164 2312; x_wconf 87' lang='lat' dir='ltr'><strong><em>numeri</em></strong></span> 
     </span>
     <span class='ocr_line' id='line_1_64' title="bbox 1224 2328 2162 2368; baseline -0.004 -12"><span class='ocrx_word' id='word_1_610' title='bbox 1224 2329 1339 2366; x_wconf 76' lang='lat' dir='ltr'><strong><em>signum</em></strong></span> <span class='ocrx_word' id='word_1_611' title='bbox 1372 2329 1486 2366; x_wconf 80' lang='lat' dir='ltr'><strong><em>legatur</em></strong></span> <span class='ocrx_word' id='word_1_612' title='bbox 1508 2332 1575 2367; x_wconf 72' lang='lat' dir='ltr'><strong><em>p‘n&#39;</em></strong></span> <span class='ocrx_word' id='word_1_613' title='bbox 1592 2332 1615 2357; x_wconf 77' lang='lat' dir='ltr'>Ji</span> <span class='ocrx_word' id='word_1_614' title='bbox 1638 2328 1658 2356; x_wconf 80' lang='grc' dir='ltr'><strong><em>ι’.</em></strong></span> <span class='ocrx_word' id='word_1_615' title='bbox 1681 2339 1705 2358; x_wconf 84' lang='lat' dir='ltr'><strong><em>e.</em></strong></span> <span class='ocrx_word' id='word_1_616' title='bbox 1729 2338 1928 2368; x_wconf 80' lang='lat' dir='ltr'><strong><em>praenomen,</em></strong></span> <span class='ocrx_word' id='word_1_617' title='bbox 1959 2331 1989 2356; x_wconf 86' lang='lat' dir='ltr'><strong><em>et</em></strong></span> <span class='ocrx_word' id='word_1_618' title='bbox 2015 2335 2103 2364; x_wconf 74' lang='lat' dir='ltr'><strong><em>supra</em></strong></span> <span class='ocrx_word' id='word_1_619' title='bbox 2133 2333 2162 2353; x_wconf 84' lang='lat' dir='ltr'><strong><em>v.</em></strong></span> 
     </span>
     <span class='ocr_line' id='line_1_65' title="bbox 1225 2367 2161 2411; baseline -0.003 -13"><span class='ocrx_word' id='word_1_620' title='bbox 1225 2372 1336 2407; x_wconf 60' lang='lat' dir='ltr'><strong><em>roscio,</em></strong></span> <span class='ocrx_word' id='word_1_621' title='bbox 1361 2375 1418 2410; x_wconf 73' lang='lat' dir='ltr'><strong><em>cog·</em></strong></span> <span class='ocrx_word' id='word_1_622' title='bbox 1445 2371 1464 2400; x_wconf 88' lang='lat' dir='ltr'>i.</span> <span class='ocrx_word' id='word_1_623' title='bbox 1482 2381 1505 2400; x_wconf 88' lang='lat' dir='ltr'><strong><em>e.</em></strong></span> <span class='ocrx_word' id='word_1_624' title='bbox 1528 2382 1696 2411; x_wconf 83' lang='lat' dir='ltr'><strong><em>cognomen.</em></strong></span> <span class='ocrx_word' id='word_1_625' title='bbox 1739 2371 1791 2400; x_wconf 85' lang='lat' dir='ltr'><strong><em>Est</em></strong></span> <span class='ocrx_word' id='word_1_626' title='bbox 1811 2371 1896 2399; x_wconf 87' lang='lat' dir='ltr'><strong><em>locus</em></strong></span> <span class='ocrx_word' id='word_1_627' title='bbox 1918 2369 1977 2398; x_wconf 87' lang='lat' dir='ltr'><strong><em>Cic.</em></strong></span> <span class='ocrx_word' id='word_1_628' title='bbox 1994 2377 2050 2406; x_wconf 85' lang='lat' dir='ltr'><strong><em>pro</em></strong></span> <span class='ocrx_word' id='word_1_629' title='bbox 2076 2367 2161 2396; x_wconf 79' lang='lat' dir='ltr'><strong><em>Rosc-</em></strong></span> 
     </span>
    </p>
   </div>
  </div>
 </body>
</html>
