2263 2668
247 130 322 166 186
919 138 1150 174 EUTYCHII
1177 140 1490 179 GRAMMATICI

247 227 345 260 etiam
367 238 387 260 ο
412 227 548 261 brevem
575 227 690 270 habet,
715 229 809 273 quod
836 230 879 264 ad
906 233 1069 267 culturam
1097 236 1256 280 pertinet3
1290 249 1365 271 nam
1389 239 1551 284 percolo,
1585 239 1620 273 id
1648 244 1695 273 est
1721 239 1887 286 desuem,
1921 242 2014 286 quod
2046 244 2187 290 longam

245 289 265 311 ο
291 275 415 311 habet¹
453 280 580 322 primae
616 285 662 312 est
698 281 958 327 coniugafionis,
994 290 1026 319 et
1055 297 1075 319 a
1101 288 1251 329 nomine,
1286 289 1379 333 quod
1409 295 1456 323 est
1489 291 1622 334 colum,
1653 287 1896 336 compositum,
1929 294 2022 337 quod
2057 296 2187 341 signifi-

245 334 299 363 cat
318 330 565 363 instrumentum
590 331 763 374 rusticum,
791 334 879 368 unde
902 336 1062 381 Virgilius
1088 338 1277 383 pluraliter:

469 380 623 425 Colttque
658 385 885 427 praelorum,

241 432 274 464 in
299 432 354 464 lib.
381 432 407 465 Ι.
434 430 619 476 Geor-gic.³
646 434 736 468 dixit.
796 437 1017 482 Excipiuntur
1051 441 1218 482 similiter,
1255 442 1392 483 occulo,
1426 442 1484 483 lis,
1520 444 1676 486 consulo,
1711 445 1770 486 lis,
1809 455 1849 478 ex
1884 456 1952 488 quo
1979 446 2097 479 consul
2122 459 2185 480 no-

240 494 316 516 men
343 482 483 515 derivari
507 483 747 528 praediximu53
773 492 806 521 et
828 489 871 521 ad
893 490 1114 524 differentiam
1136 493 1242 533 verbi,
1270 493 1363 535 quod
1391 498 1439 525 est
1465 494 1592 538 primae
1619 495 1871 540 coniugationis,
1894 497 1991 540 volo,
2018 508 2076 539 as,
2106 509 2183 531 ver-

240 534 321 566 bum
344 535 551 576 anomalum,
578 537 672 579 volo,
699 538 766 580 vis,
793 541 925 581 tertiae3
959 547 991 574 et
1018 543 1060 575 ab
1088 554 1128 576 eo
1157 544 1343 587 composita
1369 545 1480 586 nude,
1515 547 1644 588 mavis,
1675 548 1770 589 nolo,
1797 559 1864 581 non
1890 544 1993 590 vis⁴‚
2021 554 2053 582 et
2079 550 2182 595 molo,

239 585 355 626 molis,
380 586 468 619 unde
494 587 652 620 Horatius
678 592 900 635 compositum
924 591 1027 626 dixit⁵
1044 594 1077 626 in
1103 595 1160 627 lib.
1187 595 1385 629 Sermonum
1411 596 1460 629 L:

467 648 533 670 mm
567 639 703 674 alienas

464 688 666 724 Permolere
692 704 826 727 uxores.

239 737 336 772 Licet
357 738 512 781 immolo,
539 741 714 786 innnolas,
740 745 868 789 primae
885 742 906 789 ὃ,
934 750 969 778 ut
998 746 1157 793 Virgilius
1172 745 1185 766 ⁷
1211 749 1266 783 lib.
1290 750 1346 782 X.:

464 812 515 816 —
544 792 750 840 lapsumque
780 801 984 842 superstans

464 842 631 878 Immolat
656 846 855 892 ingentique
881 849 1007 882 umbra
1033 850 1122 895 tegit
1137 847 1150 867 Β
1169 871 1227 885 ——.
2037 851 2178 899 [2179]

238 890 307 923 Sed
334 903 353 924 a
381 893 491 936 molo,
525 895 570 938 is,
597 898 700 930 verbo
726 899 911 943 primitivo,
944 900 1032 934 unde
1059 903 1281 946 compositum
1309 902 1489 947 permolo,
1522 902 1570 943 is,
1598 902 1820 947 permolere,
1856 912 1978 936 nomen
2011 903 2179 938 derivatur

236 942 349 984 mola,
375 948 410 976 ut
436 949 499 978 est:

455 996 544 1042 Ipsa
573 1000 703 1032 molam
729 1001 956 1047 manibusque
978 1003 1050 1047 piis
1068 999 1080 1019 ⁹
1109 1022 1153 1028 —

236 1043 394 1088 Virgilius
419 1047 490 1082 libr.
517 1050 575 1085 IV.
602 1051 648 1083 Et
676 1064 694 1084 a
720 1054 851 1086 nomine
878 1054 972 1087 mola
998 1055 1035 1087 fit
1061 1056 1198 1087 verbum
1233 1056 1361 1099 primae
1395 1055 1634 1101 coniugationis
1674 1055 1897 1099 compositum
1931 1055 1986 1089 vel
2020 1056 2177 1091 derivati-

235 1106 313 1128 vum
329 1092 352 1113 ¹⁰
378 1109 398 1129 a
424 1100 574 1144 nomine,
609 1114 739 1136 servans
767 1106 1053 1150 coniugationem,
1087 1111 1123 1138 ut
1156 1107 1309 1148 immolo,
1350 1108 1518 1140 immolas.
1571 1107 1781 1140 Consonante
1815 1118 2015 1150 quacunque
2042 1114 2177 1143 antece-

234 1145 334 1179 dente
361 1150 412 1181 vel
440 1151 567 1185 duabus
603 1153 616 1185 l
631 1150 664 1194 ¹¹,
692 1156 805 1189 tertiae
830 1158 936 1202 inagis
962 1158 1184 1199 inveniuntur,
1212 1169 1287 1191 cnm
1315 1160 1482 1202 primitiva
1508 1158 1579 1199 sint,
1607 1158 1858 1202 coniugationis,
1885 1163 1921 1191 ut
1944 1158 2047 1203 fallo,
2074 1160 2176 1202 vello,

234 1198 332 1239 tollo,
357 1203 516 1244 procelle
533 1201 566 1245 ¹²,
595 1206 741 1249 excello,
776 1208 868 1251 quod
895 1209 994 1242 etiam
1022 1210 1173 1242 excelleo
1201 1210 1323 1254 antiqui
1350 1210 1520 1252 dixerunt,
1536 1210 1656 1255 psallo
1683 1210 1852 1245 Graecum
1873 1211 2020 1256 psallis,
2047 1215 2083 1244 ut
2109 1211 2174 1246 Sa-

232 1248 346 1283 lustius
371 1251 403 1284 in
430 1253 618 1288 Catilinaria
636 1253 674 1289 ¹3:

459 1305 621 1340 Psallere
648 1312 680 1341 et
706 1310 842 1343 saltare
868 1311 1081 1356 elegantius,
1109 1323 1215 1357 quam
1241 1323 1379 1346 neeesse
1407 1316 1485 1347 erat
1504 1312 1654 1358 probae.

231 1351 388 1387 Horatius
412 1355 639 1401 Epistularum
665 1360 738 1395 libr.
766 1362 808 1394 l.:

455 1424 647 1460 Psallimus
672 1432 704 1461 et
729 1430 902 1463 saltamus
926 1430 1071 1464 Achivis
1098 1431 1232 1464 doctius
1257 1432 1368 1465 unctis
1382 1428 1416 1464 ¹⁴.

228 1488 346 1531 Pello,
368 1492 492 1535 pellis,
518 1494 553 1527 id
581 1500 628 1527 est
654 1497 778 1539 trudo,
812 1499 901 1532 unde
936 1501 1163 1544 componitur,
1198 1500 1358 1545 appello,
1394 1500 1554 1544 appellis.
1613 1500 1700 1532 Nam
1735 1499 1828 1542 quod
1863 1498 1907 1532 ad
1941 1498 2171 1533 salutationem

226 1541 385 1585 pertinet,
411 1544 490 1578 licet
515 1546 656 1590 simplex
682 1559 748 1580 non
774 1549 873 1583 facile
899 1551 1079 1595 invenitur,
1106 1557 1216 1585 tamen
1242 1553 1275 1584 in
1302 1552 1545 1596 compositione
1571 1550 1779 1584 differentiae
1805 1562 1915 1584 sensus
1942 1562 2072 1594 caussa,
2098 1551 2170 1596 pri—

315 1674 340 1712 1)
364 1677 455 1712 Quod
481 1679 604 1717 longum
635 1694 650 1709 o
681 1682 769 1710 habet
800 1682 873 1712 Cod.
904 1684 986 1722 qnod
1011 1696 1026 1713 ο
1054 1686 1177 1724 longam

230 1715 317 1742 hahet
341 1717 419 1747 Cain.
442 1720 471 1746 P.
496 1736 538 1741 —
561 1726 588 1756 Ξ)
612 1725 736 1752 Primae
763 1727 838 1753 coni.
860 1732 900 1753 eal
928 1728 1006 1755 Cam.
1028 1728 1058 1758 P.
1080 1745 1121 1750 —
1142 1729 1176 1765 3)

232 1757 267 1784 ln
284 1758 360 1785 libro
377 1760 399 1786 I.
422 1761 557 1799 Georgia
576 1764 617 1791 ila
636 1766 706 1793 Cod.
728 1767 764 1794 Itz
780 1767 802 1794 I.
825 1768 876 1796 lib.
902 1770 1068 1807 Georgicon
1098 1771 1176 1800 Cam.

233 1800 449 1838 Geotgicorum
479 1804 509 1832 P.
559 1805 611 1832 Est
631 1816 646 1834 e
668 1808 744 1835 libro
765 1811 894 1838 secundo
918 1822 946 1841 v.
977 1815 1048 1844 242.
1076 1830 1114 1833 —
1146 1812 1175 1851 4)

231 1842 300 1869 Non
321 1844 383 1880 ris,
415 1846 558 1883 excipitur
585 1853 610 1874 ει
634 1850 711 1876 molo
734 1850 812 1880 Cam.
838 1853 869 1880 P.
894 1854 950 1882 nisi
979 1854 1058 1892 quod
1082 1855 1113 1883 in
1143 1855 1175 1884 P.

230 1889 298 1922 post
318 1895 347 1915 v.
374 1897 431 1914 non
453 1889 501 1914 vis
524 1889 611 1926 plena
635 1891 788 1920 distinctio
814 1895 944 1931 ponitur.
967 1913 1009 1918 —
1035 1899 1062 1931 5)
1085 1898 1175 1925 Dixit

231 1926 366 1955 additum
384 1938 398 1956 e
419 1930 488 1958 Cod.
512 1941 568 1959 om.
593 1933 670 1961 Cam.
694 1934 724 1963 P.
753 1935 847 1963 Locus
873 1943 915 1965 est
948 1938 1050 1968 Horat.
1072 1940 1131 1970 Sat.
1150 1940 1175 1977 I,

230 1971 271 2005 2,
295 1970 344 2000 34.
368 1981 426 2008 seq.
456 1972 589 2002 Ceterum
619 1975 719 2003 Codex
742 1987 897 2006 numerum
919 1980 986 2008 libri
1004 1992 1059 2010 om.
1081 1999 1123 2003 —-
1145 1982 1175 2022 6)

229 2012 353 2039 Primae
368 2019 409 2040 esc
427 2017 651 2053 coniugatione&
669 2019 748 2048 Cam.
773 2019 804 2047 P.
830 2037 868 2041 ——-
890 2023 917 2055 7)
947 2024 1100 2061 Virgilius
1120 2025 1173 2056 lib,

230 2054 270 2081 X
295 2054 366 2084 Cod.
382 2056 423 2084 ln
443 2057 494 2086 lib.
512 2059 552 2086 λ’.
568 2059 644 2087 Cam.
662 2060 692 2090 P.
724 2077 766 2082 --
795 2064 821 2096 8)
846 2062 925 2100 Virg.
951 2065 1020 2093 Aen.
1042 2067 1084 2103 X,
1103 2067 1164 2099 540

228 2105 288 2133 seq.
305 2097 374 2126 Cod.
398 2105 583 2136 Supera-tant
604 2106 631 2129 et
653 2103 831 2141 immolant,
854 2105 904 2133 sed
920 2110 1077 2146 uirumque
1101 2119 1174 2138 cor-

230 2143 354 2169 rectum.
399 2157 439 2161 —-
482 2141 509 2180 9)
534 2142 612 2180 Virg.
642 2144 713 2172 Aen.
742 2146 798 2181 lv,
827 2147 896 2178 517.
932 2149 1004 2178 cod.
1024 2160 1038 2176 a
1064 2161 1108 2188 pr.
1132 2162 1170 2180 m.

228 2181 326 2218 ipsam
355 2183 467 2210 molam
489 2185 660 2224 mcmilncsq.
685 2188 833 2215 molebant
851 2191 917 2227 piis
946 2192 976 2218 in
1012 2193 1096 2230 Vir-g,
1120 2194 1171 2222 lib.

228 2222 298 2252 llll.
324 2224 375 2252 sed
397 2226 546 2254 molebant
569 2233 761 2266 expunctum.
789 2232 942 2269 Virgilius
965 2232 1041 2260 libro
1064 2242 1170 2271 quarto

229 2265 308 2295 Cam.
331 2282 372 2287 —
395 2266 438 2306 10)
467 2269 522 2296 Vel
535 2268 726 2299 derivativa
735 2283 764 2299 m
787 2284 806 2300 α
828 2276 956 2303 nomine.
976 2275 1018 2302 Ita
1039 2278 1169 2305 rectissi-

227 2317 274 2335 me
293 2308 362 2337 Cod.
383 2310 512 2338 Derima
521 2322 580 2339 ιιηι
601 2324 620 2340 α
645 2316 761 2342 nomine
782 2326 837 2344 om.
851 2317 898 2343 vel
923 2317 1001 2344 Cam.
1023 2318 1054 2346 P.
1076 2334 1115 2340 —
1129 2323 1171 2356 11)

234 2350 288 2377 Vel
304 2349 427 2379 duabu-9
445 2353 476 2379 ll
499 2354 567 2384 cod.
592 2356 637 2383 ιἐί
656 2357 892 2386 antecedentibus·
907 2358 1038 2387 duobus
1060 2360 1074 2386 l
1093 2361 1170 2391 Cam.

228 2392 309 2421 P.-
333 2397 375 2428 12)
398 2395 478 2423 Tollo
498 2398 578 2425 tollis
593 2399 724 2436 proc-ello
739 2400 815 2429 Cam.
836 2401 866 2429 P.
880 2402 977 2431 Codex
994 2413 1050 2431 om.
1071 2404 1170 2440 tollis,-

1219 1685 1296 1714 idcm
1318 1690 1415 1713 tamen
1432 1685 1582 1723 procelle,
1607 1685 1687 1722 quod
1709 1679 1831 1714 soi-*tasse
1850 1685 2007 1723 legendum
2024 1684 2166 1723 pervelle.

1219 1744 1260 1749 —
1284 1731 1325 1761 13)
1350 1729 1507 1755 Salustius
1529 1729 1561 1755 ιῖη
1587 1726 1790 1757 Catelinaria
1815 1728 1886 1758 Cod.
1915 1727 2106 1756 Sallustius
2134 1728 2168 1755 in

1223 1770 1419 1798 Catilium-[0
1451 1771 1529 1798 Cam.
1553 1770 1584 1798 P.
1615 1770 1673 1798 nisi
1701 1771 1782 1808 quod
1812 1771 1889 1800 Cam.
1917 1770 2003 1798 etiam
2033 1769 2167 1798 Salus-t.

1218 1813 1315 1840 Locus
1338 1818 1380 1841 cst
1403 1813 1460 1840 Sal.
1485 1813 1546 1840 Cat.
1575 1822 1599 1839 e.
1625 1814 1675 1844 25.
1701 1813 1745 1840 ed.
1771 1811 1907 1841 Gerlach.
1930 1812 1980 1840 ubi
2003 1812 2102 1840 editur
2123 1817 2166 1839 est

1213 1855 1337 1893 probae.
1382 1855 1415 1883 In
1439 1855 1508 1883 cod.
1530 1860 1609 1883 erat
1629 1854 1743 1892 probe.
1787 1871 1828 1878 --
1873 1852 1918 1895 14)
1941 1854 2041 1883 Horat.
2070 1853 2164 1893 Epist.

1218 1897 1261 1934 ΙΙ,
1286 1900 1319 1933 1,
1342 1899 1392 1929 33.
1422 1897 1478 1925 Ubi
1498 1897 1596 1926 editur
1617 1897 1771 1924 luctamur
1788 1907 1842 1935 pro
1863 1898 2032 1934 saltamus,
2057 1900 2085 1924 et
2108 1906 2164 1935 pro

1218 1939 1338 1967 doctius
1357 1941 1387 1967 in
1408 1940 1557 1978 plerisque
1577 1939 1663 1968 codd.
1683 1944 1726 1967 est
1747 1941 1866 1969 seirius.
1911 1939 2014 1968 Codex
2033 1942 2133 1967 noster·
2147 1949 2164 1967 a

1217 1992 1262 2020 pr.
1278 1992 1317 2010 111.
1337 1987 1483 2020 praestat:
1506 1982 1623 2010 achivis
1643 1981 1828 2010 dictionibus
1848 1983 1965 2018 unctis,
1991 1991 2058 2010 cum
2078 1981 2163 2010 varia

1217 2025 1344 2053 lectione
1366 2025 1413 2053 vel
1437 2025 1620 2053 correctione
1641 2035 1656 2052 a
1679 2034 1733 2052 ser.
1755 2035 1794 2053 m.
1815 2026 1916 2052 citizcs.
1960 2024 2049 2053 Haud
2073 2023 2163 2052 dubie

1217 2067 1312 2106 prima
1333 2077 1436 2095 manus
1460 2067 1591 2105 doctius,
1620 2067 1710 2095 altera
1741 2067 1847 2095 scissas
1879 2066 2004 2096 reddere
2032 2065 2161 2095 volebat.

1218 2110 1376 2137 Saltamus
1399 2110 1470 2138 Cod.
1493 2110 1571 2137 Cam.
1593 2109 1624 2139 P.
1645 2110 1754 2137 scmus
1780 2111 1858 2140 Cam.
1878 2110 1910 2138 P.
1954 2124 1996 2131 —
2040 2111 2083 2143 15)
2103 2110 2162 2138 Est

1216 2152 1298 2180 deest
1316 2152 1348 2180 in
1365 2152 1436 2181 Cod.
1462 2168 1503 2173 —
1526 2154 1571 2188 16)
1595 2152 1699 2188 Stillo,
1722 2163 1756 2179 scs
1773 2153 1840 2182 add.
1860 2162 1875 2180 e
1899 2151 1972 2180 Cod.
1993 2167 2035 2172 —
2057 2152 2100 2185 17)
2117 2151 2161 2179 Er

1214 2205 1269 2233 pro
1286 2200 1320 2222 ut
1340 2195 1372 2223 in
1390 2195 1467 2223 Cam.
1491 2198 1520 2222 et
1539 2194 1572 2223 P.
1594 2199 1619 2222 et
1641 2194 1671 2222 in
1696 2194 1769 2225 Cod.
1793 2195 1845 2223 sed
1866 2194 1901 2222 ab
1925 2193 2045 2231 antiqua
2069 2202 2160 2221 manu

1215 2247 1290 2265 corr.
1313 2243 1361 2274 ut,
1384 2236 1556 2267 rectissime.
1579 2252 1620 2258 —
1643 2239 1686 2271 18)
1712 2237 1804 2265 »stilla
1831 2237 1898 2266 add.
1917 2246 1933 2264 e
1954 2235 2025 2264 eod.
2047 2251 2090 2282 -ι
2107 2232 2157 2282 ,19)

1218 2279 1452 2317 Coniugalionis
1476 2279 1591 2308 addunt
1611 2279 1687 2307 Cam.
1708 2279 1739 2307 P.
1762 2297 1796 2300 —
1824 2282 1872 2315 20)
1892 2279 1984 2306 Dixit
2013 2276 2114 2306 addldr
2140 2285 2158 2304 e

1216 2321 1284 2351 cod.
1310 2323 1445 2351 Ceterum
1470 2321 1546 2350 idem
1573 2321 1643 2350 cod.
1672 2321 1773 2360 paullo
1806 2326 1873 2350 ante
1897 2320 2004 2359 pallor
2031 2323 2060 2347 et
2081 2317 2113 2346 h.
2133 2317 2155 2346 l.

1209 2364 1377 2400 pallantea.
1420 2365 1516 2393 Locus
1533 2369 1576 2393 est
1595 2364 1674 2402 Virg.
1691 2364 1761 2392 Aen.
1777 2363 1811 2401 V,
1835 2365 1904 2396 265.
1926 2377 1968 2385 —-
1989 2359 2034 2399 21)
2057 2361 2156 2388 Prae-

1214 2411 1241 2432 st
1252 2407 1325 2434 zelor
1350 2407 1422 2438 Cod.
1448 2408 1526 2437 Cam.
1548 2423 1591 2429 —-
1618 2405 1666 2447 22)
1688 2407 1808 2445 Epulor
1828 2412 1855 2435 et
1872 2403 2004 2443 populor
2025 2403 2056 2431 P.
2075 2402 2154 2431 Cam.
