2263 2668
161 694 401 751 PROBI
454 695 1095 753 INSTITUTIONUM
1150 692 1874 751 GRAMMATICARUM

562 825 867 869 LIBER
926 824 1470 868 SECUNDUS.

524 1020 614 1055 De
689 1019 1180 1055 Catholicis
1245 1016 1527 1053 Probi&

898 1088 1075 1122 SEGM.
1118 1088 1144 1120 Ι.

215 1213 247 1247 l.
353 1211 502 1248 uoniam²
527 1215 676 1249 instituta
691 1216 811 1251 artium
830 1217 1031 1252 sufficienter
1047 1215 1269 1257 tractavimus,
1295 1227 1382 1250 nunc
1400 1215 1444 1248 de
1467 1213 1639 1248 catholicis
1661 1212 1830 1245 nominum
1857 1209 1986 1257 [1439]

48 1264 293 1309 verborumque
308 1267 487 1299 rationibus
512 1267 703 1303 doceamus.
756 1269 904 1311 Quidam
921 1270 967 1303 sic
984 1280 1052 1301 esse
1069 1267 1239 1300 nominum
1263 1262 1522 1301 declinationes3
1547 1276 1685 1299 numero
1705 1264 1849 1308 quinque
1871 1261 1987 1294 volue-

47 1321 140 1358 runt,
173 1317 257 1351 sicut
290 1319 469 1351 verborum
496 1320 748 1364 coniugationes
775 1327 859 1361 tres,
893 1326 926 1354 et
952 1316 1105 1354 omnem‘¹
1141 1319 1399 1352 declinationem
1425 1329 1465 1352 ex
1491 1318 1639 1362 genitivo
1667 1327 1743 1350 casu
1769 1313 1897 1348 numeri
1921 1313 1988 1345 sin-

48 1368 174 1413 gularis
206 1380 304 1414 posse
340 1371 510 1415 cognosci.
569 1371 614 1404 Et
646 1372 776 1416 primae
808 1372 945 1416 quidem
981 1371 1209 1405 declinationis
1244 1371 1426 1415 genitivum
1458 1369 1660 1414 singularem
1694 1378 1739 1401 ae
1770 1365 1988 1411 diphthongo

48 1420 240 1462 terminant,
274 1422 406 1466 generis
441 1422 613 1456 masculini
648 1428 681 1456 et
713 1424 878 1465 feminini,
913 1429 950 1457 ut
982 1423 1040 1457 hic
1066 1427 1167 1468 poeta
1193 1422 1291 1456 huius
1317 1427 1459 1467 poetae,
1497 1420 1584 1455 haec
1609 1420 1709 1453 Musa
1734 1418 1832 1452 huius
1857 1417 1987 1449 Musae.

47 1471 133 1505 Nam
159 1473 268 1516 prima
299 1473 477 1506 declinatio
512 1479 665 1507 neutrum
692 1486 814 1508 nomen
841 1487 907 1508 non
940 1474 1063 1515 habet,
1098 1474 1135 1507 id
1168 1479 1233 1515 est,
1268 1485 1312 1507 ae
1346 1472 1564 1518 diphthongo
1599 1471 1760 1517 genitivus
1793 1462 1988 1514 singularis⁵

47 1524 239 1557 terminatus
265 1525 397 1569 generis
429 1526 536 1558 neutri
569 1537 635 1559 non
670 1526 850 1564 invenitur:
885 1528 1031 1571 exceptis
1058 1526 1257 1569 quibusdam
1284 1526 1415 1571 generis
1450 1524 1572 1564 omnis,
1607 1523 1664 1556 hic
1690 1526 1722 1555 et
1748 1521 1838 1554 haec
1864 1525 1897 1553 et
1923 1519 1989 1552 hoc

47 1585 177 1615 verna,-
202 1575 259 1608 hic
283 1582 316 1609 et
336 1576 427 1609 haec
447 1582 480 1610 et
503 1577 569 1610 hoc
589 1575 760 1611 advenafl.
788 1579 936 1612 Dicimus
961 1579 1047 1611 enim
1069 1589 1180 1611 verna
1194 1588 1295 1622 puer,
1319 1587 1428 1610 verna
1439 1576 1575 1620 puella,
1597 1585 1707 1607 verna
1727 1584 1830 1606 man-
1857 1568 1987 1617 [1440]

48 1626 188 1670 cipiunt..
234 1626 376 1661 Lectum
404 1633 452 1661 est
478 1634 511 1661 et
541 1640 642 1662 unum
669 1629 735 1664 hac
762 1630 984 1664 declinatione
1011 1641 1132 1662 nomen
1158 1629 1289 1673 generis
1314 1628 1419 1660 neutri
1446 1626 1536 1670 apud
1564 1625 1773 1658 Sallustium:
1824 1623 1874 1656 Et
1900 1622 1989 1655 dex-

47 1680 141 1710 trum
164 1677 295 1722 flumen
326 1677 506 1718 Thuria⁷3
531 1680 629 1714 huius
656 1681 817 1716 Thuriae.
870 1683 956 1715 Nam
984 1692 1002 1714 e
1028 1681 1116 1721 sola,
1142 1680 1209 1712 sive
1236 1683 1407 1723 correpta,
1433 1678 1500 1711 sive
1526 1677 1712 1721 producta,
1738 1675 1858 1709 nullius
1883 1684 1987 1718 gene-

47 1728 90 1761 ris
116 1740 210 1763 casus
236 1731 400 1775 genitivus
427 1732 590 1776 reperitur
616 1733 823 1775 terminatus,
851 1734 909 1766 nisi
936 1729 1107 1776 antique⁸‚
1135 1736 1170 1763 ut
1196 1730 1371 1775 Virgilius:

275 1782 387 1815 Libra
414 1783 473 1816 die
498 1784 675 1829 somnique
694 1796 808 1829 pares
833 1785 893 1818 ubi
909 1784 1044 1831 fecerit
1069 1777 1213 1816 horas⁹.

47 1831 94 1865 Et
118 1832 306 1866 Sallustius:
358 1834 544 1868 Dubitavit
570 1837 648 1869 acie
669 1833 801 1881 pars¹⁰.
1962 1875 1969 1883 ⁸

210 1884 244 1917 2.
295 1885 473 1919 Secundae
499 1887 729 1921 declinationis
755 1888 918 1932 genitivus
945 1884 1118 1930 singularis
1144 1883 1156 1915 i
1179 1882 1287 1914 littera
1312 1880 1506 1914 terminatur
1531 1880 1564 1913 in
1591 1880 1682 1913 omni
1708 1889 1844 1924 genere,
1871 1880 1908 1911 ut
1933 1875 1990 1909 luc

48 1932 218 1976 Plautus,
244 1935 347 1970 huius
372 1937 514 1976 Pluuti3
541 1939 631 1972 haec
646 1938 839 1985 fraxinus,
867 1939 969 1971 huius
984 1934 1150 1982 flumini,-
1177 1934 1243 1966 hoc
1273 1933 1417 1976 bellam,
1444 1932 1547 1966 huius
1574 1931 1665 1965 belli.

136 2017 164 2055 1)
188 2017 246 2046 DE
271 2017 542 2051 CATHOLJCIS
562 2021 705 2053 PROBJ.
748 2022 790 2050 Ita
808 2021 857 2049 hic
875 2021 951 2049 liber
966 2020 999 2047 in
1042 2018 1072 2058 4)
1099 2016 1218 2047 omnem
1243 2015 1318 2047 decl.
1368 2017 1411 2045 na
1437 2016 1508 2045 cod.
1542 2017 1671 2046 omnium
1696 2013 1770 2044 dect.
1794 2013 1861 2043 Asc.
1891 2012 1923 2041 P.
1948 2026 1990 2033 -

50 2059 159 2088 Codice
173 2060 334 2099 inscriptus
352 2068 404 2091 est.
437 2064 556 2093 Ascens.
574 2065 642 2093 finit
655 2065 808 2103 superiora
822 2063 867 2091 his
885 2062 998 2091 ve1bis:
1043 2061 1072 2100 5)
1097 2061 1184 2091 Cod.:
1208 2061 1281 2099 sing.
1299 2059 1379 2099 (sic)
1401 2059 1541 2098 genitivi3
1571 2059 1654 2089 male.
1679 2075 1714 2079 —-
1761 2056 1789 2096 6)
1814 2056 1897 2092 Quae
1918 2053 1948 2082 h.
1968 2054 1989 2082 l.

48 2101 132 2131 Finis
152 2102 272 2131 Artium
299 2103 408 2140 Probi;
432 2111 460 2134 et
483 2108 633 2145 sequentia
657 2108 697 2134 ila
724 2107 812 2134 habet
840 2105 1000 2143 inscripta:
1043 2103 1123 2143 apud
1138 2104 1169 2132 P.
1188 2107 1217 2130 et
1233 2102 1300 2131 Asc.
1321 2106 1505 2140 sequuntur:
1528 2101 1613 2130 huius
1626 2111 1729 2130 vernae
1746 2107 1772 2128 et
1792 2098 1877 2127 huius
1894 2095 1991 2143 adue:

48 2143 191 2174 PROBI
215 2143 515 2177 GRAMMATICI
536 2147 807 2179 CATHOLICA.
859 2147 947 2185 Apud
970 2148 1000 2176 P.
1043 2157 1113 2182 nae,
1130 2155 1190 2173 non
1207 2145 1345 2183 leguntur
1359 2145 1390 2172 in
1409 2144 1481 2174 Cod.
1497 2148 1524 2172 et
1540 2145 1607 2173 Asc.
1621 2160 1663 2166 —
1705 2142 1734 2181 7)
1756 2142 1837 2170 Idem
1857 2140 1990 2185 Sallustii

49 2192 107 2215 est:
132 2185 180 2215 M.
200 2185 317 2214 Valerii
330 2186 420 2217 Probi
437 2188 704 2220 Grammaticorum
720 2190 933 2218 institutionum
947 2189 1000 2218 Li·
1041 2188 1125 2217 locus
1144 2188 1254 2217 citatur
1275 2198 1291 2215 a
1312 2187 1402 2216 Prisc.
1419 2187 1459 2222 V,
1482 2190 1512 2223 2,
1529 2189 1557 2218 6.
1578 2191 1606 2214 et
1623 2186 1672 2224 VI,
1693 2187 1728 2222 3,
1749 2188 1798 2216 12.
1818 2188 1847 2212 et
1870 2193 1886 2210 a
1901 2180 1988 2210 Vib1o

49 2228 99 2258 ber
114 2227 155 2257 ΙΙ.
172 2229 223 2269 qui
239 2236 279 2257 est
295 2227 330 2257 dc
348 2228 506 2260 Catholicis
521 2234 668 2262 nominum
685 2239 710 2259 et
727 2231 895 2268 vet-horum5
920 2242 996 2270 quo-
1039 2232 1195 2269 Sequestre
1210 2240 1238 2258 v.
1258 2230 1360 2258 Turia.
1402 2229 1491 2268 Apud
1508 2229 1596 2258 Prisc.
1609 2233 1707 2257 tamen
1723 2228 1831 2265 legitur
1849 2225 1941 2270 Turia
1949 2233 1988 2251 m.

48 2281 115 2301 rum
142 2271 275 2299 omnium
304 2270 379 2299 Uihil
401 2272 431 2300 in
456 2274 526 2303 Cod.
549 2292 591 2298 —
641 2276 670 2310 2)
696 2272 841 2310 Quoniam
864 2274 996 2303 instituta
1038 2289 1078 2295 ·—
1101 2273 1131 2311 8)
1150 2273 1220 2301 Cod.
1237 2273 1391 2312 antiquae,
1417 2276 1449 2300 ut
1464 2272 1566 2311 paullo
1584 2276 1651 2310 post
1666 2271 1757 2300 aciae.
1777 2286 1815 2291 —-
1859 2266 1888 2305 9)
1907 2266 1986 2301 Virg-

49 2315 166 2344 artium.
211 2313 259 2341 Sic
276 2318 355 2342 recte
371 2318 399 2342 et
413 2325 450 2343 ex
464 2318 563 2355 regula
583 2316 726 2354 scriplum
743 2315 775 2343 in
792 2315 864 2345 Cod.
884 2321 912 2345 et
929 2317 995 2345 Asc.
1039 2316 1146 2354 Georg.
1163 2316 1184 2352 Ι,
1201 2317 1272 2347 208.
1284 2331 1326 2336 —
1359 2314 1405 2352 10)
1423 2315 1518 2343 Locus
1532 2314 1664 2342 Sallustii
1677 2313 1785 2350 legitur
1800 2309 1886 2339 etiam
1907 2305 1985 2346 apud

49 2366 67 2385 a
82 2366 140 2395 quo
154 2355 261 2384 ordine
281 2365 335 2384 cur
349 2358 502 2387 recesserit
518 2361 548 2388 P.
567 2369 626 2387 non
647 2357 790 2396 intelligo.
812 2374 854 2380 —
896 2358 926 2396 3)
945 2358 996 2388 Sic
1038 2360 1122 2388 Serv.
1139 2358 1177 2387 ad
1191 2359 1295 2396 Georg.
1309 2357 1332 2394 I,
1347 2358 1418 2389 208.
1434 2361 1462 2386 et
1478 2356 1558 2397 apud
1574 2357 1664 2386 Prisc.
1682 2355 1746 2392 VH,
1766 2356 1813 2386 19.
1830 2367 1868 2373 -

49 2410 108 2428 esse
136 2399 285 2428 nominum
320 2396 396 2429 decl.
446 2400 590 2431 Ordinem
611 2411 627 2431 e
651 2400 759 2430 Codice
781 2400 932 2440 adoptavi.
953 2418 996 2423 —
