2263 2668
511 142 575 176 DE
602 137 993 176 SIGNIFICATIONE
1022 139 1305 176 VERBORUM.
1365 141 1511 176 LIBER
1537 139 1627 174 XIV.
1967 140 2043 175 613

90 236 132 274 εἷς
153 232 285 275 πόλεμον
309 232 549 275 συγκαλέσονται.
595 235 687 264 Porro
717 235 759 264 ita
788 233 908 263 videtur
934 232 1089 272 scripsisse
1109 234 1229 264 Festus:
1267 234 1455 265 Procinctam
1485 233 1607 264 classem
1629 231 1761 262 Flamini
1782 230 1884 269 Diali,
1923 232 1980 264 boc
2000 242 2042 264 est

90 278 199 309 milites
221 277 262 307 ad
282 276 424 319 proelium
448 278 607 308 instructos
629 285 655 307 et
675 285 798 318 paratos
819 275 916 306 videre
937 286 995 304 non
1017 275 1094 306 licet.
1131 278 1262 318 Antiqui
1283 279 1357 307 enim
1377 279 1562 317 procinctum
1586 275 1744 313 dixerunt,
1768 282 1798 304 ut
1820 286 1897 305 nunc
1919 287 2042 317 quoque,

91 334 158 352 cum
186 322 332 350 exercitus
360 321 518 349 instructus
546 327 596 349 est.
641 319 800 349 Procincta
827 326 922 348 autem
951 319 1016 347 acie
1042 318 1084 347 ad
1108 332 1239 360 pugnam
1261 321 1303 349 ire
1325 320 1407 350 soliti
1428 327 1526 356 erant,
1562 317 1639 348 uncle
1661 317 1799 348 dicuntur
1818 324 1989 347 testamenta
2011 320 2042 348 in

89 365 246 405 procinctu
258 364 347 403 fieri,
373 373 448 403 quae
469 363 613 392 instructa
634 364 698 392 acie
719 360 977 402 nuncupabantur,
1001 362 1063 399 vel,
1086 374 1162 403 quae
1182 362 1223 392 acl
1243 375 1372 403 pugnam
1396 364 1466 392 ituri
1487 360 1706 402 nuncupabant.
1730 358 1832 390 Scal.
1865 360 1938 390 Vide
1957 359 2043 391 Clas-

91 408 132 436 sis
154 411 183 436 et
206 405 242 435 In
262 407 426 445 procinctu.
449 405 538 436 Dac.
583 406 685 434 Potius
708 403 794 434 Endo
814 404 977 443 procinctu.

258 447 546 477 Prosemurium.
589 449 683 478 Tacit.
706 448 758 476 lib.
771 447 838 476 ΧΠ.
862 448 924 484 (23.
948 446 1027 485 24.);
1058 445 1222 476 Pomerium
1245 447 1325 477 urbis
1348 449 1436 478 auxit
1462 446 1570 478 Caesar
1592 443 1643 486 (de
1665 445 1729 476 Tib.
1755 445 1879 475 Claudio
1901 446 2045 485 intelligi-

92 489 157 532 tur)
182 502 261 520 more
279 492 393 531 prisco,
431 501 488 531 quo
510 491 562 527 iis,
600 491 652 532 qui
677 489 823 531 protulere
850 490 1019 528 imperium,
1054 490 1140 518 etiam
1166 492 1303 520 terminos
1325 491 1406 520 urbis
1425 500 1591 531 propagare
1613 488 1709 518 datur.
1752 486 1815 517 Nec
1837 496 1934 518 tamen
1957 487 2046 519 duces

91 533 240 570 Romani,
277 543 455 574 quamquam
485 534 600 573 magnis
629 532 798 562 nationibus
825 530 955 561 subactis
981 540 1208 571 usurpaverant,
1245 534 1303 563 nisi
1324 533 1361 562 L.
1384 532 1468 574 Sylla
1490 540 1516 561 et
1539 532 1632 561 Divus
1653 530 1816 570 Augustus.
1860 532 1899 561 Et
1926 536 2046 571 postea:

96 574 184 615 Quod
203 577 383 615 pomoerium
406 574 554 604 Romulus
573 577 720 616 posuerit,
757 585 873 604 noscere
900 572 979 604 haud
1006 573 1167 604 absurdum
1196 587 1268 605 reor.
1312 576 1408 605 Huius
1437 576 1478 604 rei
1508 579 1590 604 extat
1612 573 1753 603 memoria
1777 573 1887 603 Romae
1909 573 1941 602 in
1964 585 2046 603 mar-

91 629 195 647 moreo
219 619 319 657 cippo.
358 617 524 647 Pomerium
547 624 645 647 autem
667 619 699 647 in
723 628 756 646 eo
780 617 924 656 scriptum
947 621 1007 654 est,
1032 627 1091 645 non
1113 619 1311 656 pomoerium,
1335 628 1426 657 neque
1446 619 1635 657 pomaerium.
1668 616 1734 645 Vid.
1757 615 1852 645 Varro
1873 616 1985 646 l1b.1V.
2009 616 2046 645 de

90 661 175 699 Ling.
198 661 260 689 Lat.
284 666 313 690 et
336 661 410 691 Gell.
433 660 484 689 lib.
498 661 577 690 Xlll.
601 671 666 700 cap.
681 662 730 692 14.
777 661 821 689 Ex
850 659 895 689 his
918 659 995 689 Festi
1023 660 1116 688 verba
1144 660 1312 699 intelligere
1335 666 1364 690 et
1387 661 1495 690 sarcire
1521 661 1631 699 poteris
1654 659 1753 698 aliqua
1776 669 1814 688 ex
1835 663 1931 698 parte.
1959 658 2046 688 Ant.

92 703 187 742 Aug.
228 703 321 732 Infra:
347 703 560 732 Prosimurium
584 715 644 732 esse
665 704 707 732 ait
729 703 881 733 Antistius
902 702 931 730 in
957 701 1173 732 Commentario
1195 704 1268 732 iuris
1291 701 1475 742 Pontificalis
1495 702 1694 743 pomoerium,
1716 699 1749 729 id
1770 709 1812 731 est
1830 708 1897 741 post
1920 712 2045 738 murum,

92 754 124 775 ut
146 747 189 774 ait
214 744 295 776 Cato.
342 744 422 775 Olim
445 744 561 786 quidem
584 757 668 775 omne
687 753 754 785 post
777 756 890 774 murum
913 745 1064 781 intimum,
1097 756 1174 774 nunc
1197 746 1283 774 etiam
1307 747 1385 774 intra
1407 744 1544 784 aedificia
1564 745 1742 785 pomerium,
1765 744 1851 784 quasi
1869 743 2047 783 promeritam

91 787 165 819 solet
188 788 257 820 dici.
295 789 419 827 Reliqua
443 799 478 817 ne
502 789 615 828 Sibylla
640 789 761 827 quidem
786 788 972 817 divinaverit.
1010 788 1100 823 Quod
1123 788 1163 816 ait
1188 789 1296 817 Paulus
1319 789 1355 817 de
1377 788 1542 817 pontificali
1566 787 1733 826 pomoeriO,
1755 786 1786 814 id
1808 786 1994 815 tractabatur
2015 786 2048 814 in

91 832 188 868 linea,
214 841 289 871 quae
311 836 356 860 est
378 831 483 860 harum
506 832 700 870 reliquiarum
724 832 837 860 decima
860 832 991 869 septima.
1015 828 1117 860 Scal.
1157 831 1378 868 Promoefium,
1405 831 1618 870 pros-murium,
1646 829 1863 870 prosimurium.
1902 829 1945 857 lta
1969 829 2048 857 enim

92 875 196 903 literas
218 886 232 903 s
255 879 285 904 et
309 875 320 903 i
342 874 495 903 addebant
517 875 685 913 aliquando.
730 874 787 902 Sed
815 874 934 902 omnino
958 873 1143 913 pomoerium
1166 879 1211 902 est
1233 886 1247 902 a
1268 881 1334 915 post
1358 878 1387 902 et
1410 884 1537 909 moerus,
1575 877 1609 901 ut
1632 883 1647 901 a
1668 878 1735 912 post
1758 876 1787 900 et
1810 869 1930 900 meridie
1947 882 2049 910 pome-

93 915 243 954 ridianus,
267 922 296 946 et
317 916 358 946 ita
380 916 485 946 Festus
508 917 538 945 in
562 917 629 945 fine.
668 917 763 946 Varro
786 916 898 945 lib.IV.
921 916 968 956 (V.
992 926 1056 955 pag.
1072 917 1141 948 145.
1166 915 1246 955 Sp.):
1270 916 1376 946 Postea
1400 914 1481 956 quod
1491 914 1588 955 fiebat
1611 914 1706 952 orbis,
1729 913 1806 943 urbs.
1850 912 2044 953 Principium,

92 958 175 1000 quod
196 966 257 988 erat
277 967 345 1000 post
365 970 479 988 murum
500 960 663 1000 pomerium
686 958 812 995 dictum,
846 960 962 1000 eiusque
984 957 1097 987 ambitu
1119 959 1255 999 auspicia
1276 958 1390 987 urbana
1404 959 1555 998 finiuntur
1583 956 1698 997 (Hodie
1721 956 1761 985 ita
1784 957 1907 995 legitur:
1941 955 2049 985 Postea

93 1002 145 1042 qui
157 1001 257 1042 fiebat
280 1001 375 1038 orbis,
415 1001 502 1031 Urbis
523 1003 722 1043 principium‚·
759 1003 810 1042 qui
831 1001 910 1041 quod
935 1009 996 1030 erat
1016 1008 1083 1042 post
1106 1013 1220 1030 murum
1243 1000 1453 1031 Postmoerium
1477 999 1587 1029 dictum
1611 999 1689 1036 cet).
1733 1000 1844 1028 Verum
1875 998 1944 1037 quia
1969 998 2050 1027 inter

92 1045 175 1073 viros
198 1044 332 1073 eruditos
355 1055 459 1083 magna
481 1045 552 1073 olim
576 1045 711 1083 quaestio
735 1045 792 1073 suit
814 1050 842 1072 et
865 1044 966 1073 adhuc
996 1044 1132 1082 quotidie
1161 1049 1221 1081 est,
1257 1045 1375 1073 intrane
1405 1043 1453 1072 vel
1484 1048 1567 1071 extra
1598 1042 1716 1078 urbem,
1752 1053 1788 1070 an
1820 1041 1907 1070 etiam
1935 1040 2050 1080 ubique

92 1088 262 1126 pomerium
286 1087 393 1123 fuerit,
423 1087 459 1116 de
482 1098 516 1116 eo
540 1088 613 1116 mihi
636 1088 738 1126 paucis
762 1087 909 1125 agendum
933 1087 1109 1116 existimavi.
1153 1087 1232 1115 Intra
1256 1087 1360 1115 urbem
1385 1086 1551 1125 pomerium
1575 1086 1665 1114 fuisse
1687 1084 1736 1113 hic
1759 1089 1858 1124 aperte
1881 1084 1975 1113 tradit
1997 1083 2050 1112 Fe-

93 1135 175 1167 stuS,
210 1130 289 1158 idem
313 1135 343 1159 et
365 1129 459 1159 Varro
483 1131 551 1159 loco
573 1141 663 1169 supra
686 1130 814 1158 laudato.
860 1130 969 1159 Pollux
997 1129 1083 1158 etiam
1113 1129 1165 1160 lib.
1179 1130 1230 1158 IX.
1254 1130 1294 1158 ait
1324 1129 1429 1158 urbem
1452 1128 1590 1166 ingressis
1613 1138 1700 1157 omne
1722 1127 1798 1156 illud
1820 1127 1950 1166 spatium
1971 1126 2050 1154 intra

93 1182 213 1210 muros,
238 1173 316 1201 intra
339 1173 455 1201 moenia
478 1174 665 1212 pomoerium
691 1172 814 1201 dictum.
846 1173 924 1202 Idem
948 1172 1127 1201 Plutarchus
1150 1172 1180 1201 in
1205 1172 1348 1209 Romulo,
1369 1171 1447 1200 idem
1471 1176 1501 1200 et
1523 1172 1637 1200 Gellius
1659 1170 1709 1201 lib.
1723 1170 1803 1199 XIII.
1827 1180 1892 1208 cap.
1907 1169 1974 1206 14„
1998 1169 2050 1207 qui

93 1226 130 1244 ex
154 1225 300 1254 augurum
322 1215 408 1244 libris
431 1216 509 1244 Festi
534 1216 623 1244 verba
647 1216 708 1244 sere
732 1217 828 1244 omnia
853 1215 891 1244 ad
914 1216 1038 1244 verbum
1062 1215 1194 1244 adducit.
1225 1215 1282 1243 Sed
1306 1219 1408 1254 aperte
1432 1214 1569 1243 dissentit
1583 1215 1684 1243 Livius
1703 1213 1753 1242 lib.
1767 1213 1788 1242 l.
1803 1217 1873 1241 sect.
1886 1212 1954 1244 44.:
1978 1209 2052 1239 Inde

94 1257 243 1298 deinceps,
267 1258 380 1296 inquit,
404 1266 489 1297 auget
512 1257 661 1298 Esquilias
684 1259 758 1295 (Ser.
781 1258 926 1295 Tullius):
958 1257 1061 1298 Ibique
1082 1259 1158 1298 ipse,
1189 1265 1220 1286 ut
1244 1257 1311 1287 loco
1335 1256 1465 1297 dignitas
1477 1258 1580 1296 fieret,
1605 1255 1731 1286 habitat.
1775 1255 1892 1295 Aggere
1914 1261 1939 1282 et
1958 1252 2052 1295 fossis

93 1308 120 1329 et
142 1312 226 1330 muro
249 1299 415 1330 circumdat
439 1300 555 1337 urbem,
589 1302 632 1328 ita
654 1301 815 1340 pomerium
837 1300 962 1341 profert.
1007 1300 1192 1330 Pomoerium
1215 1300 1295 1329 verbi
1317 1301 1374 1329 vim
1399 1299 1493 1328 solam
1517 1300 1657 1328 intuentes
1677 1298 1882 1338 postmoerium
1905 1297 2052 1336 interpre-

93 1350 195 1372 tantur
215 1354 281 1373 esse.
325 1341 378 1371 Est
405 1349 501 1371 autem
532 1344 627 1382 magis
649 1344 729 1372 circa
753 1354 868 1372 murum
893 1342 990 1380 locus,
1027 1355 1111 1383 quem
1134 1344 1164 1372 in
1188 1342 1349 1373 condendis
1372 1342 1492 1371 urbibus
1514 1340 1663 1382 quondam
1688 1339 1820 1377 Etrusci,
1855 1350 1915 1380 qua
1937 1349 2052 1368 murum

96 1384 216 1414 ducturi
238 1391 334 1422 erant,
364 1385 451 1414 certis
473 1386 553 1415 circa
578 1386 726 1422 terminis,
764 1386 941 1425 inaugurato
963 1385 1192 1423 consecrabant,
1221 1393 1252 1414 ut
1276 1397 1365 1426 neque
1387 1386 1522 1414 interiore
1541 1392 1624 1424 parte
1645 1382 1782 1423 aedificia
1803 1380 1954 1411 moenibus
1976 1391 2053 1410 con-

92 1428 291 1464 tinuarentur,
316 1438 391 1467 quae
412 1438 489 1457 nnnc
511 1426 598 1467 vulgo
621 1428 708 1456 etiam
733 1429 929 1468 coniungunt,
953 1436 979 1457 et
1002 1429 1184 1458 extrinsecus
1203 1429 1272 1468 puri
1293 1427 1410 1468 aliquid
1431 1426 1468 1456 ab
1492 1426 1619 1456 humano
1643 1425 1722 1455 cultu
1743 1431 1854 1466 pateret
1875 1422 1942 1453 soli.
1983 1421 2054 1452 Hoc

91 1470 237 1510 spatium,
273 1468 354 1511 quod
376 1481 466 1510 neque
488 1469 634 1507 habitari,
672 1482 762 1511 neque
784 1471 867 1499 arari
885 1469 940 1511 fas
962 1478 1040 1505 erat,
1077 1483 1136 1500 non
1159 1472 1254 1511 magis
1277 1469 1357 1511 quod
1376 1477 1444 1510 post
1467 1481 1580 1498 murum
1604 1476 1689 1506 esset,
1725 1479 1813 1509 quam
1837 1464 1917 1507 quod
1939 1475 2053 1495 murum

90 1519 158 1552 post
180 1510 228 1550 id,
250 1511 412 1552 pomerium
437 1511 570 1541 Romani
592 1511 796 1552 appellarunt,
822 1520 847 1541 et
869 1514 899 1541 in
923 1513 1003 1542 urbis
1025 1514 1200 1543 incremento
1223 1525 1349 1553 semper,
1374 1520 1515 1553 quantum
1539 1513 1652 1542 moenia
1673 1521 1846 1550 processura
1867 1516 1965 1544 erant,
1988 1514 2052 1536 tan-

91 1562 152 1583 tum
174 1556 291 1584 termini
312 1554 343 1583 hi
372 1555 537 1584 consecrati
562 1554 796 1595 proferebantur.
837 1555 917 1583 Haec
941 1556 1052 1584 Livius.
1093 1556 1178 1591 Quae
1201 1559 1300 1584 onmia
1322 1556 1409 1584 facile
1431 1555 1571 1594 perculsa
1594 1560 1699 1591 ruent,
1730 1554 1754 1581 si
1778 1552 1854 1581 Festi
1877 1556 1905 1580 et
1928 1551 2054 1579 aliorum

91 1597 224 1626 eiusdem
248 1598 377 1637 partium
401 1597 531 1625 rationes
553 1597 743 1625 enucleemus
767 1603 796 1626 et
818 1598 1048 1637 perpendamus.
1093 1598 1224 1626 Primum
1248 1598 1367 1636 quidem
1391 1608 1426 1626 ex
1450 1598 1554 1635 Festo,
1593 1598 1727 1626 Varrone
1750 1600 1778 1624 et
1801 1604 1947 1633 augurum
1969 1592 2054 1621 libris

91 1640 261 1669 Pomerium
283 1645 327 1668 est
349 1639 433 1667 locus
456 1640 533 1668 intra
557 1649 659 1678 agrum
683 1639 819 1676 effatum,
855 1650 909 1679 per
939 1640 1029 1669 totius
1055 1640 1137 1668 urbis
1161 1641 1318 1669 circuitum
1342 1650 1419 1680 pone
1442 1651 1545 1669 muros
1568 1639 1739 1679 regionibus
1762 1637 1853 1667 certis
1877 1635 2052 1665 determina-

92 1687 158 1719 tus,
190 1682 243 1721 qui
265 1682 338 1711 facit
361 1681 447 1710 linem
471 1682 577 1710 urbani
601 1682 736 1721 auspicii.
782 1684 891 1720 Agrum
915 1683 1034 1711 effatum
1057 1683 1133 1711 intra
1157 1684 1273 1712 moenia
1298 1683 1389 1711 fuisse
1411 1688 1516 1711 notum
1541 1687 1601 1719 est,
1632 1687 1662 1711 at
1683 1682 1759 1710 intra
1783 1690 1850 1709 eum
1872 1679 1930 1708 suit
1952 1685 2051 1717 pome-

91 1725 189 1760 rium,
212 1725 272 1753 imo
295 1724 380 1753 etiam
404 1729 433 1753 et
456 1725 621 1764 pomerium
644 1725 732 1753 finem
755 1725 861 1753 urbani
886 1726 1010 1764 auspicii
1036 1725 1171 1755 faciebat.
1207 1726 1257 1754 Ait
1277 1726 1381 1754 Festus
1405 1735 1440 1753 ex
1465 1726 1576 1754 Catone
1600 1726 1739 1763 antiquos
1763 1728 1846 1752 extra
1871 1720 2051 1750 Aventinum

93 1767 245 1806 auspicari
267 1767 371 1796 solitos
394 1767 504 1804 fuisse,
536 1773 640 1807 postea
663 1767 740 1796 intra
764 1768 906 1797 aedificia.
949 1769 1040 1797 Extra
1066 1769 1244 1797 Aventinum
1268 1768 1502 1807 auspicabantur
1525 1772 1592 1796 ante
1616 1768 1738 1796 Romam
1762 1766 1878 1795 scilicet
1900 1762 2050 1793 conditam

93 1814 123 1839 et
143 1809 309 1849 pomerium
333 1814 557 1845 consecratum,
579 1810 708 1840 effatum.
753 1811 812 1840 Sed
835 1816 939 1850 postea
960 1816 1135 1840 consecrato
1159 1812 1309 1851 pomerio,
1338 1811 1419 1840 intra
1442 1810 1591 1847 aedificia,
1622 1810 1654 1838 id
1678 1814 1721 1839 est
1744 1809 1822 1837 intra
1845 1807 1964 1840 urbem,
1993 1814 2050 1843 po·-

92 1853 229 1882 merium.
271 1853 368 1891 Atque
391 1853 430 1881 ita
455 1853 575 1882 Catonis
596 1853 695 1881 locum
718 1853 945 1891 intelligendum
968 1864 1054 1882 nemo
1077 1865 1135 1882 non
1158 1854 1251 1883 videt.
1297 1853 1388 1882 Addit
1411 1854 1531 1888 Festus,
1555 1853 1712 1891 antiquum
1736 1851 1900 1891 pomerium
1927 1846 2048 1882 Palatini

93 1895 204 1924 montis
231 1895 381 1924 radicibus
410 1896 616 1932 terminatum,
651 1896 699 1924 cui
729 1896 900 1926 adsentiens
923 1897 1044 1926 Tacitus
1073 1897 1114 1925 ait
1136 1897 1222 1926 certis
1244 1897 1353 1937 spaciis
1375 1908 1394 1925 a
1416 1894 1547 1925 Romulo
1570 1895 1734 1925 interiectos
1751 1893 1845 1932 fuisse
1866 1888 1980 1930 lapides
1998 1900 2050 1928 per

92 1939 154 1967 ima
175 1938 283 1966 montis
305 1936 454 1974 Palatini,
492 1939 606 1967 scilicet
634 1939 786 1977 lapidibus
812 1939 876 1968 istis
898 1940 1039 1968 Romulus
1064 1940 1130 1968 vice
1154 1949 1308 1969 murorum
1332 1949 1423 1975 usus,
1460 1944 1495 1968 ut
1516 1939 1594 1967 intra
1618 1948 1668 1966 eos
1691 1937 1899 1965 terminaretur
1922 1941 2048 1971 pomoe-

92 1981 188 2016 rium,
215 1985 245 2009 et
268 1980 308 2008 its
332 1980 418 2009 etiam
443 1980 514 2009 olim
537 1981 643 2017 tiebat3
671 1982 825 2020 designato
849 1992 933 2011 muro
957 1983 1166 2011 statuebantur
1189 1983 1271 2022 cippi
1294 1982 1342 2011 vel
1364 1981 1496 2021 lapides,
1524 1981 1576 2020 qui
1600 1979 1733 2019 pomerio
1756 1984 1786 2007 et
1807 1975 1950 2015 auspiciis
1971 1975 2048 2003 face-

93 2028 161 2052 rent
182 2023 278 2051 finem.
323 2023 450 2051 Subiicit
471 2025 589 2053 tandem
612 2024 734 2060 Festus,
774 2025 809 2053 iis
832 2030 947 2054 tantum
971 2025 1148 2063 proferendi
1171 2025 1296 2064 pomerii
1321 2025 1368 2053 ius
1392 2025 1509 2060 datum,
1544 2023 1597 2062 qui
1620 2022 1765 2062 populum
1789 2021 1953 2049 Romanum
1976 2027 2047 2055 agro

93 2066 131 2095 de
153 2065 288 2094 hostibus
311 2071 398 2104 capto
421 2066 599 2096 ditaverant.
643 2067 733 2105 Atqui
763 2067 834 2096 nihil
865 2068 924 2097 tale
955 2078 1086 2106 unquam
1115 2067 1152 2096 de
1180 2069 1273 2097 muris
1301 2073 1422 2096 cautum
1453 2067 1545 2096 tuisse
1573 2071 1688 2095 certum
1711 2069 1754 2093 est
1776 2067 1806 2093 et
1827 2061 1925 2091 cuivis
1946 2070 2047 2089 muros

93 2108 255 2147 ampliandi
277 2108 367 2136 fuisse
389 2118 505 2147 semper
527 2114 705 2148 potestatem
726 2110 835 2139 datam.
868 2111 1012 2149 Ampliari
1034 2110 1126 2148 igitur
1148 2115 1286 2149 poterant
1308 2110 1386 2139 muri
1406 2120 1466 2138 non
1490 2109 1632 2148 ampliato
1653 2106 1797 2147 pomerio,
1828 2105 1872 2134 Ita
1896 2108 1955 2133 est:
1977 2101 2045 2131 audi

92 2150 230 2180 Flavium
254 2150 415 2188 Vopiscum
437 2152 474 2180 de
496 2152 656 2180 Aureliano
681 2152 718 2188 (c.
732 2155 809 2190 21.):
847 2152 906 2181 His
928 2154 1020 2190 actis,
1057 2153 1170 2191 inquit,
1207 2164 1295 2194 quum
1318 2151 1426 2182 videret
1446 2163 1531 2192 posse
1544 2151 1633 2190 fieri,
1664 2157 1694 2179 ut
1716 2146 1833 2190 aliquid
1855 2145 1914 2177 tale
1933 2147 2043 2179 iterum,

92 2192 181 2234 quale
202 2192 254 2222 sub
281 2191 417 2222 Gallieno
440 2202 586 2230 evenerat,
623 2195 802 2233 proveniret,
838 2194 974 2224 adhibito
1003 2194 1127 2225 consilio
1151 2195 1277 2224 Senatus
1305 2206 1405 2224 muros
1432 2194 1513 2224 urbis
1534 2193 1651 2223 Romae
1674 2190 1823 2221 dilatavit.
1866 2188 1928 2219 Nec
1949 2194 2043 2216 tamen

90 2236 221 2275 pomerio
244 2233 364 2264 addidit
386 2247 418 2265 eo
441 2243 582 2276 tempore,
611 2236 662 2265 sed
682 2244 794 2276 postea.
839 2236 973 2267 Pomerio
996 2246 1091 2267 autem
1116 2239 1224 2267 nemini
1243 2239 1410 2277 principum
1433 2236 1501 2267 Iicet
1523 2235 1631 2265 addere
1653 2235 1710 2264 nisi
1732 2235 1773 2271 ei,
1802 2232 1854 2274 qui
1873 2230 1938 2269 agri
1957 2227 2041 2257 Bar-

93 2276 187 2308 barici
207 2276 311 2318 aliqua
330 2285 416 2318 parte
439 2277 608 2308 Romanam
632 2290 719 2318 remp.
743 2278 973 2318 locupletaverit.
1016 2279 1151 2310 Addidit
1172 2288 1268 2309 autem
1291 2281 1459 2319 Augustus,
1483 2277 1602 2308 addidit
1627 2278 1792 2312 Traianus,
1814 2271 1931 2303 addidit
1953 2269 2040 2317 Nero,

91 2319 145 2349 sub
167 2331 225 2360 quo
248 2319 360 2349 Pontus
382 2319 608 2350 Polemoniacus
630 2329 655 2350 et
678 2320 774 2361 Alpes
798 2320 911 2351 Cottiae
934 2321 1072 2352 Romano
1097 2324 1209 2352 nomini
1234 2322 1367 2352 tributae.
1413 2322 1500 2350 Vides
1524 2321 1715 2350 Aurelianum
1746 2326 1847 2346 muros
1876 2312 2039 2360 ampltsssse3

92 2373 152 2392 non
175 2363 320 2402 promotis
342 2363 469 2402 pomerii
492 2364 642 2401 terminis,
665 2364 756 2403 idque
780 2365 849 2393 satis
874 2365 998 2403 evincit,
1021 2367 1097 2395 intra
1122 2366 1253 2401 moenia,
1277 2376 1353 2405 pone
1376 2375 1477 2393 muros
1500 2364 1666 2404 pomerium
1690 2361 1790 2391 suisse-
1833 2357 1905 2386 N³¹¹¹
1928 2354 2040 2403 ‘mm-3¹¹1

92 2405 116 2434 si
139 2410 206 2435 ante
228 2415 330 2434 muros
360 2406 528 2445 pomerium
557 2407 680 2443 suisset,
717 2407 767 2446 qui
796 2407 939 2446 potuisset
961 2409 1137 2438 Aurelianus
1165 2419 1266 2438 muros
1293 2407 1448 2437 dilatando
1469 2406 1596 2447 pomerii
1618 2405 1759 2435 terminos
1781 2410 1835 2430 suo
1857 2399 1924 2427 loco
1946 2397 2039 2426 relm-
