2263 2668
475 550 1019 595 ARUSIAN

1065 550 1090 595 Ι
1206 551 1615 601 ΜΕΞΞΙι
1895 570 2016 620 [487]

669 679 941 715 EXEMPLA
981 679 1419 717 ELOCUTIONUM.

70 915 278 971 Abundans
303 934 389 968 illius
415 934 472 968 rei.
498 933 595 980 virg.
621 935 654 969 in
680 934 838 971 Bucol.²:
865 936 969 972 Nivei
993 949 1100 984 quam
1127 938 1229 972 laetis
1255 938 1451 972 abundans.
1487 938 1668 973 Abundans
1695 941 1753 976 illa
1779 954 1825 979 re.
1852 944 1922 980 Cic.
1949 959 2013 993 pro

173 987 332 1021 Cornelio
359 980 502 1021 lib.11.³:
534 986 621 1032 Quis
645 992 719 1021 tam
747 988 933 1023 abundans
959 990 1076 1035 copiis.
1128 990 1289 1024 Abundat
1315 990 1372 1023 illa
1399 1002 1445 1023 re.
1474 988 1616 1024 Cicero⁴
1641 1004 1704 1036 pro
1731 994 1901 1031 Cluentio:
1928 998 2013 1033 Mu-

172 1039 238 1072 lier
265 1038 425 1072 abundat
451 1038 618 1071 audacia.
669 1041 815 1074 Abunde
845 1046 891 1074 est
922 1041 1019 1075 huius
1047 1041 1104 1075 rei.
1140 1042 1236 1087 Virg.
1267 1041 1408 1075 Aeneid.
1441 1038 1558 1075 Vll.⁵:
1588 1043 1774 1079 Terrorum
1806 1051 1839 1081 et
1861 1048 2013 1094 fraudis

171 1089 312 1123 abunde
339 1093 398 1124 est.

68 1141 174 1176 Ardet
195 1141 254 1174 illa
273 1153 319 1174 re.
371 1140 489 1184 virgil.
513 1139 596 1172 Aen.
619 1137 713 1173 XLG:

748 1142 912 1176 Femineo
939 1143 1106 1188 praedae
1132 1148 1164 1177 et
1193 1143 1384 1189 spoliorum
1408 1143 1562 1177 ardebat
1592 1156 1721 1179 amore.

1780 1148 1885 1183 Ardet
1921 1152 2012 1188 illam

168 1204 249 1226 rem.
275 1192 394 1237 virgil.
410 1192 442 1223 in
465 1188 581 1224 Bne-⁷:
607 1191 812 1226 Formosum
831 1198 956 1239 pastor
985 1194 1149 1239 Corydon
1176 1194 1330 1228 ardebat
1356 1194 1509 1228 Alexim.
1561 1196 1669 1229 Ardet
1690 1198 1722 1231 in
1741 1198 1798 1231 illa
1819 1212 1865 1233 re.
1890 1202 2012 1238 Salust.

167 1243 267 1277 Bello
288 1239 421 1277 Catilf’:
447 1242 591 1276 Ardens
616 1243 650 1276 in
677 1245 936 1289 cupiditatibus.
962 1246 1071 1280 Ardet
1098 1248 1133 1280 in
1158 1247 1252 1280 illam
1276 1258 1358 1280 rem.
1384 1247 1480 1292 Virg.
1503 1247 1587 1280 Aen.
1614 1248 1724 1282 Vnst:
1750 1250 1866 1285 Ardet
1891 1254 1926 1286 in
1949 1266 2011 1289 ex-

166 1295 273 1328 citam
297 1293 499 1329 Ausoniam,

63 1346 192 1380 Avertit
220 1346 287 1380 hac
311 1358 357 1379 re.
377 1345 497 1389 virgil.
514 1345 596 1378 Aen.
617 1345 674 1378 lib.
693 1346 718 1378 l.
728 1342 768 1379 ¹⁰:
794 1346 871 1381 Nec
894 1359 998 1394 posse
1029 1348 1142 1382 Italia
1171 1349 1383 1382 Teucrorum
1418 1352 1580 1382 avertere
1611 1349 1761 1397 Regem.
1813 1353 1941 1388 Avertit
1965 1358 2008 1391 ab

162 1398 221 1431 illa
242 1409 287 1431 re.
316 1397 386 1431 Cic.
409 1393 610 1441 Philipp.¹¹:
638 1396 693 1430 Ab
722 1398 817 1431 Urbe
839 1398 890 1432 M.
919 1400 1060 1434 Antonii
1086 1401 1234 1446 impetus
1261 1401 1295 1433 in
1327 1400 1487 1434 Galliam
1514 1402 1652 1435 avertit.
1705 1404 1845 1438 Aversus
1871 1408 1913 1441 ab
1936 1408 2006 1444 illo.

166 1448 285 1484 Cicero
307 1449 341 1482 in
367 1448 497 1483 catilin.
522 1444 628 1481 111.¹²:
661 1448 751 1482 Tam
777 1461 923 1485 aversus
949 1464 973 1485 a
999 1462 1093 1486 vero.

62 1500 216 1546 Accinge
240 1513 293 1535 me
315 1500 396 1534 huic
419 1499 476 1533 rei.
503 1500 598 1545 Virg.
621 1501 703 1533 Aen.
720 1498 796 1534 1.¹³:
822 1501 884 1536 Illi
908 1514 947 1536 se
966 1504 1133 1548 praedae
1159 1503 1350 1548 accingunt
1377 1501 1596 1548 dapibusque
1611 1504 1759 1549 futuris.

163 1553 265 1598 cingo
292 1552 340 1585 itti
367 1563 442 1586 eam
463 1563 543 1585 rem.
570 1551 667 1585 Idem
695 1552 779 1586 Aen.
812 1553 870 1587 x1.
882 1551 924 1588 ¹⁴:
955 1555 1146 1601 Laterique
1182 1555 1388 1591 accinxerat
1423 1565 1546 1588 ensem.

146 1673 172 1706 1)
194 1670 322 1710 Angelus
338 1670 430 1699 Maius
450 1669 553 1699 tribuit
575 1670 713 1700 Cornelio
732 1671 896 1709 Frontoni,
919 1678 954 1703 ut
976 1674 1010 1704 in

58 1713 252 1753 praemonitis
278 1713 459 1752 disputatum
476 1718 528 1742 est.
551 1731 590 1735 —
614 1714 645 1751 2)
668 1714 808 1743 Bucolica
826 1715 941 1754 Virgilii
963 1717 1009 1745 ci..

59 1760 104 1785 tat
123 1756 251 1794 Angeius
270 1756 366 1785 Maius
396 1756 517 1784 nomine
548 1756 746 1795 Eclogarum.
776 1757 866 1794 Quod
888 1769 948 1787 non
977 1760 1008 1788 in

60 1798 132 1827 cod.
148 1809 200 1828 suo
222 1800 262 1827 ita
288 1798 417 1827 inveniri
433 1799 503 1827 satis
522 1804 654 1835 constat,
680 1810 771 1838 quum
792 1801 871 1829 infra
889 1802 920 1830 in
938 1807 1009 1830 nota

59 1839 104 1879 (7)
127 1841 164 1869 ad
185 1851 287 1870 vocem
314 1842 494 1880 Sapen-mio
514 1841 544 1869 id
568 1846 667 1880 aperte
686 1842 882 1880 confiteatur,
907 1848 935 1872 et
953 1845 1007 1872 sibi

59 1883 244 1912 commodius
268 1884 362 1913 visum
386 1884 510 1922 Eclogas
534 1884 640 1921 citare,
664 1891 883 1914 commonstret.
930 1887 1010 1915 Cete-

61 1935 127 1954 rum
146 1930 262 1964 praeter
287 1936 442 1954 numerum
471 1927 633 1964 librorum,
661 1928 711 1965 qui
735 1928 822 1956 etiam
849 1928 881 1956 in
906 1933 1009 1957 nostro

58 1968 166 1996 Codice
184 1972 317 2004 exstant,
341 1968 414 2006 Ang.
438 1968 531 1996 Maius
551 1969 639 1997 ctiam
661 1979 763 1998 versus
784 1970 908 2007 adiecit,
935 1980 1007 2007 quo-

56 2021 124 2039 rum
143 2009 385 2048 significationem
406 2020 443 2038 ex
467 2011 603 2040 instituto
630 2017 732 2041 nostro
756 2012 787 2040 in
815 2012 893 2040 notis
918 2012 1005 2040 exhi-

57 2052 184 2082 buimus.
229 2052 325 2081 Locus
340 2057 385 2081 est
404 2052 484 2090 Virg.
502 2053 562 2082 Ecl.
584 2054 621 2089 ΙΙ,
646 2057 696 2086 20.
719 2070 760 2076 —
779 2053 809 2095 3)
835 2055 897 2081 Pro
926 2054 1006 2081 Cor-

57 2096 135 2124 nelio
155 2095 206 2125 lc'l).
222 2095 261 2123 ΙΙ.
282 2095 324 2123 Ita
344 2095 398 2123 Gu.
416 2096 477 2123 Pru
498 2096 635 2123 Cornelio
654 2099 721 2127 199.
747 2097 820 2134 Ang-
841 2096 925 2131 Mni.‚
951 2106 1006 2123 no-

56 2143 124 2167 tans
147 2148 177 2167 se
206 2137 326 2177 paginas
354 2137 437 2165 Tomi
460 2137 496 2166 11.
518 2138 664 2167 Editionis
692 2139 831 2174 Vei-burg.
864 2138 954 2165 citare
974 2138 1007 2165 in

56 2181 203 2218 Fragmm.
231 2180 385 2208 Ciceronn.
417 2179 476 2207 Nos
500 2182 624 2208 citamus
652 2180 815 2208 secundnm
841 2179 1007 2208 Editionem

55 2223 256 2256 Nobbianam‚
281 2221 330 2250 ubi
353 2226 395 2249 est
419 2222 506 2249 Corn.
530 2222 568 2258 11,
591 2225 620 2254 9.
665 2222 744 2249 idem
766 2222 848 2249 locus
865 2222 975 2250 citatur
991 2233 1007 2250 a

55 2266 197 2294 Priscian.
216 2264 327 2300 xviii,
352 2267 380 2295 2.
408 2280 441 2284 -
469 2264 499 2300 4)
509 2264 553 2292 l‹l‹
562 2275 590 2291 m
606 2275 664 2302 pro
684 2264 832 2293 Cluentio.
849 2264 896 2291 Sic
912 2264 1005 2302 A.M.,

54 2308 135 2336 unde
156 2307 227 2336 mihi
243 2305 389 2346 suspicio,
412 2305 498 2343 plura
515 2315 580 2334 eum
603 2311 731 2334 mutasse
752 2306 782 2333 in
807 2306 1004 2337 citationibus.

54 2349 108 2379 Est
132 2360 195 2388 cap.
220 2350 268 2381 65.
292 2365 333 2371 —-
357 2347 385 2385 5)
410 2348 503 2376 Versu
523 2349 593 2380 552.
617 2349 650 2376 A.
669 2348 706 2376 M.
726 2348 846 2385 singulis
859 2350 1001 2388 exemplis

55 2393 186 2431 singulas
201 2392 235 2420 ab
252 2402 301 2420 ora
318 2390 408 2419 lineas
426 2390 547 2429 incepit.
566 2391 673 2419 Contra
690 2390 747 2420 MS.
760 2391 814 2420 Gu.
833 2392 930 2420 omnin
948 2402 1003 2422 ex-

97 2445 259 2473 GRAMMAT.
282 2452 349 2471 ωτ.
375 2441 395 2471 Ι,

1814 1508 1884 1541 Ac·
1899 1507 2008 1557 [⁴88]

1607 1556 1777 1602 Accingor
1804 1558 1898 1593 illam
1927 1573 2008 1596 rem.

1054 1675 1167 1714 empla,
1197 1683 1272 1713 quae
1295 1673 1334 1701 ad
1364 1671 1486 1700 eandem
1508 1672 1555 1701 vel
1584 1673 1711 1703 similem
1732 1675 1914 1706 locutionem
1941 1689 2007 1718 spe-

1054 1722 1149 1753 ctant,
1172 1717 1203 1744 in
1225 1725 1316 1744 unum
1340 1714 1501 1752 coniungit.
1546 1715 1594 1743 Sic
1617 1716 1709 1754 igitur
1734 1717 1769 1745 ab
1799 1718 1884 1747 initio
1912 1720 2007 1750 libelli

1052 1769 1144 1798 usque
1169 1759 1205 1786 ad
1232 1758 1310 1786 hunc
1331 1756 1430 1784 locum
1454 1765 1548 1784 unum
1570 1762 1613 1785 est
1636 1764 1836 1797 segnientum3
1869 1762 2006 1794 similiter

1051 1802 1083 1829 in
1107 1800 1228 1838 reliquis
1255 1809 1335 1837 seqq.
1359 1815 1400 1821 —
1429 1796 1459 1838 6)
1483 1798 1564 1827 Idem
1588 1800 1653 1837 XI,
1670 1803 1741 1833 782.
1768 1801 1802 1829 A.
1833 1803 1901 1833 Mai.
1930 1806 2004 1835 Tum

1054 1844 1126 1871 cod.
1155 1843 1208 1870 Gu.
1229 1841 1392 1871 Foemineo.
1420 1857 1462 1862 ·-—
1496 1839 1524 1879 7)
1555 1841 1638 1870 Idem
1660 1843 1727 1874 Ecl.
1757 1842 1797 1881 Il,
1823 1847 1845 1876 l.
1870 1847 1903 1876 A.
1934 1848 2002 1878 Mai,

1052 1885 1177 1913 Alexin
1201 1884 1273 1912 cod.
1297 1883 1354 1913 Gu.
1377 1882 1498 1911 Alexim
1521 1884 1555 1912 A.
1574 1884 1640 1914 Mai.
1672 1900 1713 1907 —
1743 1886 1772 1924 8)
1793 1887 1861 1925 Cap.
1887 1890 1916 1921 5.
1946 1892 2003 1919 Sa-

1051 1928 1122 1956 [ιω-ι,
1139 1926 1245 1964 scripsi
1267 1936 1282 1955 e
1301 1925 1373 1954 Cod.
1394 1925 1450 1953 Gu.
1464 1926 1513 1964 qui
1531 1937 1700 1965 quanquam
1720 1928 1749 1956 h.
1767 1929 1786 1959 l.
1808 1931 1934 1962 Sallust.
1954 1938 2002 1962 ta-

1049 1979 1117 1997 men
1136 1969 1167 1996 in
1192 1978 1274 2006 seqq.
1297 1967 1432 1996 omnibus
1456 1967 1514 1996 hoc
1531 1979 1637 1998 nomen
1662 1981 1720 1999 una
1741 1973 1750 1997 l
1777 1972 1921 2011 scriptun]
1944 1986 2000 2004 ex—

1048 2011 1137 2042 hibet.
1167 2026 1210 2032 —
1237 2014 1264 2045 9)
1286 2010 1379 2039 Versu
1401 2013 1471 2042 623.
1497 2011 1546 2040 ubi
1572 2012 1671 2040 Ardet
1697 2015 1828 2042 inexcita
1854 2017 1999 2047 Ausonia

1047 2053 1163 2089 editur,
1187 2053 1267 2091 quod
1287 2063 1390 2082 verum
1412 2057 1465 2082 est.
1496 2069 1539 2076 —
1570 2055 1616 2093 10)
1640 2054 1722 2084 Idem
1746 2056 1777 2092 J,
1801 2059 1849 2088 38.
1875 2059 1907 2088 Α.
1930 2061 1997 2090 Mai,

1049 2112 1091 2117 —
1114 2096 1159 2133 11)
1180 2096 1276 2124 Locus
1295 2100 1337 2124 est
1361 2095 1397 2132 V,
1416 2098 1462 2127 11.
1481 2096 1548 2125 ubi:
1580 2099 1635 2135 qui
1650 2099 1693 2127 M.
1717 2099 1849 2127 Antonii
1869 2102 1998 2140 impetus

1050 2139 1183 2175 nefario-s·
1204 2139 1236 2166 in
1263 2138 1402 2166 Galliam
1427 2140 1543 2168 avertit.
1577 2140 1647 2168 cod.
1668 2141 1701 2169 A.
1728 2141 1797 2169 Maii
1818 2143 1996 2175 Antonium.

1049 2181 1139 2209 Recte
1159 2181 1215 2211 Gu.
1237 2180 1318 2218 quod
1342 2180 1420 2210 dedi.
1449 2197 1491 2202 —-
1522 2180 1569 2222 12)
1590 2182 1674 2211 Mem
1695 2184 1728 2211 in
1748 2184 1813 2213 Cat.
1834 2186 1889 2222 Ill,
1913 2190 1940 2218 9.
1959 2189 1994 2216 A.

1050 2222 1118 2251 Mai.
1144 2239 1179 2244 —
1205 2225 1249 2257 13)
1267 2223 1359 2251 versu
1379 2226 1450 2255 210.
1472 2239 1514 2245 ——
1537 2223 1581 2262 14)
1605 2225 1699 2254 Versu
1720 2228 1793 2258 489.
1818 2226 1882 2256 Hoc
1899 2234 1993 2259 totum

1048 2265 1216 2304 exemplum
1237 2265 1324 2294 tertio
1340 2265 1406 2294 loco
1421 2265 1529 2303 legitur
1548 2266 1579 2294 in
1597 2267 1667 2298 Cod.
1682 2268 1739 2296 Gu.
1751 2291 1758 2305 ,
1783 2275 1885 2298 contra
1904 2282 1991 2309 quar—

1046 2312 1108 2336 tum
1123 2318 1236 2337 novum
1253 2312 1436 2346 segmentum
1448 2308 1564 2347 incipit.
1587 2311 1741 2349 Accingor
1762 2311 1811 2339 illi
1831 2313 1917 2340 illam
1930 2324 1990 2341 rem

1046 2350 1117 2380 cod.
1137 2352 1192 2381 Gu.
1217 2351 1274 2381 Sed
1294 2352 1421 2390 accingo
1445 2351 1508 2390 ipse
1531 2351 1587 2383 Gu.
1611 2353 1641 2382 in
1664 2353 1795 2391 margine
1816 2363 1890 2383 corr.

1492 2434 1558 2470 Du
