2263 2668
204 186 280 221 380
631 181 973 215 COMMENTARH
998 181 1046 214 IN
1072 180 1215 215 PAULI
1242 181 1437 216 DIACONI
1464 182 1719 216 EXCERPTA

204 290 269 308 rum
293 283 350 315 est,
383 276 461 315 quod
485 274 587 303 docuit
610 273 785 302 Salmasius:
821 273 926 301 Simias
955 273 1053 301 cluras
1082 273 1192 311 dictas,
1230 275 1341 303 Graece
1366 272 1525 314 κολούρας.
1569 275 1643 303 Nam
1665 273 1813 312 κόλουρος
1834 277 1956 314 proprie
1979 277 2029 316 qui
2053 278 2148 307 cauda

205 327 286 350 caret
310 326 337 349 et
361 319 492 348 mutilam
516 316 603 344 habet
629 316 771 352 caudam,
797 316 838 344 ita
863 315 1060 344 Callimachus
1082 314 1213 357 κόλουροι
1237 317 1313 346 dixit
1336 316 1461 346 ecauclia
1483 319 1628 346 animalia.
1661 316 1783 348 -Colura
1805 317 1897 354 igitur
1919 317 2018 356 οἷαι-α,
2042 326 2075 350 ut
2096 318 2148 361 νά-

204 367 295 399 tovos·
314 361 400 402 glans
424 365 450 388 et
473 359 586 388 similia.
634 357 686 386 Da
697 369 721 386 c.

369 401 620 431 Crustumina.
665 401 733 429 ,Non
762 399 1073 438 praetermittendum,
1110 401 1190 439 quod
1215 401 1328 428 Cassius
1351 401 1455 430 Emina
1485 401 1566 440 apud
1590 402 1727 431 Servium
1751 401 1878 430 Danielis
1905 404 2003 431 nostri
2030 405 2148 434 scribit:

205 445 338 476 Siculum
363 442 510 483 quendam
535 443 649 471 nomine
671 444 776 471 uxoris
798 454 866 471 suae
890 441 1110 481 Clytemnestrae
1131 442 1296 472 condidisse
1319 442 1551 483 Clytemestrum,
1588 455 1663 473 mox
1686 451 1822 484 corrupto
1843 445 1959 473 nomine
1983 446 2149 477 Crustume-

210 490 282 517 rium
308 485 429 515 dictum.
462 484 678 523 Cbtemestram
701 495 773 514 vero
797 485 858 513 sine
881 497 900 513 n
923 496 976 523 pro
1000 486 1214 523 Clytemnestra
1239 490 1268 514 et
1290 486 1438 514 Ausonius
1461 487 1552 526 (Epit.
1577 487 1688 524 Her.I‚
1714 490 1746 524 1,
1769 486 1814 526 4.)
1837 486 1930 515 dixit:

785 526 939 557 Vindicem
963 526 1100 557 adulterii
1122 540 1187 558 cum
1213 527 1400 566 Clytemestra
1423 537 1510 559 necet.

204 569 305 601 Scal.
345 570 376 598 ln
399 570 434 598 al.
461 568 675 599 Crustumerina
699 569 735 597 ab
760 569 871 608 oppido
897 568 1107 608 Crustumeria,
1132 571 1212 609 quod
1235 571 1264 598 in
1288 571 1402 599 Sabinis
1424 572 1527 600 statuit
1550 572 1652 601 Livius
1675 572 1737 608 (ll,
1760 571 1840 609 64.).
1884 570 1940 599 Sed
1964 571 2042 610 apud
2065 571 2150 602 illum

202 613 385 642 inconstanti
409 613 567 651 sciiptura.
606 612 737 650 Legitur:
764 613 1016 650 Construminum‚
1043 612 1267 642 Crustumerium
1291 618 1318 641 et
1343 613 1548 643 Crustumeria.
1591 615 1790 644 Crustumeros
1811 618 1898 643 vocat
1921 614 2000 653 Virg.
2023 614 2073 643 lib.
2085 614 2148 644 VII.

203 656 291 692 (Aen.
315 655 419 694 631.):

779 695 883 725 Ardea
909 694 1139 738 Crustumerique
1160 705 1186 726 et
1209 697 1368 736 turrigerae
1387 697 1564 728 Antemnae.

204 740 287 777 Quae
317 739 484 778 scripturae
514 739 642 767 varietas
666 739 695 767 in
718 749 750 767 re
773 739 846 767 adeo
869 740 982 771 incerta
1007 741 1092 778 facit,
1132 745 1164 769 ut
1187 739 1260 768 nihil
1282 741 1478 778 pronuntiare
1500 743 1631 770 audeam.
1677 742 1787 770 Tamen
1809 740 1848 768 ad
1870 740 2020 779 vulgatam
2041 741 2149 770 lectio—

203 794 268 812 nem
293 781 477 811 retinendam
500 791 545 809 me
570 781 654 809 Plinii
678 781 761 810 locus
785 782 833 818 (H.
856 782 887 811 N.
911 783 968 819 HI,
993 784 1028 819 5,
1053 785 1081 813 9.
1121 783 1240 821 Legitur
1263 787 1360 811 tamen
1382 783 1438 811 sic:
1466 783 1501 812 In
1524 783 1623 813 eadem
1643 791 1728 824 parte
1750 782 1923 823 oppidorum
1947 791 2070 813 veterum
2092 795 2149 813 no-

202 826 280 854 mina
304 824 423 852 retinent
446 825 528 862 agri,
555 822 771 861 Crustuminus,
798 823 992 864 Caletranus.)
1016 824 1206 854 vehementer
1228 830 1342 854 movet:
1377 825 1597 863 Crustumerium,
1621 826 1732 864 inquit,
1758 837 1826 865 ager
1848 826 1948 854 veteris
1970 824 2072 865 oppidi
2094 836 2149 855 no-

203 879 265 896 men
289 867 388 895 retinet
412 867 441 894 in
467 866 586 896 Tuscia.
632 867 668 895 Et
692 866 793 895 Cicero
818 878 872 906 pro
893 867 999 896 Flacco
1023 868 1098 907 (29,
1126 868 1213 907 71.):
1252 868 1282 896 in
1308 866 1491 898 Crustumino
1519 877 1570 898 aut
1596 870 1625 898 in
1651 868 1793 908 Capenati
1814 879 1895 907 agro.
1942 867 2022 896 Idem
2047 867 2148 897 Cicero

203 921 257 948 pro
282 909 390 937 Planco
415 909 504 947 (16.)
535 913 562 936 et
592 919 646 947 pro
671 909 760 937 Balbo
787 909 1002 938 Crustuminum
1032 911 1143 938 tribum
1175 910 1320 947 nominat,
1358 916 1385 939 et
1405 911 1444 939 ita
1465 911 1493 939 in
1518 912 1607 951 Lapp.
1633 911 1669 951 (i.
1687 922 1710 940 e.
1734 911 1764 939 in
1787 910 1938 949 lapidibus
1960 910 2150 949 inscriptis.)-

202 952 290 981 Dae.
322 952 364 979 Al.
391 949 607 980 Crustumerina
632 950 732 981 trihus.
760 950 865 980 Goth.
910 951 985 981 Urbe
1009 951 1213 989 Crustumena‚
1236 952 1309 981 urbe
1334 953 1542 985 Crustumeria.
1576 955 1667 983 Porro
1691 954 1726 982 (le
1749 952 1950 982 Crustumeria
1972 953 2150 982 Sabinorum

203 995 270 1023 vide
294 994 490 1022 Ilalicarnass.
516 993 614 1032 (Dion.
639 992 745 1033 Halic.)
770 994 811 1031 II,
836 995 911 1032 (32.)
937 995 1085 1024 Plutarch.
1109 996 1137 1023 in
1162 995 1286 1023 Romulo
1312 994 1348 1034 (c.
1365 995 1426 1034 17.)
1450 996 1551 1036 Steph.
1575 996 1612 1025 de
1635 996 1732 1025 urbib.
1756 994 1883 1034 (p.482.
1907 994 2077 1034 ed.Berk.).
2108 996 2150 1024 De

207 1035 403 1066 Crustumeria
427 1036 599 1064 Latinorum
628 1036 696 1064 vide
719 1037 833 1065 Livium
854 1037 889 1064 ΙΙ.
913 1037 1015 1077 (0.64.
1041 1044 1067 1066 et
1091 1037 1182 1075 alibi).
1231 1038 1270 1066 De
1294 1038 1496 1067 Crustuminio
1517 1044 1546 1068 et
1569 1039 1771 1067 Crustumerio
1796 1037 1910 1066 Livium
1925 1038 1946 1068 l.
1970 1036 2062 1078 (lL).
2109 1038 2149 1067 De

203 1080 394 1108 Crustumero
418 1079 486 1106 vide
511 1078 612 1116 virgil.
629 1079 691 1108 vll.
720 1076 803 1116 (Aen.
823 1081 918 1115 6310.
966 1081 1005 1108 De
1030 1081 1194 1109 Crustumio
1219 1080 1285 1108 vide
1309 1081 1412 1109 Silium
1428 1081 1513 1118 VIII,
1537 1081 1648 1121 (366.).
1695 1079 1800 1110 Goth.

369 1119 618 1150 Clucidatum.
665 1121 736 1150 Vide
758 1121 833 1150 infra
857 1121 889 1149 in
915 1120 1115 1151 Glucitlatum.
1152 1123 1229 1151 Infra
1253 1128 1295 1151 est
1320 1121 1427 1152 Gluma
1451 1129 1477 1152 et
1505 1123 1689 1164 Gneplzosum
1711 1133 1766 1163 pro
1790 1133 1840 1159 eo,
1865 1122 1945 1161 quod
1967 1122 2060 1161 paulo
2083 1126 2151 1160 post

204 1162 307 1193 Cluma
331 1168 360 1192 et
385 1161 593 1202 Cncplzonsum.
631 1163 705 1192 Vide
729 1164 759 1192 iu
785 1163 886 1194 Orcus.
912 1163 988 1194 Ful.
1018 1165 1095 1194 Urs.
1137 1167 1161 1193 A
1185 1164 1294 1204 γλυκύς
1317 1165 1413 1194 dulcis
1436 1166 1549 1195 sactum
1568 1165 1741 1206 gluciclatus
1763 1170 1790 1194 et
1812 1175 1896 1194 verso
1917 1177 1939 1204 g
1959 1165 1990 1193 in
2014 1175 2030 1193 c
2052 1163 2151 1193 cluci-

203 1204 296 1234 datus.
342 1206 476 1234 Meminit
498 1206 590 1234 Varro
614 1206 664 1233 lib.
678 1206 725 1233 VI.
751 1206 815 1247 (De
837 1207 868 1235 L.
891 1207 921 1236 L.
946 1207 1013 1243 VII,
1039 1218 1066 1246 p.
1079 1209 1150 1239 386.
1176 1209 1263 1247 Sp.):
1300 1206 1475 1237 Clucidatus
1498 1210 1612 1245 suavis,
1641 1209 1755 1237 tametsi
1776 1220 1795 1236 a
1817 1208 1966 1246 magistris
1987 1207 2152 1246 accepimus

201 1256 389 1278 mansuetum.
415 1248 500 1277 Dae.
531 1249 573 1276 Cf.
597 1249 737 1286 Scaliger.
762 1249 892 1277 Coniect.
915 1249 944 1277 in
968 1249 1053 1278 Varr.
1078 1261 1105 1288 p.
1124 1252 1190 1281 160.
1222 1251 1328 1279 Mirum
1353 1257 1411 1286 est,
1435 1252 1572 1280 maluisse
1596 1250 1806 1279 Doederlinum
1829 1251 1938 1288 Synon.
1954 1249 2014 1287 ΙΠ,
2036 1259 2066 1288 p.
2079 1249 2151 1281 258.

202 1302 217 1318 a
240 1291 357 1330 θέλγειν
381 1301 467 1329 quam
492 1301 508 1318 a
531 1289 638 1330 γλυκύς
661 1291 796 1320 derivare
820 1291 989 1320 Latinorum
1015 1291 1119 1321 dulcis.
1165 1293 1225 1321 Nec
1255 1293 1419 1322 dubitasset
1441 1294 1476 1322 de
1500 1294 1625 1322 veritate
1648 1292 1738 1321 huius
1762 1292 1984 1330 originationis,
2021 1292 2044 1320 si
2068 1294 2151 1331 γλεῦ-

200 1345 252 1368 κος
274 1338 303 1362 et
326 1334 433 1368 δεῦκος
457 1339 667 1372 comparasset.
711 1335 757 1362 Ex
785 1333 843 1362 hoc
873 1340 971 1364 autem
994 1335 1072 1364 Festi
1103 1335 1169 1364 loco
1198 1341 1300 1374 patere
1325 1335 1459 1373 videtur,
1497 1336 1617 1365 Latinos
1641 1336 1729 1364 etiam
1753 1334 1860 1371 clue-is,
1895 1335 1956 1364 sive
1977 1333 2075 1374 glacis
2097 1344 2150 1372 pro

202 1374 297 1404 dulcis
320 1376 435 1405 dixisse.

361 1416 506 1447 Cloelia
531 1417 708 1459 familia.
753 1418 907 1447 Patriciam
940 1419 1030 1448 fuisse
1061 1424 1175 1447 constat
1208 1429 1243 1447 ex
1275 1418 1357 1448 Livio
1389 1418 1448 1458 (II,
1479 1419 1555 1457 13).
1601 1419 1675 1448 Alba
1707 1419 1860 1447 oriundam
1889 1418 1961 1447 facit
1991 1417 2150 1456 Dionysius

201 1461 251 1489 lib.
263 1461 314 1497 111,
339 1461 378 1498 (e.
391 1463 444 1497 2.).
469 1461 494 1489 A
512 1461 623 1489 Cloelio
640 1462 754 1489 Aeneae
770 1462 875 1489 comite
891 1461 1011 1491 dictam.
1043 1462 1078 1489 Et
1102 1462 1144 1490 sic
1168 1462 1334 1500 legendum,
1359 1473 1417 1490 non
1434 1461 1585 1492 Cloantho.
1609 1462 1682 1491 Nam
1697 1461 1828 1491 Cluentia
1846 1461 1956 1489 familia
1971 1471 1987 1489 a
2005 1458 2149 1489 Cloantho

202 1504 317 1532 Aeneae
341 1504 446 1532 comite
471 1503 565 1539 dicta,
597 1514 612 1531 a
635 1513 693 1540 qua
716 1503 834 1531 diversa
862 1503 982 1533 Cloelia.
1028 1504 1116 1533 Dac.

367 1545 522 1575 Clumae.
568 1546 769 1574 Glossarium:
793 1544 916 1582 Clunar‚
940 1547 1051 1585 κριθῆς
1074 1547 1210 1583 λέπυρον.
1235 1545 1336 1577 Scal.
1382 1547 1438 1576 Pro
1464 1545 1590 1582 Gluma,
1614 1546 1785 1575 tenuissima
1809 1545 1994 1582 membrana,
2019 1555 2074 1583 qua
2098 1554 2149 1572 or-

202 1587 288 1616 deum
312 1588 491 1618 involvitur.
525 1587 598 1617 Vide
618 1587 733 1617 Gluma.
770 1588 802 1616 Iu
827 1588 970 1625 glossario
995 1589 1103 1626 legitur
1127 1587 1232 1617 clunar
1253 1594 1394 1627 corrupte
1415 1599 1472 1628 pro
1497 1587 1594 1618 clama
1616 1593 1667 1617 aut
1690 1587 1871 1624 clumarum,
1896 1593 1927 1616 ut
1950 1588 2060 1626 optime
2076 1587 2150 1616 Vul-

202 1631 309 1660 canius.
355 1630 444 1659 Duc.

367 1671 520 1702 Clutum.
564 1673 729 1712 Iuclytum,
758 1673 847 1701 valde
871 1673 987 1701 celebre
1012 1683 1026 1700 a
1050 1670 1133 1709 cluo,
1164 1672 1246 1711 quod
1269 1683 1284 1700 a
1307 1669 1402 1708 κλύω,
1432 1672 1512 1701 unde
1536 1670 1659 1708 κλυτόν,
1690 1677 1718 1701 et
1741 1671 1843 1701 addita
1867 1671 2088 1711 praepositione
2109 1672 2150 1706 in,

204 1724 276 1751 quae
299 1725 385 1754 saepe
410 1720 515 1753 auget,
549 1714 701 1756 inclytum.
746 1716 878 1755 Simplex
899 1714 1009 1745 elutum
1033 1726 1092 1744 non
1116 1720 1159 1744 est
1182 1716 1212 1743 iu
1237 1725 1299 1745 usn.
1329 1715 1417 1745 Dac.
1463 1715 1528 1744 Vid.
1551 1713 1681 1755 Incl)¹tus
1703 1720 1730 1744 et
1753 1714 1798 1743 In.
1832 1713 1934 1745 Goth.
1979 1713 2152 1753 Respondet

205 1757 416 1786 Germanorum
439 1757 517 1794 laut,
548 1762 581 1786 ut
604 1759 679 1787 cutis
702 1758 789 1787 Haut.

367 1799 547 1839 Clypeum.
600 1801 624 1828 A
656 1801 770 1830 Graeco
801 1799 922 1831 κύκλιον
952 1800 1129 1835 rotundum,
1171 1811 1224 1840 per
1252 1799 1513 1838 transpositionem
1542 1799 1706 1828 literarum.
1750 1800 1823 1828 'Nam
1856 1800 1976 1838 clypeos
2004 1797 2151 1828 rotundos

206 1840 292 1868 fuisse
315 1847 424 1870 certum
449 1848 500 1872 cst.
546 1843 581 1872 Id
605 1849 703 1881 aperte
727 1843 859 1872 declarat
884 1843 1040 1881 Virgiflm,
1072 1844 1140 1882 qui,
1172 1848 1205 1871 ut
1228 1843 1390 1871 rotundum
1416 1842 1589 1882 Polyphemi
1613 1842 1733 1871 oculum
1756 1842 1956 1880 demonstret,
1979 1841 2021 1871 ait
2042 1841 2150 1871 fuisse:

779 1885 920 1926 Argolici
943 1884 1034 1925 clypei
1056 1893 1106 1914 aut
1130 1884 1278 1914 Phoebeae
1299 1884 1448 1924 lampadis
1470 1887 1572 1914 instar.

208 1924 289 1957 (ΛΕΠ-
305 1923 359 1959 HI,
382 1925 474 1964 637.)
510 1927 563 1955 [bi
589 1928 660 1956 solis
683 1933 712 1956 et
736 1929 832 1967 clypei
856 1927 978 1957 eandem
1002 1927 1124 1956 sormam
1150 1938 1212 1957 esse
1235 1928 1315 1956 dicit.
1349 1929 1399 1956 Sic
1422 1928 1544 1957 Graecis
1568 1927 1692 1966 clypeus
1715 1922 1806 1963 ἆσπίς
1827 1926 1947 1955 dicitur.
1983 1925 2068 1955 Unde
2089 1925 2150 1954 Ho-

206 1974 303 1992 merus
326 1967 453 2004 (saepe):
483 1966 592 1999 ἀσπίδα
615 1968 743 2001 πάντοσ’
767 1971 866 2009 ἐΐσην,
893 1970 974 2009 quod
996 1975 1111 1999 tantum
1135 1970 1264 1999 rotunda
1289 1970 1383 1999 forma
1405 1971 1522 2010 recipit.
1563 1967 1665 2004 ’dunig
1688 1975 1785 1998 autem
1807 1969 2020 1998 rotunditatem
2042 1967 2150 2006 signifi-

208 2011 270 2042 cat,
293 2007 370 2034 unde
393 2019 512 2047 serpens
535 2012 584 2040 ille
608 2013 770 2041 orbiculari
794 2024 854 2041 scse
879 2014 972 2041 sonna
995 2013 1150 2041 involvens
1175 2010 1264 2048 ἇσπίς
1287 2012 1384 2041 dictus
1407 2018 1459 2042 est.
1498 2013 1598 2049 Quare
1622 2012 1786 2051 Hesychius
1809 2012 1838 2040 in
1861 2012 1913 2040 illo
1935 2011 2055 2040 Homeri
2074 2011 2108 2039 Il.
2123 2012 2149 2041 λ.

208 2047 248 2088 (v.
261 2048 359 2085 753.):
397 2049 436 2078 δι’
460 2049 607 2090 ἅσπίὸεως
629 2057 762 2086 nullom:
802 2053 926 2092 ἆσηιὸὲς
951 2056 1055 2086 πεδίου
1078 2056 1292 2095 interpretatur
1313 2055 1489 2095 περιφερές,
1527 2055 1696 2084 rotundum.
1741 2055 1790 2083 Sic
1813 2055 1910 2084 Attius
1935 2054 2149 2093 Agamemnone

207 2089 281 2119 coeli
302 2089 429 2129 clypeum
453 2092 541 2122 dixit:

352 2174 358 2179 .
382 2173 387 2179 ,
776 2139 811 2168 In
834 2138 977 2169 altissimo
1001 2138 1075 2169 coeli
1097 2139 1194 2180 clypeo
1217 2147 1291 2169 temo
1314 2147 1430 2179 superat
1452 2138 1559 2169 stellas.

207 2175 250 2245 gb
274 2174 328 2202 ¹¹³⁰
343 2178 438 2245 §gg-¹¹¹*
459 2175 554 2214 Clypei
571 2179 789 2249 ggnigcatione
810 2181 943 2222 clypeum
966 2182 1068 2211 dixere
1091 2183 1222 2219 corium,
1261 2183 1292 2211 in
1314 2193 1373 2221 quo
1397 2182 1579 2211 Gabinorum
1604 2182 1708 2211 foedus
1732 2181 1923 2221 descriptum.
1949 2180 2038 2210 Dac-
2086 2177 2148 2208 Ga-

226 2228 319 2246 zorum
364 2227 378 2244 a
403 2226 526 2247 morum,
605 2228 639 2248 ot
669 2243 673 2249 ,

207 2300 262 2329 iius
284 2256 530 2342 (Aeu.ClIl,a{l).e)sz
554 2259 750 2300 clypeatus.
796 2267 849 2294 Pro
877 2266 1024 2304 equitibus
1056 2267 1161 2296 classes
1183 2267 1337 2307 pluraliter
1360 2271 1473 2296 veteres
1497 2266 1607 2296 dixisse
1629 2266 1728 2296 multis
1751 2265 1874 2306 probari
1897 2269 2004 2304 potest.
2048 2262 2144 2301 virgi-

867 2348 1017 2380 Classibus
1038 2351 1086 2381 hic
1109 2350 1198 2382 locus.

207 2384 243 2414 Et
266 2384 334 2413 alibi
357 2384 440 2421 (Aen.
454 2385 509 2421 111,
535 2387 637 2422 602.):

865 2431 932 2461 Scio
955 2444 999 2462 me
1022 2433 1135 2463 Danais
1156 2447 1171 2463 e
1193 2434 1336 2464 classibus
1359 2447 1455 2465 unum.
