2263 2668
234 162 307 195 6230
656 148 1004 183 COMMENTARII
1029 149 1077 182 IN
1103 146 1246 181 PAULI
1272 146 1469 181 DIACONI
1493 148 1750 182 EXCERPTA

232 254 264 281 jn
286 252 357 290 ipsis
380 249 455 278 Festi
480 244 584 274 serbis.
629 241 658 269 Si
687 240 763 269 enim
785 240 922 268 Sutrinae.
951 240 1080 278 legiones
1111 250 1178 268 cum
1209 239 1275 268 cibo
1304 250 1358 268 suo
1388 245 1506 278 praesto
1537 240 1639 269 adesse
1663 241 1759 270 iussae
1783 246 1868 277 sunt,
1907 246 1940 270 ut
1963 242 1992 270 id
2015 243 2174 281 aliquando

234 296 345 323 sactum
372 297 429 325 est,
466 297 523 315 non
555 284 658 321 utique
687 283 810 311 formari
838 283 906 311 inde
929 284 1027 321 potuit
1051 283 1241 321 proverbium
1266 283 1350 322 quasi
1371 289 1436 310 cant
1461 281 1610 320 Sutrium,
1645 284 1696 312 sed
1720 285 1805 324 quasi
1826 291 1893 312 eant
1917 283 2034 322 Sutrio,
2071 295 2138 314 cum
2160 297 2176 315 a

233 338 334 366 Sum-10
357 332 489 361 venirent
511 329 641 364 legiones
664 325 751 353 rebus
775 325 946 353 necessariis
969 326 1146 359 instructam
1173 325 1253 363 atqui
1278 325 1391 352 Gallico
1414 325 1546 353 tumultu
1570 326 1695 355 Sutrinis
1718 327 1825 355 milites
1849 327 2008 365 imperatos
2031 337 2178 366 nusquam

232 381 318 408 Jews,
353 373 433 409 Quid
450 370 560 408 igitur?
586 368 663 396 Audi
688 367 791 404 inod03
815 368 1003 396 distinctione
1027 372 1141 396 tantuin
1165 368 1243 405 apud
1260 368 1376 395 Festum
1400 372 1555 405 peccatum
1579 373 1636 405 est,
1661 369 1808 407 distingue
1830 369 1885 398 sic:
1910 369 2024 397 Gallico
2048 371 2178 399 tumultu

234 402 359 449 effictum
385 419 444 450 est,
475 412 614 448 Legiones
637 410 728 438 Sutrii
754 415 785 437 ut
807 415 927 448 praesto
951 415 1047 438 essent
1070 416 1124 440 eto.
1170 410 1233 438 Hoc
1257 414 1316 438 est:
1356 414 1387 437 ut
1409 409 1553 447 legiones,
1591 412 1738 440 Romanae
1761 412 1887 447 scilicet,
1917 411 2008 439 Sutrii
2031 412 2177 443 adessent.

232 463 341 498 Nempe
363 461 397 485 ut
419 455 487 484 inde
510 455 671 483 Hetruscos
694 452 846 491 pellerent.
884 453 956 481 Nam
982 453 1097 481 Gallico
1120 453 1250 481 tumultu
1273 453 1344 481 dum
1369 452 1470 480 Gallos
1487 453 1627 482 Camillus
1651 454 1856 492 persequitur,
1880 454 2018 482 Hetrusci
2042 455 2175 484 Sutrium

231 504 405 540 impugnant
428 498 562 535 illudque
586 496 735 524 deditione
759 495 888 533 capiunt.
931 496 1038 524 Eodem
1064 496 1110 523 die
1133 496 1256 523 Senatus
1280 495 1433 523 decretum
1456 495 1528 532 sert,
1553 501 1585 524 ut
1607 497 1736 525 Sutrium
1761 498 1816 525 iret
1833 497 1972 525 Camillus
1996 506 2063 525 eum
2086 497 2179 536 legie-

230 545 332 580 nibus,
361 541 420 570 hoe
443 545 485 569 est
507 539 597 568 Sutrii
623 543 738 576 praesto
762 542 836 565 esset
860 543 888 566 et
911 538 1038 566 Sutrinis
1063 538 1204 566 auxilium
1227 539 1326 567 ferret.
1366 537 1525 569 Vide‚Liv.
1549 538 1598 567 lib.
1613 539 1661 567 VI.
1683 544 1754 569 sect.
1769 542 1798 570 3.
1839 540 1942 567 Postea
1972 540 2083 569 sactum
2111 551 2180 579 pro-

230 587 365 616 verbium
390 582 519 612 Sutrium
549 582 634 621 quasi
660 587 740 615 eant,
777 584 805 608 et
834 579 869 608 de
892 580 927 608 iis
952 585 1143 619 usurpatum,
1179 591 1253 616 non,
1290 585 1323 608 ut
1345 580 1411 608 vult
1436 580 1553 616 Festus,
1590 582 1641 621 qui
1664 581 1745 610 rebus
1768 582 1827 609 suis
1850 580 2008 622 opibusque
2030 582 2125 624 officii
2146 582 2179 612 id

228 633 428 669 praestarent,
460 623 563 657 auibus
589 622 734 658 deberent,
768 622 819 650 sed
843 624 894 660 qui
916 623 1003 651 rebus
1026 623 1196 651 necessariis
1220 633 1283 651 sese
1306 622 1342 650 ad
1365 622 1477 660 aliquid
1501 624 1646 660 agendum
1669 625 1864 662 accingerent.
1896 623 1984 654 Duc.
2028 625 2123 655 Plaut.
2146 626 2179 654 in

233 672 336 700 Casina
360 670 391 708 (l.
411 659 471 705 c.):'
499 665 557 695 Sal
569 665 673 707 facito
697 663 764 692 dum
788 666 950 694 memineris
972 677 1082 702 versus,
1124 677 1196 706 quos·
1219 672 1318 694 cantat
1342 663 1437 693 colna:
1462 663 1533 694 Cum
1555 665 1620 696 cibo
1644 674 1703 695 tum
1727 667 1829 707 quiqui
1841 666 1962 708 facito,
1998 674 2029 695 ui
2052 669 2177 706 veniant,

231 714 316 754 quasi
336 719 400 740 eant
425 709 564 738 Sutrium.
609 708 670 736 Liv.
694 707 742 736 lib.
757 707 804 737 VI.
828 707 866 746 (e.
879 707 920 745 3.)
944 708 1063 743 scribit,
1096 709 1250 736 Camillum
1275 707 1406 735 Sutrium
1431 718 1520 745 quam
1544 709 1681 738 citissime
1703 719 1905 748 recuperasse.
1949 709 2065 738 Festum
2087 710 2178 747 igitur

233 757 389 795 opinamur
412 751 469 779 hoc
492 750 683 788 proverbium
706 749 764 778 hoc
791 750 856 778 loco
885 750 975 778 fuisse
1005 751 1231 790 interpretatum
1255 749 1385 778 Sutrium
1409 750 1465 785 ire,
1501 751 1622 790 eiusque
1652 753 1795 790 originem
1824 752 1978 781 tradidisse
2002 762 2038 780 ex
2062 752 2178 781 Gallico

232 798 374 830 tumultu,
398 804 464 822 cum
488 793 618 821 edictum
642 797 686 820 est
708 803 723 820 a
745 793 882 828 Camillo,
907 798 939 820 ut
961 793 1090 830 legiones
1114 804 1180 822 cum
1204 793 1269 821 cibo
1294 803 1347 821 suo
1370 793 1462 820 Sutrii
1485 799 1603 832 praesto
1627 800 1732 823 essent.
1752 795 1839 824 Ant,
1858 795 1953 833 Aug.
1987 793 2107 823 IlIerula
2126 806 2179 834 per

231 851 334 869 versus.
359 836 534 866 Memineris.
569 834 674 864 Goth.
712 833 799 872 Quod
822 842 923 864 cantat
947 834 1036 865 colas.
1074 836 1155 872 Quos
1180 847 1203 864 c.
1227 836 1322 864 colax.
1353 834 1460 865 Idem.
1501 834 1570 866 Cum
1594 848 1645 866 suo
1670 838 1780 877 cuique.
1818 838 1889 866 Cum
1915 837 1979 865 cibo
2004 843 2035 865 tu
2059 847 2178 875 quoque

234 892 290 911 eos.
313 879 419 908 Idem.
464 878 582 907 Scribe:
613 876 754 906 Plautus.-

686 945 728 951 —-
772 927 831 957 Sed
843 928 947 970 facito
971 928 1056 968 ddm,
1086 931 1247 960 memineris
1269 928 1381 967 versus,
1410 942 1482 971 quos
1505 930 1605 960 canta't
1629 930 1722 961 colax

688 970 758 1001 Czim
782 971 847 1001 cibo
871 984 922 1001 suo
945 972 1201 1015 quique,facito‚
1224 971 1356 1009 miniani,
1382 975 1467 1013 quasi
1489 981 1556 1002 eant
1579 973 1720 1004 Sturium.

397 1024 544 1063 Suopte.
590 1023 703 1051 Gloss.:
735 1021 810 1059 Suo,
836 1024 877 1063 τῷ
900 1023 981 1064 wigo,
1005 1026 1047 1064 τῷ
1070 1027 1199 1060 σαυτοῦ,
1223 1031 1325 1062 suapte
1346 1026 1388 1066 τῷ
1410 1025 1485 1066 ἰδίῳ.
1529 1025 1619 1061 Lege:
1652 1023 1769 1064 Suopte.
1801 1024 1887 1054 Dac.
1933 1024 2004 1062 Lege
2029 1023 2115 1053 etiam
2137 1026 2179 1066 τῷ

232 1070 342 1099 ἑαυτοῦ
364 1077 418 1106 pro
443 1068 570 1102 σαυτοῦ,
596 1066 627 1093 in
652 1065 811 1093 Glossario.
852 1066 987 1093 Ceterum
1010 1066 1123 1105 syllaba
1149 1067 1311 1095 derivativa
1332 1073 1395 1105 pte,
1419 1077 1493 1105 quae
1515 1068 1642 1095 recurrit
1663 1069 1694 1094 in
1717 1066 1849 1104 mihipte,
1873 1073 2033 1105 nostrapte,
2057 1073 2179 1104 meopte,

231 1118 358 1150 meapte,
386 1115 499 1148 tuopte,
530 1115 643 1147 tuopte,
673 1115 828 1146 meumpte,
859 1114 1002 1147 tuumpte,
1031 1116 1178 1148 suumpte,
1211 1109 1312 1137 eadem
1336 1114 1376 1136 est
1400 1114 1488 1148 atque
1510 1109 1684 1147 paragogica
1708 1109 1820 1147 syllaba
1843 1109 1872 1136 in
1895 1120 2020 1147 eumpse,
2057 1119 2179 1147 eampse,

232 1164 346 1192 reapse,
367 1162 466 1190 eapse,
489 1162 583 1189 sepse,
607 1151 682 1190 ipse,
707 1151 856 1189 sirempse,
879 1151 1008 1188 siremps.
1049 1151 1121 1179 Oria
1146 1156 1187 1180 est
1212 1162 1247 1179 ex
1270 1152 1419 1180 Sanscrita
1443 1162 1515 1180 voce
1538 1162 1604 1189 sva,
1629 1162 1704 1190 quae
1727 1151 1927 1191 possessivum
1951 1160 2114 1190 pronomen
2136 1155 2180 1178 est

232 1196 363 1224 omniun]
388 1204 588 1232 personarum.
634 1193 680 1220 Uti
705 1193 780 1220 enim
804 1203 840 1220 ex
864 1192 977 1220 Graeco
1003 1193 1086 1230 σφέ,
1126 1194 1206 1232 quod
1229 1195 1306 1222 idem
1331 1195 1452 1233 proprie
1475 1195 1612 1231 denotat,
1645 1200 1733 1233 atque
1756 1195 1872 1222 Sanscr.
1894 1204 1962 1230 sva,
1994 1198 2092 1221 ortum
2114 1193 2178 1230 ψὲ,

232 1239 274 1266 sic
297 1237 377 1276 apud
399 1236 518 1264 Latinos
540 1246 591 1264 sva
614 1234 684 1263 abiit
706 1236 736 1262 in
757 1246 808 1273 pse
829 1239 856 1263 et
878 1235 1005 1273 proinde
1030 1236 1059 1263 in
1080 1243 1137 1275 pte.
1181 1237 1338 1265 Praeterea
1364 1237 1401 1265 cf.
1421 1236 1589 1266 Johannsen
1618 1237 1664 1266 die
1687 1236 1781 1266 Lehre
1807 1237 1860 1266 der
1884 1236 1944 1264 Lat.
1967 1235 2180 1272 Wortbildung

233 1285 286 1309 cet.
311 1290 375 1318 pag.
388 1281 439 1310 96.

397 1318 575 1349 Suillurn.
599 1318 658 1357 (Ad
681 1329 709 1357 p.
723 1318 808 1357 247.)
832 1319 920 1357 Lege:
943 1318 980 1348 Et
1003 1321 1094 1349 surire
1116 1319 1262 1350 dicuntur.
1294 1321 1447 1359 Apuleius.
1479 1321 1678 1350 Glossarium:
1702 1321 1798 1357 Surit,
1822 1322 1930 1361 καπρᾷ.
1954 1319 2054 1349 Scal.
2093 1318 2180 1348 Suem

231 1370 347 1399 tamen,
379 1363 429 1400 qui
453 1362 580 1390 Adonim
602 1362 806 1397 interfecerat,
846 1371 912 1389 cun]
936 1362 1048 1391 Venere
1071 1363 1102 1390 in
1125 1363 1247 1400 gratiam
1270 1364 1392 1392 rediisse
1415 1369 1516 1392 narrat
1539 1363 1716 1392 Theocritus
1738 1365 1769 1392 in
1793 1363 2006 1400 elegantissimo
2029 1363 2082 1391 illo
2104 1372 2180 1400 poe—

233 1407 337 1441 matio,
361 1405 443 1443 quod
465 1405 495 1432 in
519 1408 669 1432 mortuum
693 1404 855 1432 Adonidem
880 1404 1007 1442 scripsit.
1030 1405 1109 1433 Illud
1132 1405 1170 1433 sis
1193 1406 1271 1434 vide.
1294 1406 1384 1436 Dae,
1431 1405 1501 1435 Cum
1524 1405 1628 1434 subare
1650 1413 1676 1434 et
1698 1405 1793 1434 subire
1815 1405 1960 1435 dicuntur.
1997 1405 2086 1443 Lege:
2112 1414 2179 1432 eum

232 1449 339 1477 subare
366 1453 393 1475 et
423 1447 516 1475 surire
546 1446 695 1475 dicuntur.
735 1446 849 1474 Monuit
873 1447 977 1484 Scalig.
1018 1446 1130 1476 Sabat-e
1153 1452 1249 1476 autem
1274 1453 1302 1476 et
1324 1449 1416 1476 surire
1438 1448 1581 1477 dicuntur
1603 1448 1744 1484 feminae,
1775 1458 1842 1476 cuin
1866 1447 1988 1475 libidine
2012 1447 2180 1476 excitantur

233 1490 426 1529 militiamque
445 1496 554 1529 petunt.
589 1488 701 1517 Subare
724 1489 759 1516 ab
783 1489 903 1517 Aeolico
929 1491 1025 1530 συβᾷν
1047 1501 1103 1528 pro
1128 1493 1219 1530 σι’ςῖν,
1243 1491 1291 1518 vel
1314 1502 1328 1519 a
1352 1489 1441 1519 subus
1463 1501 1518 1529 pro
1541 1490 1654 1528 suibus,
1679 1496 1711 1519 ut
1734 1491 1769 1518 ab
1793 1490 1914 1528 antiquo
1937 1490 2067 1527 genitivo
2090 1489 2181 1518 saeris

233 1534 324 1561 surii-e
347 1534 429 1570 quusi
452 1532 572 1568 πενίη,-
608 1531 649 1558 sic
674 1531 778 1559 Graeci
803 1531 839 1559 de
870 1531 972 1559 suibus
1004 1532 1120 1560 feminis
1149 1533 1253 1560 dicunt
1277 1535 1396 1573 καπρςῖν
1420 1538 1447 1560 et
1470 1534 1632 1572 καπρίζειν.
1673 1530 1798 1572 Κάπρος
1822 1534 1897 1561 enim
1922 1537 1963 1560 est
1985 1543 2085 1561 verres.
2123 1532 2180 1559 Ar-

232 1575 338 1603 nobius
369 1581 466 1602 tamen
496 1578 526 1601 et
551 1573 693 1611 Apuleius
722 1574 813 1601 sut-ire
840 1573 875 1601 de
904 1574 1034 1602 maribus
1064 1579 1217 1612 usurpant.
1264 1574 1377 1603 Sabat-e
1400 1575 1436 1603 de
1459 1575 1575 1603 feminis
1598 1576 1689 1603 ceteri
1712 1580 1858 1605 auctores.
1904 1574 2073 1614 Aristoteles
2097 1575 2180 1613 θυᾷν

234 1628 352 1655 quoque
376 1618 411 1644 de
435 1617 548 1644 leminis
573 1616 658 1651 dicit,
697 1626 763 1643 cum
787 1616 876 1644 maris
900 1616 1045 1645 desiderio
1068 1617 1186 1645 incitari
1209 1617 1370 1655 incipiunt,
1409 1618 1477 1655 quia
1501 1618 1651 1646 veteribus
1674 1620 1735 1653 θῦς
1757 1617 1834 1646 idem
1859 1617 1940 1655 quod
1963 1615 2008 1649 ὗς.
2051 1616 2107 1644 Sed
2130 1615 2180 1644 ubi

235 1670 341 1687 marem
364 1659 518 1687 admittere
542 1663 744 1697 occoeperunt
767 1668 801 1686 ac
825 1658 952 1687 subinde
975 1664 1129 1698 repetunt,
1154 1664 1225 1688 tunc
1248 1661 1400 1700 καπρίζειν
1423 1665 1451 1688 et
1474 1662 1593 1702 καπρᾷν
1617 1660 1759 1689 dicuntur
1782 1660 1876 1689 eidem
1893 1658 2082 1697 Philosopho.
2107 1658 2180 1686 Vide

235 1703 353 1731 Salmas.
376 1702 405 1730 in
429 1700 520 1730 Solin.
566 1700 650 1729 Dae.

399 1751 467 1780 Sus
491 1750 710 1780 Minervam.
736 1749 797 1791 (Ad
821 1749 947 1791 p.248.)
973 1752 1037 1781 Hoc
1061 1751 1254 1791 proverbium
1277 1753 1320 1782 sic
1342 1753 1450 1782 extulit
1472 1753 1622 1782 Theocrit.
1646 1752 1732 1792 [dyll.
1748 1752 1788 1790 V,
1812 1754 1902 1790 (23.):

912 1798 960 1839 ἲΤς
984 1801 1054 1834 ποτ’
1076 1801 1242 1835 Ἀθαναίαν
1265 1804 1327 1843 ἔριν
1349 1802 1464 1843 ἤρισεν.

238 1852 292 1878 l'bi
315 1852 509 1880 scholiastes:
545 1852 691 1890 παροιμία
720 1851 777 1882 ἐστὶ
805 1854 865 1882 τῶν
893 1857 956 1889 τοῖς
976 1856 1140 1891 κρείττοσιν
1162 1851 1384 1893 ἄντεριζόντων.
1430 1856 1532 1884 Cicero
1556 1855 1648 1894 Epist.
1672 1855 1723 1884 lib.
1737 1855 1788 1884 IX.
1812 1856 1866 1892 Ep.
1880 1855 1945 1886 18.:
1983 1852 2060 1881 Veni
2082 1853 2180 1892 igitur,

239 1893 264 1919 si
282 1894 324 1920 vir
345 1906 386 1930 es,
416 1902 440 1922 et
464 1893 543 1923 disce
564 1895 623 1922 iam
647 1895 866 1933 προλεγομένοις
888 1907 961 1935 quas
983 1898 1107 1936 quaeris.
1146 1895 1211 1925 Etsi
1232 1909 1281 1925 sus
1303 1897 1481 1927 Minervam.
1522 1899 1558 1926 Et
1584 1897 1673 1927 Acad.
1696 1902 1808 1936 quaest.
1831 1897 1880 1925 lib.
1894 1896 1915 1926 I.
1939 1896 2015 1934 (cap.
2029 1896 2087 1934 5.):
2122 1893 2181 1923 Sed

240 1933 309 1972 quid
331 1947 395 1973 ego,
420 1938 528 1976 inquit,
554 1943 604 1964 aut
627 1947 725 1964 sumne
747 1948 852 1973 sanus,
881 1939 931 1977 qui
952 1938 1025 1968 haec
1046 1950 1097 1967 vos
1120 1937 1230 1969 docet?
1258 1951 1325 1968 nam
1349 1941 1402 1968 etsi
1424 1952 1480 1970 non
1503 1952 1552 1969 sus
1574 1940 1759 1976 Eminet-vam,
1788 1947 1819 1968 ut
1841 1940 1940 1975 aiunt,
1970 1945 2067 1966 tamen
2088 1937 2182 1977 inepte

238 1976 368 2014 quisquis
391 1978 552 2006 Illinervam
578 1976 670 2007 docet.
715 1979 823 2007 Allusit
846 1980 894 2009 lib.
909 1981 942 2009 ll.
967 1981 1003 2009 de
1027 1983 1151 2010 Oratore
1174 1980 1252 2020 (cap.
1266 1981 1344 2021 57.):
1383 1981 1435 2011 Sic
1461 1994 1512 2022 ego
1540 1993 1617 2011 nunc
1641 1980 1747 2012 Crasso
1772 1981 1906 2010 audiente
1925 1981 2053 2020 primum
2075 1978 2182 2019 loquar·

241 2016 276 2045 cle
292 2017 427 2055 facetiis,
450 2027 474 2047 et
498 2019 605 2048 docebo
628 2032 692 2057 sus,
716 2028 746 2049 ut
769 2022 866 2058 aiunt,
890 2030 1034 2052 oratorem
1057 2035 1140 2062 eum,·
1169 2036 1251 2064 quem
1275 2036 1340 2053 cum
1366 2023 1486 2053 Catulus
1508 2036 1597 2064 nuper
1619 2024 1762 2061 audisset,
1782 2024 1886 2064 fenum
1909 2022 1986 2052 alios
2007 2020 2103 2051 aiebat
2123 2032 2182 2051 esse

241 2065 378 2105 oportere.
402 2060 486 2090 Dac.
532 2062 678 2099 Antiquos
701 2068 805 2092 auctor
827 2063 1026 2101 Euhemerus,
1058 2068 1107 2103 qui
1131 2067 1185 2094 suit
1208 2077 1245 2095 ex
1267 2067 1386 2095 civitate
1410 2067 1555 2104 Messana,
1584 2077 1630 2096 res
1653 2071 1748 2105 gestas
1772 2067 1849 2094 lovis
1872 2071 1901 2094 et
1922 2071 2103 2101 ceterorum,
2130 2063 2181 2101 qui

244 2101 288 2128 l)n
311 2105 468 2138 putantur,
492 2103 626 2141 collegit,
649 2104 846 2144 historiasque
870 2109 1026 2136 contexuit
1047 2119 1083 2136 ex
1105 2108 1199 2137 titulis
1222 2114 1251 2138 et
1272 2109 1517 2148 inscriptionibus
1539 2110 1647 2147 sacris,
1678 2119 1753 2148 quae
1775 2109 1807 2137 in
1830 2107 2042 2147 antiquissimis
2065 2106 2181 2147 templis

241 2141 425 2171 habebantur
448 2148 501 2171 eet.
546 2145 674 2174 Lactant.
699 2148 736 2175 de
760 2149 822 2178 fals.
846 2150 908 2179 [tel.
932 2150 982 2180 lib.
998 2150 1019 2179 I.
1043 2161 1106 2189 cap.
1122 2154 1170 2182 11.
1216 2150 1326 2182 Idem.

395 2184 545 2231 'Struea
588 2188 689 2216 strues
712 2191 841 2219 omnium
864 2202 965 2220 rerum
988 2194 1150 2222 exstructio
1174 2193 1336 2223 dicebatur.
1382 2194 1492 2223 Gloss.:
1523 2193 1639 2229 Sernes,
1669 2190 1766 2230 ξύλων
1790 2191 1888 2233 σωρὸς
1909 2190 1931 2232 ἢ
1951 2191 2002 2223 καὶ
2023 2189 2180 2231 θυμάτων.

244 2225 331 2254 Dac.
368 2226 441 2254 Vide
464 2235 552 2263 supra
576 2227 716 2259 Ferctum.

276 2310 280 2314 Ι
407 2266 586 2315 Struices.
631 2271 722 2317 Plaut.
738 2273 767 2300 in
784 2273 962 2306 Menaeclim.
977 2276 1013 2314 (Ι,
1039 2279 1065 2313 1,
1090 2276 1167 2316 26.):
1194 2278 1305 2306 Tantas
1320 2278 1440 2307 struices
1458 2279 1616 2308 concinnat
1628 2278 1803 2317 patinarias.
1821 2277 1911 2306 Ant.
1929 2276 2022 2316 Aug.
2051 2276 2180 2305 Naevius

244 2315 348 2357 etiam,
377 2313 451 2337 teste
473 2311 591 2357 Semne,
622 2321 680 2357 qui·
696 2318 739 2341 est
761 2315 790 2342 in
814 2316 930 2345 schedis
954 2319 1006 2354 (ad
1030 2319 1100 2350 Aen.
1116 2320 1172 2356 tv,
1195 2322 1267 2351 267.
1292 2330 1356 2359 pag.
1368 2322 1440 2352 341.
1465 2321 1510 2350 ed.
1534 2321 1638 2357 Dan),
1669 2321 1748 2349 dixit
1771 2319 1880 2349 Struix
1901 2317 2054 2348 malorum.
2078 2316 2178 2347 Scal-

245 2350 352 2379 Struzx
369 2355 399 2379 et
414 2349 512 2380 Strues
534 2351 638 2401 idem..
654 2354 701 2401 S.¹⁰
718 2355 845 2384 Naevius
866 2359 942 2387 dixit
962 2362 1061 2389 struiae
1083 2360 1244 2399 malorum,
1267 2368 1340 2391 teste
1354 2364 1466 2391 Servio.
1499 2363 1608 2391 Versus
1632 2363 1730 2392 Plauti
1752 2367 1796 2391 est
1818 2372 1855 2390 ex
1879 2360 2058 2390 Menaechm.
2079 2360 2142 2388 Act.
2154 2359 2177 2389 Ι.

244 2404 284 2421 se.
300 2396 331 2429 1,
355 2393 444 2431 (26.)
470 2392 558 2422 Dac-
597 2393 702 2424 Livius
723 2406 780 2434 quo
804 2396 944 2428 Castalia.
982 2402 1094 2431 Merula
1123 2404 1154 2431 in
1182 2410 1338 2434 comment.
1362 2405 1423 2434 suis
1445 2405 1483 2434 ad
1507 2405 1631 2435 Ennium
1656 2405 1814 2443 legendum
1835 2404 1956 2442 putavit
1978 2403 2081 2432 Livius
2101 2401 2180 2431 libro
