<?xml version="1.0" encoding="UTF-8"?>
<!DOCTYPE html PUBLIC "-//W3C//DTD XHTML 1.0 Transitional//EN"
    "http://www.w3.org/TR/xhtml1/DTD/xhtml1-transitional.dtd">
<html xmlns="http://www.w3.org/1999/xhtml" xml:lang="en" lang="en">
 <head>
  <title>
</title>
<meta http-equiv="Content-Type" content="text/html;charset=utf-8" />
  <meta name='ocr-system' content='tesseract 3.04.00' />
  <meta name='ocr-capabilities' content='ocr_page ocr_carea ocr_par ocr_line ocrx_word'/>
</head>
<body>
  <div class='ocr_page' id='page_1' title='image "./corpusgrammatico01linduoft_0335.png"; bbox 0 0 2263 2668; ppageno 0'>
   <div class='ocr_carea' id='block_1_1' title="bbox 496 197 1898 216">
    <p class='ocr_par' dir='ltr' id='par_1_1' title="bbox 496 197 1898 216">
     <span class='ocr_line' id='line_1_1' title="bbox 496 197 1898 216; baseline 0 2452"><span class='ocrx_word' id='word_1_1' title='bbox 496 197 1898 216; x_wconf 95' lang='lat' dir='ltr'> </span> 
     </span>
    </p>
   </div>
   <div class='ocr_carea' id='block_1_2' title="bbox 518 608 1569 667">
    <p class='ocr_par' dir='ltr' id='par_1_2' title="bbox 518 608 1569 667">
     <span class='ocr_line' id='line_1_2' title="bbox 518 608 1569 667; baseline 0 -2"><span class='ocrx_word' id='word_1_2' title='bbox 518 609 1054 667; x_wconf 84' lang='lat' dir='ltr'><strong>PRAEFATIO</strong></span> <span class='ocrx_word' id='word_1_3' title='bbox 1107 608 1569 665; x_wconf 78' lang='lat' dir='ltr'><strong>EDITORIS.</strong></span> 
     </span>
    </p>
   </div>
   <div class='ocr_carea' id='block_1_3' title="bbox 68 940 2019 2359">
    <p class='ocr_par' dir='ltr' id='par_1_3' title="bbox 68 940 2019 2359">
     <span class='ocr_line' id='line_1_3' title="bbox 71 940 2019 1020; baseline -0.002 -16"><span class='ocrx_word' id='word_1_4' title='bbox 71 940 292 1005; x_wconf 81' lang='lat' dir='ltr'>Phocam</span> <span class='ocrx_word' id='word_1_5' title='bbox 334 961 716 1019; x_wconf 65' lang='lat' dir='ltr'>Constantinopoli</span> <span class='ocrx_word' id='word_1_6' title='bbox 753 972 850 1020; x_wconf 86' lang='lat' dir='ltr'>post</span> <span class='ocrx_word' id='word_1_7' title='bbox 886 963 1163 1004; x_wconf 88' lang='lat' dir='ltr'>Priscianum</span> <span class='ocrx_word' id='word_1_8' title='bbox 1202 961 1553 1004; x_wconf 89' lang='lat' dir='ltr'>Grammaticam</span> <span class='ocrx_word' id='word_1_9' title='bbox 1593 964 1791 1005; x_wconf 78' lang='lat' dir='ltr'>docuisse</span> <span class='ocrx_word' id='word_1_10' title='bbox 1827 962 2019 1012; x_wconf 82' lang='lat' dir='ltr'>tradunt,</span> 
     </span>
     <span class='ocr_line' id='line_1_4' title="bbox 73 1045 2017 1104; baseline -0.002 -16"><span class='ocrx_word' id='word_1_11' title='bbox 73 1047 456 1103; x_wconf 83' lang='lat' dir='ltr'>quemadmodum</span> <span class='ocrx_word' id='word_1_12' title='bbox 494 1045 722 1087; x_wconf 80' lang='lat' dir='ltr'>Fabricius</span> <span class='ocrx_word' id='word_1_13' title='bbox 762 1046 809 1086; x_wconf 90' lang='lat' dir='ltr'>in</span> <span class='ocrx_word' id='word_1_14' title='bbox 848 1047 1121 1088; x_wconf 67' lang='lat' dir='ltr'>bibliotheca</span> <span class='ocrx_word' id='word_1_15' title='bbox 1157 1046 1317 1088; x_wconf 86' lang='lat' dir='ltr'>Latina</span> <span class='ocrx_word' id='word_1_16' title='bbox 1354 1048 1486 1088; x_wconf 83' lang='lat' dir='ltr'>refert</span> <span class='ocrx_word' id='word_1_17' title='bbox 1524 1056 1626 1089; x_wconf 88' lang='lat' dir='ltr'>tom.</span> <span class='ocrx_word' id='word_1_18' title='bbox 1657 1048 1737 1099; x_wconf 84' lang='grc' dir='ltr'>ΙΙΙ,</span> <span class='ocrx_word' id='word_1_19' title='bbox 1788 1061 1886 1104; x_wconf 80' lang='lat' dir='ltr'>pag.</span> <span class='ocrx_word' id='word_1_20' title='bbox 1918 1048 2017 1089; x_wconf 88' lang='grc'><strong>406.</strong></span> 
     </span>
     <span class='ocr_line' id='line_1_5' title="bbox 70 1128 2017 1173; baseline -0.001 -1"><span class='ocrx_word' id='word_1_21' title='bbox 70 1131 294 1172; x_wconf 87' lang='lat' dir='ltr'>Libellum</span> <span class='ocrx_word' id='word_1_22' title='bbox 334 1130 427 1171; x_wconf 90' lang='lat' dir='ltr'>eius</span> <span class='ocrx_word' id='word_1_23' title='bbox 469 1129 523 1170; x_wconf 88' lang='lat' dir='ltr'>de</span> <span class='ocrx_word' id='word_1_24' title='bbox 566 1129 745 1170; x_wconf 90' lang='lat' dir='ltr'>nomine</span> <span class='ocrx_word' id='word_1_25' title='bbox 787 1139 828 1171; x_wconf 91' lang='lat' dir='ltr'>et</span> <span class='ocrx_word' id='word_1_26' title='bbox 866 1131 999 1172; x_wconf 85' lang='lat' dir='ltr'>verbo</span> <span class='ocrx_word' id='word_1_27' title='bbox 1041 1130 1275 1172; x_wconf 88' lang='lat' dir='ltr'>Putschius</span> <span class='ocrx_word' id='word_1_28' title='bbox 1316 1131 1626 1173; x_wconf 79' lang='lat' dir='ltr'>emendaverat</span> <span class='ocrx_word' id='word_1_29' title='bbox 1663 1147 1685 1172; x_wconf 90' lang='lat' dir='ltr'>e</span> <span class='ocrx_word' id='word_1_30' title='bbox 1730 1131 1882 1173; x_wconf 89' lang='lat' dir='ltr'>codice</span> <span class='ocrx_word' id='word_1_31' title='bbox 1922 1128 2017 1171; x_wconf 85' lang='lat' dir='ltr'>MS.</span> 
     </span>
     <span class='ocr_line' id='line_1_6' title="bbox 70 1213 2018 1272; baseline -0.001 -17"><span class='ocrx_word' id='word_1_32' title='bbox 70 1214 279 1265; x_wconf 89' lang='lat' dir='ltr'>Puteani,</span> <span class='ocrx_word' id='word_1_33' title='bbox 313 1213 440 1253; x_wconf 89' lang='lat' dir='ltr'>cuius</span> <span class='ocrx_word' id='word_1_34' title='bbox 472 1213 690 1254; x_wconf 89' lang='lat' dir='ltr'>variantes</span> <span class='ocrx_word' id='word_1_35' title='bbox 722 1214 929 1255; x_wconf 90' lang='lat' dir='ltr'>lectiones</span> <span class='ocrx_word' id='word_1_36' title='bbox 964 1223 1198 1272; x_wconf 88' lang='lat' dir='ltr'>acceperat</span> <span class='ocrx_word' id='word_1_37' title='bbox 1226 1229 1252 1255; x_wconf 89' lang='lat' dir='ltr'>a</span> <span class='ocrx_word' id='word_1_38' title='bbox 1273 1213 1518 1272; x_wconf 81' lang='lat' dir='ltr'>Bongarsio</span> <span class='ocrx_word' id='word_1_39' title='bbox 1551 1225 1592 1257; x_wconf 88' lang='lat' dir='ltr'>et</span> <span class='ocrx_word' id='word_1_40' title='bbox 1617 1215 1782 1257; x_wconf 89' lang='lat' dir='ltr'>Ioanne</span> <span class='ocrx_word' id='word_1_41' title='bbox 1816 1229 1842 1255; x_wconf 89' lang='lat' dir='ltr'>a</span> <span class='ocrx_word' id='word_1_42' title='bbox 1866 1213 2018 1255; x_wconf 81' lang='lat' dir='ltr'>Wou-</span> 
     </span>
     <span class='ocr_line' id='line_1_7' title="bbox 69 1296 2016 1350; baseline -0.001 -12"><span class='ocrx_word' id='word_1_43' title='bbox 69 1312 171 1338; x_wconf 81' lang='lat' dir='ltr'>wer.</span> <span class='ocrx_word' id='word_1_44' title='bbox 231 1296 316 1337; x_wconf 82' lang='lat' dir='ltr'>Nos</span> <span class='ocrx_word' id='word_1_45' title='bbox 349 1297 396 1337; x_wconf 92' lang='lat' dir='ltr'>in</span> <span class='ocrx_word' id='word_1_46' title='bbox 427 1311 557 1338; x_wconf 88' lang='lat' dir='ltr'>usum</span> <span class='ocrx_word' id='word_1_47' title='bbox 588 1298 842 1339; x_wconf 82' lang='lat' dir='ltr'>vocavimus</span> <span class='ocrx_word' id='word_1_48' title='bbox 874 1298 1101 1339; x_wconf 88' lang='lat' dir='ltr'>Editiones</span> <span class='ocrx_word' id='word_1_49' title='bbox 1133 1298 1352 1339; x_wconf 88' lang='lat' dir='ltr'>Venetam</span> <span class='ocrx_word' id='word_1_50' title='bbox 1388 1308 1428 1340; x_wconf 91' lang='lat' dir='ltr'>et</span> <span class='ocrx_word' id='word_1_51' title='bbox 1457 1299 1800 1350; x_wconf 86' lang='lat' dir='ltr'>Ascensianam;</span> <span class='ocrx_word' id='word_1_52' title='bbox 1841 1298 2016 1339; x_wconf 88' lang='lat' dir='ltr'>codices</span> 
     </span>
     <span class='ocr_line' id='line_1_8' title="bbox 69 1380 2017 1440; baseline -0.001 -19"><span class='ocrx_word' id='word_1_53' title='bbox 69 1380 196 1421; x_wconf 88' lang='lat' dir='ltr'>MSS.</span> <span class='ocrx_word' id='word_1_54' title='bbox 227 1381 469 1421; x_wconf 82' lang='lat' dir='ltr'>habuimus</span> <span class='ocrx_word' id='word_1_55' title='bbox 508 1390 613 1432; x_wconf 87' lang='lat' dir='ltr'>tres,</span> <span class='ocrx_word' id='word_1_56' title='bbox 669 1380 1113 1439; x_wconf 84' lang='lat' dir='ltr'>Guelpherbytanum</span> <span class='ocrx_word' id='word_1_57' title='bbox 1151 1384 1515 1435; x_wconf 72' lang='lat' dir='ltr'>membraneum,</span> <span class='ocrx_word' id='word_1_58' title='bbox 1575 1383 2017 1440; x_wconf 69' lang='lat' dir='ltr'>Guelpherbytantuu</span> 
     </span>
     <span class='ocr_line' id='line_1_9' title="bbox 70 1463 2014 1524; baseline -0.002 -17"><span class='ocrx_word' id='word_1_59' title='bbox 70 1465 369 1515; x_wconf 73' lang='lat' dir='ltr'>chartaceum,</span> <span class='ocrx_word' id='word_1_60' title='bbox 404 1463 659 1506; x_wconf 84' lang='lat' dir='ltr'>Gothanum</span> <span class='ocrx_word' id='word_1_61' title='bbox 692 1465 997 1518; x_wconf 81' lang='lat' dir='ltr'>chartaceum3</span> <span class='ocrx_word' id='word_1_62' title='bbox 1031 1482 1225 1521; x_wconf 84' lang='lat' dir='ltr'>quorum</span> <span class='ocrx_word' id='word_1_63' title='bbox 1249 1468 1419 1524; x_wconf 86' lang='lat' dir='ltr'>primus</span> <span class='ocrx_word' id='word_1_64' title='bbox 1444 1468 1611 1522; x_wconf 80' lang='lat' dir='ltr'>integro</span> <span class='ocrx_word' id='word_1_65' title='bbox 1639 1475 1860 1524; x_wconf 78' lang='lat' dir='ltr'>segmento</span> <span class='ocrx_word' id='word_1_66' title='bbox 1888 1465 2014 1505; x_wconf 87' lang='lat' dir='ltr'>tertio</span> 
     </span>
     <span class='ocr_line' id='line_1_10' title="bbox 71 1547 2017 1606; baseline -0.002 -17"><span class='ocrx_word' id='word_1_67' title='bbox 71 1557 209 1600; x_wconf 84' lang='lat' dir='ltr'>caret,</span> <span class='ocrx_word' id='word_1_68' title='bbox 243 1557 437 1589; x_wconf 87' lang='lat' dir='ltr'>ceterum</span> <span class='ocrx_word' id='word_1_69' title='bbox 468 1549 613 1588; x_wconf 89' lang='lat' dir='ltr'>bonus</span> <span class='ocrx_word' id='word_1_70' title='bbox 648 1558 710 1589; x_wconf 87' lang='lat' dir='ltr'>est</span> <span class='ocrx_word' id='word_1_71' title='bbox 743 1558 784 1590; x_wconf 87' lang='lat' dir='ltr'>et</span> <span class='ocrx_word' id='word_1_72' title='bbox 815 1551 969 1591; x_wconf 89' lang='lat' dir='ltr'>aetatis</span> <span class='ocrx_word' id='word_1_73' title='bbox 1002 1551 1303 1602; x_wconf 81' lang='lat' dir='ltr'>venerandae3</span> <span class='ocrx_word' id='word_1_74' title='bbox 1336 1550 1448 1591; x_wconf 90' lang='lat' dir='ltr'>liber</span> <span class='ocrx_word' id='word_1_75' title='bbox 1477 1551 1628 1606; x_wconf 79' lang='lat' dir='ltr'>magni</span> <span class='ocrx_word' id='word_1_76' title='bbox 1652 1550 1906 1599; x_wconf 81' lang='lat' dir='ltr'>voluminis,</span> <span class='ocrx_word' id='word_1_77' title='bbox 1940 1547 2017 1602; x_wconf 89' lang='lat' dir='ltr'>qui</span> 
     </span>
     <span class='ocr_line' id='line_1_11' title="bbox 68 1631 2015 1691; baseline -0.001 -19"><span class='ocrx_word' id='word_1_78' title='bbox 68 1631 228 1672; x_wconf 77' lang='lat' dir='ltr'>Isidori</span> <span class='ocrx_word' id='word_1_79' title='bbox 257 1631 554 1688; x_wconf 74' lang='lat' dir='ltr'>Etymologias</span> <span class='ocrx_word' id='word_1_80' title='bbox 589 1632 724 1673; x_wconf 88' lang='lat' dir='ltr'>etiam</span> <span class='ocrx_word' id='word_1_81' title='bbox 756 1634 1074 1691; x_wconf 75' lang='lat' dir='ltr'>complectitur.</span> <span class='ocrx_word' id='word_1_82' title='bbox 1137 1631 1200 1675; x_wconf 82' lang='lat' dir='ltr'>Cf.</span> <span class='ocrx_word' id='word_1_83' title='bbox 1235 1633 1378 1673; x_wconf 89' lang='lat' dir='ltr'>Ebert.</span> <span class='ocrx_word' id='word_1_84' title='bbox 1410 1632 1618 1673; x_wconf 85' lang='lat' dir='ltr'>Biblioth.</span> <span class='ocrx_word' id='word_1_85' title='bbox 1654 1632 1841 1690; x_wconf 86' lang='lat' dir='ltr'>Guelph.</span> <span class='ocrx_word' id='word_1_86' title='bbox 1876 1631 2015 1673; x_wconf 83' lang='lat' dir='ltr'>Codd.</span> 
     </span>
     <span class='ocr_line' id='line_1_12' title="bbox 68 1715 2015 1774; baseline -0.001 -19"><span class='ocrx_word' id='word_1_87' title='bbox 68 1730 165 1771; x_wconf 81' lang='lat' dir='ltr'>pag.</span> <span class='ocrx_word' id='word_1_88' title='bbox 198 1719 293 1759; x_wconf 72' lang='lat'><strong>129.</strong></span> <span class='ocrx_word' id='word_1_89' title='bbox 333 1730 403 1756; x_wconf 91' lang='lat' dir='ltr'>no.</span> <span class='ocrx_word' id='word_1_90' title='bbox 431 1719 529 1760; x_wconf 84' lang='lat'>664.</span> <span class='ocrx_word' id='word_1_91' title='bbox 599 1716 722 1757; x_wconf 82' lang='lat' dir='ltr'>Alter</span> <span class='ocrx_word' id='word_1_92' title='bbox 755 1715 1174 1774; x_wconf 80' lang='lat' dir='ltr'>Guelpherbytanus</span> <span class='ocrx_word' id='word_1_93' title='bbox 1215 1716 1301 1756; x_wconf 89' lang='lat' dir='ltr'>duo</span> <span class='ocrx_word' id='word_1_94' title='bbox 1333 1716 1481 1772; x_wconf 88' lang='lat' dir='ltr'>priora</span> <span class='ocrx_word' id='word_1_95' title='bbox 1512 1726 1736 1773; x_wconf 81' lang='lat' dir='ltr'>segmenta</span> <span class='ocrx_word' id='word_1_96' title='bbox 1767 1731 1858 1757; x_wconf 85' lang='lat' dir='ltr'>non</span> <span class='ocrx_word' id='word_1_97' title='bbox 1891 1715 2015 1755; x_wconf 78' lang='lat' dir='ltr'>exhi-</span> 
     </span>
     <span class='ocr_line' id='line_1_13' title="bbox 68 1799 2015 1856; baseline -0.001 -18"><span class='ocrx_word' id='word_1_98' title='bbox 68 1799 166 1846; x_wconf 87' lang='lat' dir='ltr'>bet,</span> <span class='ocrx_word' id='word_1_99' title='bbox 210 1799 288 1840; x_wconf 87' lang='lat' dir='ltr'>sed</span> <span class='ocrx_word' id='word_1_100' title='bbox 319 1799 475 1856; x_wconf 83' lang='lat' dir='ltr'>incipit</span> <span class='ocrx_word' id='word_1_101' title='bbox 506 1813 532 1840; x_wconf 86' lang='lat' dir='ltr'>a</span> <span class='ocrx_word' id='word_1_102' title='bbox 563 1801 708 1841; x_wconf 87' lang='lat' dir='ltr'>verbis</span> <span class='ocrx_word' id='word_1_103' title='bbox 738 1800 855 1841; x_wconf 91' lang='lat' dir='ltr'>tertii</span> <span class='ocrx_word' id='word_1_104' title='bbox 886 1799 1099 1856; x_wconf 79' lang='lat' dir='ltr'>segmenti</span> <span class='ocrx_word' id='word_1_105' title='bbox 1130 1799 1308 1856; x_wconf 87' lang='lat' dir='ltr'>primis,</span> <span class='ocrx_word' id='word_1_106' title='bbox 1359 1813 1473 1853; x_wconf 85' lang='lat' dir='ltr'>quae</span> <span class='ocrx_word' id='word_1_107' title='bbox 1505 1799 1566 1840; x_wconf 91' lang='lat' dir='ltr'>ita</span> <span class='ocrx_word' id='word_1_108' title='bbox 1596 1801 1821 1855; x_wconf 74' lang='lat' dir='ltr'>leguntur:</span> <span class='ocrx_word' id='word_1_109' title='bbox 1875 1799 2015 1839; x_wconf 64' lang='lat' dir='ltr'>Foeli-</span> 
     </span>
     <span class='ocr_line' id='line_1_14' title="bbox 69 1882 2015 1941; baseline -0.001 -18"><span class='ocrx_word' id='word_1_110' title='bbox 69 1886 170 1923; x_wconf 72' lang='lat' dir='ltr'>citer</span> <span class='ocrx_word' id='word_1_111' title='bbox 201 1886 404 1935; x_wconf 74' lang='lat' dir='ltr'>exposilis</span> <span class='ocrx_word' id='word_1_112' title='bbox 434 1883 689 1924; x_wconf 69' lang='lat' dir='ltr'>Latinorum</span> <span class='ocrx_word' id='word_1_113' title='bbox 713 1893 791 1925; x_wconf 89' lang='lat' dir='ltr'>etc.</span> <span class='ocrx_word' id='word_1_114' title='bbox 852 1884 1048 1925; x_wconf 83' lang='lat' dir='ltr'>Libellus</span> <span class='ocrx_word' id='word_1_115' title='bbox 1082 1891 1232 1922; x_wconf 84' lang='lat' dir='ltr'>autem</span> <span class='ocrx_word' id='word_1_116' title='bbox 1265 1882 1319 1922; x_wconf 91' lang='lat' dir='ltr'>de</span> <span class='ocrx_word' id='word_1_117' title='bbox 1351 1883 1617 1940; x_wconf 74' lang='lat' dir='ltr'>aspiratione</span> <span class='ocrx_word' id='word_1_118' title='bbox 1643 1884 1861 1941; x_wconf 81' lang='lat' dir='ltr'>superiori</span> <span class='ocrx_word' id='word_1_119' title='bbox 1887 1897 2015 1940; x_wconf 79' lang='lat' dir='ltr'>prae—</span> 
     </span>
     <span class='ocr_line' id='line_1_15' title="bbox 71 1965 2016 2024; baseline 0.001 -17"><span class='ocrx_word' id='word_1_120' title='bbox 71 1965 208 2014; x_wconf 85' lang='lat' dir='ltr'>cedit,</span> <span class='ocrx_word' id='word_1_121' title='bbox 254 1965 509 2022; x_wconf 82' lang='lat' dir='ltr'>inscriptus:</span> <span class='ocrx_word' id='word_1_122' title='bbox 565 1968 731 2008; x_wconf 73' lang='lat' dir='ltr'>Phocae</span> <span class='ocrx_word' id='word_1_123' title='bbox 772 1967 820 2007; x_wconf 73' lang='lat' dir='ltr'>de</span> <span class='ocrx_word' id='word_1_124' title='bbox 859 1966 1186 2020; x_wconf 65' lang='lat' dir='ltr'>orthographia,</span> <span class='ocrx_word' id='word_1_125' title='bbox 1233 1966 1310 2020; x_wconf 85' lang='lat' dir='ltr'>qui</span> <span class='ocrx_word' id='word_1_126' title='bbox 1350 1967 1404 2007; x_wconf 89' lang='lat' dir='ltr'>ab</span> <span class='ocrx_word' id='word_1_127' title='bbox 1443 1966 1511 2006; x_wconf 84' lang='lat' dir='ltr'>his</span> <span class='ocrx_word' id='word_1_128' title='bbox 1545 1967 1690 2008; x_wconf 82' lang='lat' dir='ltr'>verbis</span> <span class='ocrx_word' id='word_1_129' title='bbox 1722 1967 1896 2024; x_wconf 86' lang='lat' dir='ltr'>incipit:</span> <span class='ocrx_word' id='word_1_130' title='bbox 1947 1968 2016 2008; x_wconf 74' lang='lat' dir='ltr'>De</span> 
     </span>
     <span class='ocr_line' id='line_1_16' title="bbox 70 2049 2013 2105; baseline -0.001 -14"><span class='ocrx_word' id='word_1_131' title='bbox 70 2051 327 2103; x_wconf 66' lang='lat' dir='ltr'>aspiratione</span> <span class='ocrx_word' id='word_1_132' title='bbox 359 2049 514 2090; x_wconf 71' lang='lat' dir='ltr'>dicturi</span> <span class='ocrx_word' id='word_1_133' title='bbox 545 2064 703 2091; x_wconf 77' lang='lat' dir='ltr'>Sumus.</span> <span class='ocrx_word' id='word_1_134' title='bbox 769 2053 921 2091; x_wconf 74' lang='lat' dir='ltr'>Omnia</span> <span class='ocrx_word' id='word_1_135' title='bbox 950 2054 1122 2090; x_wconf 77' lang='lat' dir='ltr'>nomina</span> <span class='ocrx_word' id='word_1_136' title='bbox 1154 2049 1329 2092; x_wconf 78' lang='lat' dir='ltr'>Graeca.</span> <span class='ocrx_word' id='word_1_137' title='bbox 1389 2049 1465 2091; x_wconf 83' lang='lat' dir='ltr'>Est</span> <span class='ocrx_word' id='word_1_138' title='bbox 1497 2050 1534 2090; x_wconf 90' lang='lat' dir='ltr'>is</span> <span class='ocrx_word' id='word_1_139' title='bbox 1567 2050 1686 2092; x_wconf 90' lang='lat' dir='ltr'>idem</span> <span class='ocrx_word' id='word_1_140' title='bbox 1718 2052 1877 2102; x_wconf 79' lang='lat' dir='ltr'>codex,</span> <span class='ocrx_word' id='word_1_141' title='bbox 1925 2065 2013 2105; x_wconf 85' lang='lat' dir='ltr'>qno</span> 
     </span>
     <span class='ocr_line' id='line_1_17' title="bbox 68 2128 2015 2192; baseline 0 -18"><span class='ocrx_word' id='word_1_142' title='bbox 68 2148 178 2174; x_wconf 89' lang='lat' dir='ltr'>usus</span> <span class='ocrx_word' id='word_1_143' title='bbox 212 2140 276 2173; x_wconf 84' lang='lat' dir='ltr'>est</span> <span class='ocrx_word' id='word_1_144' title='bbox 312 2128 532 2185; x_wconf 85' lang='lat' dir='ltr'>Osannus,</span> <span class='ocrx_word' id='word_1_145' title='bbox 565 2133 618 2175; x_wconf 88' lang='lat' dir='ltr'>V.</span> <span class='ocrx_word' id='word_1_146' title='bbox 644 2133 722 2184; x_wconf 74' lang='lat' dir='ltr'>CL,</span> <span class='ocrx_word' id='word_1_147' title='bbox 755 2134 801 2173; x_wconf 89' lang='lat' dir='ltr'>in</span> <span class='ocrx_word' id='word_1_148' title='bbox 835 2133 1017 2173; x_wconf 81' lang='lat' dir='ltr'>edendis</span> <span class='ocrx_word' id='word_1_149' title='bbox 1048 2134 1222 2188; x_wconf 75' lang='lat' dir='ltr'>Apuleii</span> <span class='ocrx_word' id='word_1_150' title='bbox 1253 2134 1306 2175; x_wconf 91' lang='lat' dir='ltr'>de</span> <span class='ocrx_word' id='word_1_151' title='bbox 1339 2134 1604 2192; x_wconf 87' lang='lat' dir='ltr'>aspiratione</span> <span class='ocrx_word' id='word_1_152' title='bbox 1630 2143 1670 2176; x_wconf 87' lang='lat' dir='ltr'>et</span> <span class='ocrx_word' id='word_1_153' title='bbox 1702 2134 2015 2192; x_wconf 78' lang='lat' dir='ltr'>orthographia</span> 
     </span>
     <span class='ocr_line' id='line_1_18' title="bbox 73 2213 2014 2276; baseline -0.001 -18"><span class='ocrx_word' id='word_1_154' title='bbox 73 2217 248 2258; x_wconf 88' lang='lat' dir='ltr'>libellis.</span> <span class='ocrx_word' id='word_1_155' title='bbox 310 2213 513 2257; x_wconf 85' lang='lat' dir='ltr'>Continet</span> <span class='ocrx_word' id='word_1_156' title='bbox 545 2217 660 2257; x_wconf 89' lang='lat' dir='ltr'>enim</span> <span class='ocrx_word' id='word_1_157' title='bbox 687 2216 866 2272; x_wconf 78' lang='lat' dir='ltr'>Apuleii</span> <span class='ocrx_word' id='word_1_158' title='bbox 899 2216 951 2256; x_wconf 86' lang='lat' dir='ltr'>de</span> <span class='ocrx_word' id='word_1_159' title='bbox 982 2225 1087 2258; x_wconf 90' lang='lat' dir='ltr'>nota</span> <span class='ocrx_word' id='word_1_160' title='bbox 1118 2218 1395 2275; x_wconf 84' lang='lat' dir='ltr'>aspirationis</span> <span class='ocrx_word' id='word_1_161' title='bbox 1429 2227 1469 2259; x_wconf 86' lang='lat' dir='ltr'>et</span> <span class='ocrx_word' id='word_1_162' title='bbox 1496 2219 1549 2259; x_wconf 90' lang='lat' dir='ltr'>de</span> <span class='ocrx_word' id='word_1_163' title='bbox 1581 2219 1863 2276; x_wconf 77' lang='lat' dir='ltr'>diphthongis</span> <span class='ocrx_word' id='word_1_164' title='bbox 1889 2218 2014 2258; x_wconf 76' lang='lat' dir='ltr'>libel—</span> 
     </span>
     <span class='ocr_line' id='line_1_19' title="bbox 71 2298 2011 2359; baseline -0.001 -18"><span class='ocrx_word' id='word_1_165' title='bbox 71 2301 160 2352; x_wconf 83' lang='lat' dir='ltr'>los,</span> <span class='ocrx_word' id='word_1_166' title='bbox 211 2299 353 2340; x_wconf 70' lang='lat' dir='ltr'>Servii</span> <span class='ocrx_word' id='word_1_167' title='bbox 382 2298 595 2339; x_wconf 81' lang='lat' dir='ltr'>Honorati</span> <span class='ocrx_word' id='word_1_168' title='bbox 627 2298 963 2351; x_wconf 62' lang='lat' dir='ltr'>Centilnetlutm,</span> <span class='ocrx_word' id='word_1_169' title='bbox 1022 2301 1210 2343; x_wconf 86' lang='lat' dir='ltr'>eundem</span> <span class='ocrx_word' id='word_1_170' title='bbox 1242 2302 1295 2342; x_wconf 91' lang='lat' dir='ltr'>de</span> <span class='ocrx_word' id='word_1_171' title='bbox 1330 2299 1659 2359; x_wconf 80' lang='lat' dir='ltr'>Orthographia</span> <span class='ocrx_word' id='word_1_172' title='bbox 1693 2312 1733 2343; x_wconf 89' lang='lat' dir='ltr'>ct</span> <span class='ocrx_word' id='word_1_173' title='bbox 1762 2303 1815 2342; x_wconf 88' lang='lat' dir='ltr'>de</span> <span class='ocrx_word' id='word_1_174' title='bbox 1848 2300 2011 2341; x_wconf 83' lang='lat' dir='ltr'>ultimis</span> 
     </span>
    </p>
   </div>
   <div class='ocr_carea' id='block_1_4' title="bbox 68 2381 2009 2441">
    <p class='ocr_par' dir='ltr' id='par_1_4' title="bbox 68 2381 2009 2441">
     <span class='ocr_line' id='line_1_20' title="bbox 68 2381 2009 2441; baseline -0.003 -15"><span class='ocrx_word' id='word_1_175' title='bbox 68 2383 269 2441; x_wconf 63' lang='lat' dir='ltr'>syllabis,</span> <span class='ocrx_word' id='word_1_176' title='bbox 326 2381 502 2438; x_wconf 78' lang='lat' dir='ltr'>Georgii</span> <span class='ocrx_word' id='word_1_177' title='bbox 534 2382 879 2424; x_wconf 83' lang='lat' dir='ltr'>Mediolanensis</span> <span class='ocrx_word' id='word_1_178' title='bbox 919 2384 1054 2440; x_wconf 84' lang='lat' dir='ltr'>pedes</span> <span class='ocrx_word' id='word_1_179' title='bbox 1086 2386 1289 2427; x_wconf 87' lang='lat' dir='ltr'>metricos</span> <span class='ocrx_word' id='word_1_180' title='bbox 1323 2395 1363 2426; x_wconf 89' lang='lat' dir='ltr'>et</span> <span class='ocrx_word' id='word_1_181' title='bbox 1395 2386 1561 2427; x_wconf 86' lang='lat' dir='ltr'>inedita</span> <span class='ocrx_word' id='word_1_182' title='bbox 1600 2387 1816 2440; x_wconf 78' lang='lat' dir='ltr'>quaedam</span> <span class='ocrx_word' id='word_1_183' title='bbox 1852 2384 1904 2422; x_wconf 81' lang='lat' dir='ltr'>dc</span> <span class='ocrx_word' id='word_1_184' title='bbox 1938 2395 2009 2420; x_wconf 71' lang='lat' dir='ltr'>asr-</span> 
     </span>
    </p>
   </div>
  </div>
 </body>
</html>
