2263 2668
441 112 503 145 DE
531 112 803 148 VERBORUM
829 109 1219 148 SIGNlFchTloNE
1246 110 1559 146 FRAGMENTA.
1816 109 1889 142 271

111 217 159 243 et:

213 259 310 292 Cum
338 258 542 290 recordor
570 259 658 291 eius
684 258 892 299 ferocem,
936 262 975 290 et
1001 261 1164 288 torvam
1191 256 1514 291 confidentiam.

110 310 327 345 Turbelas
342 313 354 325 *
379 309 497 342 dixisse
521 310 688 353 antiquos,
717 322 798 353 quas
821 320 907 342 nunc
927 309 1037 341 turbas
1061 307 1288 351 appellamus,
1315 309 1403 340 testis
1427 313 1473 340 est
1492 308 1628 341 Plautus
1650 306 1683 339 in
1701 304 1890 339 Pseudolo:

213 362 305 403 Quo
333 361 448 394 alto*
475 366 513 394 et
539 367 716 404 quantas
743 363 902 394 soleam
929 359 1123 392 turbelas
1151 359 1260 392 dare.

110 415 143 447 Τ
155 411 347 447 utu1u1n⁵
374 413 486 446 vocari
512 413 601 445 aiunt
624 413 882 446 Flaminicarum
909 411 1024 456 capitis
1051 416 1298 451 ornamentum,
1337 410 1428 453 quod
1456 410 1513 443 fiat
1539 410 1618 442 vitta
1643 418 1814 453 purpurea
1840 406 1891 439 in—

111 477 194 499 nexa
221 465 364 498 crinibus
392 470 424 497 et
450 469 634 498 extructum
659 464 692 496 in
719 463 933 497 altitudinem.
971 462 1109 506 quidam
1135 462 1261 507 pileum
1288 463 1435 495 lanatum
1461 463 1568 495 forma
1596 458 1735 494 metali⁶
1762 459 1890 503 figura-

112 524 201 558 tum,
237 527 305 560 quo
331 516 497 548 Flamines
524 528 563 550 ac
583 516 761 549 Pontifices
788 521 939 556 utuntur,
980 514 1101 547 eodem
1128 514 1262 546 nomine
1289 513 1409 548 vocari.
1462 513 1604 546 Ennius:

213 564 279 615 liu
298 569 435 610 baque
462 568 639 601 fictores
665 578 867 612 argaeos,
904 572 942 598 et
968 566 1199 599 tutulatos.
1780 558 1887 606 [162]

117 619 228 652 Taor
254 619 371 657 video;
407 619 542 659 Timor,
576 619 725 652 defendo
750 620 784 652 in
812 629 875 651 usa
902 618 983 651 olim
999 617 1086 663 snit.
1114 617 1173 650 sed
1199 617 1266 650 iam
1292 617 1482 661 promiscue
1509 620 1658 657 utuntur,
1691 616 1723 646 et
1744 612 1889 658 ponitur

111 675 229 713 tueor,
264 682 326 715 pro
354 670 470 709 vide03
505 677 538 703 et
564 677 744 711 contueor,
771 681 841 716 pro
868 668 1030 714 defendo.
1090 667 1314 714 Tuguria⁷
1342 680 1362 701 a
1386 672 1476 702 tecto
1504 667 1716 711 appellantur
1743 662 1890 697 domici-

112 723 162 756 lia
190 723 396 755 rusticorum
424 722 568 754 sordida.
622 723 778 755 Afranius
802 722 835 754 in
856 721 1023 767 Virgine:

217 773 459 807 Sordidum
486 774 704 818 tugurium
734 779 794 806 est
820 778 955 817 turpe.

117 825 292 859 Caecilius
318 825 353 858 in
377 825 673 870 Hypobolimaeo:

215 877 457 909 Habitabat
485 877 524 909 in
552 877 755 922 tugurio,
792 876 886 909 sine
913 875 1129 919 operculo.

112 939 180 971 quo
216 928 348 960 nomine
381 928 541 961 Valerius
573 929 607 961 in
643 928 888 973 explanatione
922 926 997 959 XII.
1031 927 1076 958 ait
1108 925 1207 959 etiam

112 980 262 1012 Tuscum
288 979 396 1013 vicum
424 980 531 1013 ceteri
558 980 699 1024 quidem
725 990 842 1012 omncs
868 979 1053 1023 scriptores
1079 977 1205 1010 dictum
1232 976 1324 1008 aiunt
1350 976 1391 1008 ab
1419 985 1476 1013 eo,
1504 973 1598 1018 qaod
1620 972 1776 1004 Porsena
1802 980 1892 1015 rege

113 1031 361 1064 descendente*
385 1032 428 1064 ab
456 1032 649 1068 obsidione,
675 1030 906 1063 remanserint
929 1031 1078 1071 Romae,
1104 1029 1250 1071 locoque
1276 1027 1329 1060 his
1357 1027 1453 1065 dato,
1487 1025 1534 1058 ibi
1561 1023 1796 1057 habitaverint
1823 1021 1890 1054 l'e-

113 1083 216 1115 lentes
239 1083 355 1115 fratres
379 1082 476 1116 Celes
499 1089 532 1116 et
556 1083 703 1123 Vibena,
730 1082 824 1115 unde
844 1085 926 1127 post
948 1082 1064 1121 eiecti,
1092 1080 1185 1126 quod
1205 1079 1426 1122 Tarquinium
1445 1078 1591 1110 Romam
1611 1086 1724 1108 secum
1747 1073 1892 1106 maxime

114 1134 284 1167 reducere
310 1135 484 1180 cupierint.
537 1134 587 1168 M.
616 1134 740 1175 Varro,
783 1133 875 1177 quod
903 1145 942 1166 ex
970 1133 1090 1167 Coelio
1121 1133 1156 1165 in
1192 1142 1270 1165 eum
1305 1131 1419 1164 locum
1454 1128 1598 1162 deducti
1632 1128 1705 1160 sint.
1763 1124 1887 1158 Toxi-

114 1197 202 1218 cum
237 1185 357 1219 dicitur
382 1186 572 1220 cervarium
598 1197 781 1226 venenum,
823 1197 890 1230 qno
916 1185 1054 1229 quidam
1082 1195 1272 1229 perungere
1298 1182 1441 1227 sagittas
1464 1180 1556 1214 soliti
1581 1182 1669 1213 sunt.
1723 1176 1887 1211 Caecilius

113 1239 144 1270 in
173 1237 303 1270 Gamo:

215 1288 269 1321 Ut
296 1287 510 1321 hominem
537 1288 739 1321 miserum
766 1288 908 1320 toxico
935 1287 1204 1332 transegerit.

112 1339 272 1372 Afranius
298 1340 332 1372 in
385 1364 391 1371 .
508 1365 515 1372 .
570 1365 578 1373 .

215 1391 405 1424 uxorium
431 1390 542 1424 istud
570 1391 750 1424 toxicum
778 1390 948 1423 mittite.

118 1442 277 1476 Tuscos
310 1442 446 1487 quidam
480 1443 587 1476 dictos
622 1442 711 1474 aiunt
737 1455 756 1475 a
783 1443 897 1476 Tusco
931 1452 1022 1486 rege
1046 1439 1209 1473 Herculis
1243 1438 1323 1473 filio.
1378 1436 1445 1470 Alii
1472 1434 1565 1479 quod
1592 1434 1679 1467 unici
1705 1431 1801 1465 studii
1827 1430 1889 1462 sint

112 1493 386 1540 sacrificiorum,
413 1505 453 1526 ex
476 1494 629 1535 Graeco,
664 1494 755 1527 velut
782 1490 968 1529 θυοσκόοι.
1027 1492 1129 1525 Unde
1155 1490 1342 1523 Tusculum
1369 1489 1411 1521 ab
1439 1487 1556 1520 eadem
1585 1497 1683 1519 causa
1708 1482 1889 1517 sacrificio-

113 1557 204 1585 rum,
231 1546 285 1578 vel
311 1546 404 1589 qaod
430 1546 567 1578 aditum
595 1544 779 1590 dg'fflcilem
805 1544 947 1584 habeat,
977 1543 1011 1577 id
1040 1548 1106 1585 est,
1142 1540 1323 1578 δύσκολον.
1383 1539 1568 1573 Tumidum
1589 1537 1678 1570 Stilo
1702 1535 1816 1569 Aelius
1843 1533 1889 1566 Sic

115 1596 244 1628 definit:
286 1596 452 1629 Tumulus
480 1603 527 1629 est
554 1597 712 1629 cumulus
738 1607 865 1629 arenae
893 1595 998 1629 editus
1024 1594 1208 1628 secundum
1235 1603 1326 1625 mare
1352 1591 1508 1625 fluctibus
1534 1589 1566 1621 in
1593 1589 1706 1622 altam
1733 1587 1889 1620 elevatus.

116 1647 203 1679 unde
235 1647 384 1680 similiter
415 1652 447 1680 et
479 1647 691 1680 manufactus
723 1651 756 1680 et
787 1647 949 1680 naturalis
974 1647 1113 1692 proprie
1140 1645 1207 1679 dici
1235 1648 1352 1688 potest.
1404 1637 1734 1675 Tumultnariiss
1761 1636 1890 1690 milites,

115 1698 268 1730 dicuntur
293 1698 370 1732 lecti
396 1699 442 1731 ob
468 1699 612 1732 subitum
638 1699 813 1740 timorem,
839 1699 930 1732 unde
957 1699 1056 1731 etiam
1083 1698 1263 1730 tumultum
1290 1696 1357 1729 dici
1384 1695 1429 1727 ait
1448 1693 1601 1734 Verrius,
1628 1690 1707 1734 quia
1731 1700 1798 1722 non
1820 1687 1890 1720 ali-

114 1750 208 1782 unde
233 1750 258 1782 is
284 1755 419 1782 ornatur
430 1754 453 1789 *,
487 1762 586 1793 quam
614 1751 656 1783 ab
684 1751 804 1784 ltalicis
831 1756 863 1783 et
885 1750 1026 1783 Gallicis
1052 1748 1248 1783 hominibus
1269 1743 1289 1796 Η
1313 1746 1371 1792 qui
1396 1745 1573 1778 imminent
1598 1742 1723 1776 ltaliae.
1779 1737 1887 1786 [163]

114 1801 226 1844 itaque
252 1801 379 1834 nullum
407 1803 607 1841 tumultum,
647 1806 897 1846 praeterquam
921 1802 1109 1843 Gallicum,
1154 1805 1210 1833 aut
1237 1798 1455 1831 domesticum
1481 1793 1717 1828 nominabant.
1783 1790 1888 1824 Tho-

114 1853 244 1885 mices
272 1852 411 1886 Graeco
438 1855 571 1886 nomine
597 1854 809 1897 appellantur
835 1853 963 1887 canabi
994 1853 1157 1898 impoliti,
1201 1856 1234 1884 et
1260 1855 1373 1895 sparto
1400 1848 1516 1881 leviter
1541 1851 1649 1879 tortae
1675 1846 1802 1884 restes,
1844 1852 1888 1874 ex

114 1904 236 1948 quibas
253 1902 363 1949 sanes
388 1904 479 1937 fiunt.
533 1905 697 1938 Lucilius:

217 1955 404 1988 Vidimus
430 1957 622 1989 vinctum
650 1956 839 1989 thomice
865 1955 1091 1989 canabina.

1260 946 1637 958 .......

1690 919 1785 964 signi
1815 918 1890 951 cari.

114 2087 144 2126 5)
157 2088 329 2126 Tutulum.]
350 2088 380 2117 ln
404 2090 565 2128 exemplari
587 2090 626 2119 ila
649 2091 736 2128 plane
760 2091 976 2127 esttformam

113 2145 123 2158 ι
144 2132 219 2167 tali,
246 2132 324 2159 unde
347 2133 375 2160 in
399 2132 550 2161 edilitione
572 2133 801 2170 Augustiniana‚
833 2134 940 2170 forma
963 2143 977 2159 e

113 2174 171 2201 talc·
197 2173 375 2212 impressum
398 2180 462 2212 est,
493 2185 559 2204 cum
579 2177 689 2213 forma
710 2176 816 2203 metali
838 2174 975 2204 scriben-

112 2215 182 2244 dum
207 2216 320 2247 fuisset.
344 2217 438 2246 Varro
463 2217 514 2246 lib.
535 2220 581 2249 6.:
604 2217 738 2246 Tutulati
761 2217 832 2246 dicti
856 2216 898 2254 hi,
925 2216 977 2255 qui

111 2258 141 2288 in
166 2258 314 2298 capitibus
342 2258 453 2289 habere
475 2260 589 2297 solent,
626 2264 662 2289 ut
683 2264 800 2288 metam.
851 2259 977 2289 Tertul-

111 2301 208 2329 h'anua
230 2302 261 2330 in
291 2301 341 2331 lib.
372 2302 411 2332 de
435 2303 542 2342 pallio:
585 2302 670 2331 Tunc
692 2302 856 2331 certissime
885 2311 975 2341 supra

111 2353 212 2372 omnes
247 2345 375 2374 exuvias
407 2351 530 2384 augusta
567 2345 656 2375 vestis
690 2354 838 2384 superque
873 2354 974 2374 omnen

112 2387 230 2424 apices,
268 2397 301 2416 ac
327 2387 440 2417 tutulos
471 2398 554 2418 sacer
582 2392 734 2426 suggestus
757 2387 881 2417 deducit
903 2397 976 2415 ocu-

1021 2089 1075 2116 los.
1098 2087 1129 2115 in
1153 2085 1281 2124 vulgatis
1305 2089 1403 2114 tamen
1425 2084 1550 2120 titulos,
1572 2080 1626 2110 sed
1647 2082 1788 2117 corrupte
1810 2076 1883 2115 legi-

1019 2136 1076 2159 tur.
1140 2129 1230 2157 Vetus
1265 2127 1353 2156 etiam
1388 2126 1467 2166 apud
1507 2135 1554 2154 me
1588 2122 1742 2161 inscriptio
1776 2119 1881 2148 habet:

1019 2171 1197 2202 APONIAE.
1233 2170 1266 2199 Α.
1294 2169 1430 2199 TVTVL.
1469 2165 1687 2197 ORNATRICL
1737 2163 1816 2193 UrS.
1842 2180 1881 2185 --

1019 2215 1049 2252 6)
1072 2215 1184 2244 Forma
1209 2224 1224 2243 e
1246 2213 1306 2241 tali
1334 2212 1408 2243 Ven.
1440 2211 1516 2240 Scal.
1543 2225 1586 2232 -—-
1620 2209 1657 2245 7)·
1683 2204 1881 2246 Tuguriam]

1019 2257 1154 2287 Valerius
1176 2257 1207 2286 in
1229 2255 1439 2295 explanatione
1457 2253 1525 2284 XII.
1538 2252 1647 2282 citatur
1667 2250 1698 2279 in
1716 2248 1808 2280 verbo
1829 2248 1881 2276 Sa-

1017 2305 1111 2330 nates.
1147 2299 1226 2330 Urs.
1250 2317 1288 2322 -—
1319 2297 1351 2337 8)-
1377 2292 1614 2335 Τωπιιίἰιιανίί.],
1632 2292 1782 2324 Videndus
1805 2291 1880 2320 Ser-

1017 2343 1082 2372 vius
1105 2342 1189 2372 initio
1210 2341 1261 2371 hb.
1276 2344 1305 2374 8.
1328 2341 1399 2372 Aen.
1416 2339 1625 2370 Domesticum
1648 2341 1747 2366 autem
1775 2334 1879 2364 Festus

1017 2385 1108 2425 dicit,
1131 2394 1223 2424 quem.
1241 2384 1346 2414 Cicero
1366 2383 1418 2416 lib.
1440 2385 1469 2416 8.
1497 2381 1629 2421 Philipp.
1658 2377 1789 2419 appellat
1813 2375 1879 2405 lca-

1900 310 1930 336 Ἴ.
1940 311 2064 336 turbellas

1901 362 1938 389 Ὗ.
1958 362 2064 395 Quales,

1900 1022 1910 1032 '
1918 1021 1936 1045 f.
1963 1020 2047 1046 disce-

1941 1055 2017 1080 dente

1905 1744 1934 1770 Ἰ-
1954 1744 2050 1770 oriatur
