2263 2668
520 105 584 139 DE
611 103 999 139 SIGNIFICATIONE
1025 100 1308 136 VERBORUM.
1366 101 1510 137 LIBER
1535 102 1593 136 IX.
1946 102 2022 137 455

83 204 166 233 ribus
189 200 333 241 praefica,
362 204 396 228 ut
419 199 515 227 omnia
537 203 658 237 peracta
679 197 865 236 significaret.
909 196 1018 225 Mirum
1040 198 1154 231 tamen,
1183 195 1213 223 ni
1235 195 1366 234 respexit
1388 195 1426 224 ad
1447 195 1522 224 illud
1545 196 1661 225 Terent.
1686 193 1821 224 Eunuch.
1839 193 1867 229 Ι,
1893 197 1928 231 1,
1951 195 2021 233 (9.);

82 246 195 276 Actum
225 251 283 279 est,
320 241 417 278 ilicet,
449 242 559 281 peristi.
603 241 686 269 Hanc
714 241 790 269 enim
816 237 849 271 τὸ
877 238 958 267 ilicet
978 237 1058 266 Festi
1086 238 1358 276 interpretationem
1387 239 1466 268 ferre
1493 243 1606 278 potest,
1640 239 1693 266 etsi
1723 246 1839 276 semper
1861 237 1897 265 ab
1920 238 2020 267 eodem

82 297 167 317 more
189 286 313 315 ductum
337 285 384 313 sit.
408 283 498 313 Dae.
543 283 679 312 Glossae:
710 282 813 320 Ilicet,
836 280 962 317 scilicet,
986 281 1048 309 aine
1070 278 1168 310 dubio.
1214 279 1318 309 Goth.

246 325 470 356 Ianiculum.
522 326 638 355 Dictum
668 325 768 364 potius
795 335 812 353 a
840 323 1042 354 vetustissimo
1073 322 1201 362 oppido,
1239 323 1319 362 quod
1349 320 1440 352 Ianus
1467 323 1609 353 condidit.
1659 321 1700 351 De
1730 331 1790 360 quo
1820 321 1922 361 virgil.
1943 323 2021 354 Vffl.

84 373 158 403 Aen.
181 371 300 408 (358.):

619 408 682 439 Hic
707 408 765 439 cluo
786 416 933 449 praeterea
955 405 1085 436 disiectis
1106 405 1215 446 oppida
1237 408 1328 436 muris

615 450 784 492 Relliquias
807 459 984 490 veterumque
1007 447 1086 478 vides
1109 457 1294 478 monumenta
1314 451 1453 481 virorum.

617 493 710 523 Hanc
732 494 823 523 lanus
842 500 943 532 pater,
967 491 1044 520 hano
1062 490 1208 520 Saturnus
1231 490 1365 521 condidit
1385 502 1491 529 arcem,

618 534 785 565 Ianiculum
807 535 872 573 illi,
900 535 967 564 huic
979 534 1088 577 fuerat
1110 532 1252 563 Saturnia
1274 545 1385 564 nomen.

84 581 173 612 Dm
249 620 388 650 mutis.
433 620 558 649 Ovidius
581 621 635 650 nb.
648 621 671 651 1.
693 622 771 651 fast.
795 620 888 660 (56.);

705 670 809 700 Idibus
831 670 900 700 alba
923 668 988 699 Iovi
1007 666 1152 708 grandior
1173 679 1251 709 agna
1273 667 1363 698 cadit.

87 723 190 755 ScaZ.
234 723 319 752 Adde
340 723 470 752 Macrob.
493 723 551 751 Sat.
567 723 597 759 I,
623 723 672 754 15.
722 721 827 751 Goth.

252 773 405 804 [annal.
449 774 567 803 Cereale
588 774 683 802 libum
706 777 795 802 vocat
817 772 903 801 Ovid.
921 771 942 802 Ι.
965 771 1043 801 Fast.
1066 769 1181 808 (127.):

662 821 736 853 Inde
754 835 844 853 vocor
866 824 973 859 lanus,
1000 822 1047 852 cui
1069 832 1134 851 cum
1159 818 1272 850 Cereale
1294 819 1431 850 sacerdos

705 866 834 905 Jmponit
856 864 947 895 libum
968 865 1122 905 mixtaque
1132 862 1230 904 farra
1252 861 1318 892 sali.

86 911 175 941 Dae.
249 950 382 991 Igitur.
428 951 515 990 Apud
538 951 676 989 antiquos
699 961 785 990 saepe
809 960 864 989 pro
888 948 970 987 inde,
1002 955 1122 988 postea,
1154 955 1224 978 ium.
1268 948 1364 978 Plaut.
1389 945 1497 986 Amph.
1511 946 1532 977 I.
1557 946 1602 986 (l,
1629 947 1697 978 145.
1724 946 1790 974 vide
1812 949 1909 974 notam
1932 953 2024 973 meam

87 996 124 1024 ad
146 994 175 1023 li.
196 995 216 1024 1.
257 995 334 1023 Male
357 995 488 1033 Boppius
511 1005 526 1023 a
550 994 642 1033 stirpe
665 994 865 1032 pronominali
887 993 898 1021 i
921 992 972 1031 (is)
995 989 1150 1030 derivat.):

538 1062 579 1066 -—
623 1044 677 1074 Sin
700 1043 785 1073 aliter
806 1044 878 1072 sient
901 1043 1041 1079 animati,
1071 1053 1159 1082 neque
1182 1039 1265 1078 dent,
1290 1052 1364 1081 quae
1383 1047 1474 1080 petat,

540 1086 607 1116 Sese
629 1088 719 1127 igitur
739 1097 853 1115 summa
875 1087 904 1115 υἰ
924 1086 1051 1126 virisque
1072 1094 1169 1113 eorum
1193 1082 1332 1125 oppidum
1350 1094 1573 1123 expugnassen-

85 1131 124 1160 Et
146 1130 302 1168 Casin.11,
325 1134 355 1163 2.
376 1130 472 1170 (40.):

537 1188 579 1193 —
621 1172 704 1200 Mox
725 1171 822 1210 magis
842 1182 908 1201 cum
930 1170 1020 1200 otium
1042 1167 1116 1198 mihi
1136 1175 1163 1198 et
1184 1167 1240 1197 tibi
1260 1168 1322 1204 erit,

542 1214 638 1253 Igitur
659 1221 752 1242 tecum
776 1212 890 1253 loquar.

86 1258 120 1286 In
144 1257 199 1295 leg.
213 1256 278 1285 XlI.
301 1256 374 1285 tab.:
405 1255 455 1286 Sei
476 1257 506 1285 in
527 1257 572 1286 ius
595 1263 697 1291 vocat,
720 1266 772 1284 nec
792 1256 815 1284 it
837 1255 1013 1292 αηιίειαιον,
1035 1254 1125 1294 igitur·
1146 1254 1187 1282 im
1209 1253 1316 1292 capito.
1342 1251 1429 1282 Dae.
1477 1250 1552 1281 Vide
1575 1249 1703 1279 Nonium
1726 1249 1756 1277 in
1779 1246 1872 1288 Igitur
1894 1246 1939 1286 (p.
1955 1248 2025 1279 128.

87 1301 202 1340 Mem).
247 1297 352 1328 Goth.

249 1341 390 1370 lrcens.
434 1341 509 1380 Lege
529 1340 637 1371 Irceus.
680 1340 769 1370 Dae.

249 1381 497 1424 Irquiiallus.
543 1383 617 1413 Vide
640 1381 830 1423 Hirquitalli.
849 1381 908 1412 An
917 1388 936 1411 ί.
959 1380 1058 1420 Aug.
1101 1380 1176 1410 Vide
1197 1378 1418 1421 Hirquitallire.
1465 1378 1517 1407 Da
1527 1389 1551 1408 c.

250 1424 427 1458 Iovistae,
470 1427 569 1455 Locus
589 1426 757 1454 mendosus.
777 1424 863 1454 Ant.
886 1424 977 1464 Aug.
1023 1424 1161 1452 Putarem
1183 1423 1354 1461 legendum:
1391 1421 1460 1451 Iovs
1482 1428 1557 1457 esto,
1590 1419 1658 1459 quia
1681 1419 1721 1447 ita
1743 1417 1851 1456 legitur
1872 1416 1903 1444 in
1924 1415 2029 1444 veteri-

87 1470 141 1499 bus
162 1467 288 1507 legibus.
330 1468 430 1497 Habeo
453 1474 482 1498 et
504 1469 666 1507 fragmenta
690 1468 893 1507 quarundam,
931 1467 962 1494 in
986 1466 1093 1504 quibus
1115 1466 1156 1495 ita
1180 1476 1297 1505 semper
1319 1469 1471 1494 exaratum
1494 1463 1610 1502 legitur.
1653 1461 1711 1490 Sed
1734 1471 1800 1489 cum
1822 1460 1886 1498 ipse
1908 1468 2030 1497 compo-

87 1512 177 1541 situm
193 1521 255 1539 esse
271 1511 367 1547 dicat,
390 1510 445 1539 hae
467 1521 540 1540 vero
563 1512 621 1539 sint
643 1510 719 1539 duae
741 1520 846 1546 voces,
868 1519 928 1537 non
951 1513 1052 1547 potest
1073 1508 1147 1546 legi:
1169 1507 1237 1537 Iovs
1259 1515 1326 1537 esto.
1358 1507 1438 1543 Quid
1460 1505 1499 1535 sit
1519 1516 1587 1545 ergo
1610 1513 1794 1543 quaeramus.
1818 1499 1916 1532 Scal.
1949 1500 2028 1529 Scri-

86 1555 219 1584 bendum
240 1551 290 1582 los
311 1553 373 1592 ipse
394 1554 586 1592 compositum
610 1552 647 1581 ab
670 1554 714 1581 ios
737 1556 766 1580 et
789 1552 857 1591 ipse.
902 1551 1039 1579 Glossae:
1075 1548 1126 1578 Ios
1146 1550 1224 1589 ipse,
1257 1549 1375 1585 αὐτος.
1419 1548 1542 1587 Antiqui
1571 1552 1670 1577 autem
1692 1547 1736 1576 ios
1757 1544 1895 1574 dicebant
1916 1553 1972 1582 pro
1994 1543 2028 1571 is.

86 1597 205 1635 Lipsius
227 1600 338 1633 quaest.
359 1595 474 1625 lib.1!1.
499 1605 563 1633 cap.
575 1597 626 1626 20.
671 1594 818 1622 Mem-sius
842 1597 939 1622 autem
963 1591 1123 1628 existimat,
1156 1591 1238 1620 Pauli
1260 1591 1316 1620 hoc
1338 1590 1568 1619 additamentum
1591 1599 1663 1619 esse.
1706 1589 1759 1618 Est
1780 1587 1857 1617 enim
1878 1596 1941 1615 vox
1963 1585 2028 1614 aevi

87 1639 167 1667 illius
196 1637 330 1671 barbari,
369 1647 429 1675 quo
460 1637 555 1672 vixit,
591 1642 619 1665 et
642 1636 768 1666 Ιουίειαε
796 1635 985 1671 dicebantur,
1022 1634 1073 1673 qui
1103 1634 1158 1662 sub
1181 1634 1252 1662 Iove
1275 1633 1337 1662 nati
1360 1637 1467 1662 essent.
1511 1633 1614 1671 Neque
1634 1631 1703 1660 ideo
1725 1641 1786 1659 eam
1808 1630 2027 1667 interpretatur,

89 1681 170 1720 quod
191 1684 255 1708 tum
279 1679 365 1707 nimis
387 1684 456 1707 nota
479 1683 563 1708 esset.
608 1679 666 1708 Sed
690 1678 775 1708 valde
797 1688 827 1707 se
848 1677 1004 1707 ridendum
1027 1676 1183 1715 propinat,
1216 1686 1282 1705 cum
1307 1676 1500 1714 compositam
1525 1675 1604 1703 dicat
1625 1679 1653 1703 et
1673 1679 1732 1702 tam
1754 1674 1886 1711 ineptum
1908 1676 2028 1710 etymon

89 1726 221 1762 quaerat.
266 1721 307 1750 lta
329 1721 488 1758 Mem-sius,
518 1722 566 1751 cui
588 1722 684 1751 minus
707 1721 856 1750 assentior.
880 1720 969 1750 Dae.
1014 1720 1149 1748 Fortasse
1171 1718 1325 1757 legendum
1348 1717 1508 1755 Ioviusiae,
1534 1722 1570 1747 ut
1590 1716 1629 1746 sit
1651 1716 1848 1755 compositum
1870 1724 1886 1742 a
1907 1713 1977 1742 Iove
2000 1717 2029 1741 et

88 1771 191 1803 ustae,
214 1773 248 1793 ea
268 1763 379 1799 forma,
402 1774 459 1802 qua
484 1764 608 1793 dicimus
629 1764 849 1793 subverbustae.
895 1761 998 1792 Goth.

253 1804 523 1846 Ignitabulum.
568 1807 769 1835 Glossarium:
792 1804 994 1845 Ignitabulum
1017 1804 1110 1846 δςιδὸς
1132 1804 1257 1844 ῥαβδίον
1278 1798 1504 1842 πυροστρόφον.
1527 1799 1627 1831 Scal.
1663 1799 1788 1839 Proprie
1808 1798 1920 1837 lignum
1941 1796 2026 1833 illud,

89 1850 191 1880 tabula
213 1848 282 1884 illa,
307 1859 383 1887 quse
404 1849 586 1885 terebratur,
612 1850 709 1879 donec
729 1849 826 1886 ignem
848 1848 1007 1886 suscipiat,
1033 1847 1112 1876 unde
1136 1852 1164 1875 et
1186 1847 1343 1886 igniarium
1365 1845 1484 1874 dicitur.
1528 1843 1616 1873 Duc.

252 1889 368 1930 Ignia.
412 1892 500 1920 Aliud
516 1893 546 1920 in
561 1892 679 1930 glossis:
702 1891 803 1931 Ignia,
827 1892 927 1927 νοτία,
950 1891 1101 1927 φυκίασις,
1126 1888 1225 1919 Scal.
1255 1890 1328 1917 Cum
1345 1885 1528 1916 vehementia
1545 1886 1621 1924 ignis
1638 1884 1785 1913 dissiliunt
1798 1881 1915 1923 (vasa).
1937 1881 2026 1910 Dae.

253 1931 416 1973 lpsippe.
459 1930 549 1963 Forte
575 1934 686 1974 ipsipre.
732 1934 877 1962 Glossar.:
915 1931 1022 1971 Ipsipte
1051 1929 1149 1967 αὐτός.
1195 1932 1266 1960 Cato
1292 1930 1411 1970 mihipte
1433 1929 1532 1968 posuit
1553 1939 1608 1967 pro
1632 1927 1701 1956 mihi
1723 1926 1790 1966 ipsi.
1833 1924 1880 1952 Sic
1902 1924 2026 1952 fortasse

89 1977 194 2016 ipsiple
210 1974 262 2004 hio
278 1986 334 2015 pro
348 1976 470 2015 ipsimet.
502 1977 578 2005 Vide
595 1977 626 2005 in
644 1975 768 2016 Ineopre.
792 1975 840 2004 Fu
851 1974 894 2004 lv.
922 1975 998 2004 Urs.
1035 1974 1177 2003 Glossarii
1201 1979 1306 2002 auctor
1328 1982 1386 2001 non
1410 1972 1483 2000 bene
1505 1970 1588 2009 legit,
1612 1969 1771 1999 undeunde
1792 1965 1922 2005 accepit:
1950 1963 2026 2004 Ipsi-

86 2019 133 2059 pti
154 2015 273 2048 οὗτοί.
311 2018 475 2056 Legendum
500 2020 577 2048 enim
600 2020 699 2058 ipsipe.
722 2018 777 2047 Sed
801 2024 829 2047 et
852 2018 956 2057 ipsipre
978 2022 1074 2056 potest
1098 2017 1160 2054 legi.
1203 2016 1246 2044 lta
1270 2015 1346 2044 enim
1369 2015 1479 2043 vitiose
1501 2018 1530 2043 et
1551 2012 1787 2052 pronunciabant
1809 2014 1838 2038 et
1859 2008 2026 2037 scribebant

88 2066 214 2090 veteres.
249 2060 333 2090 Unde
356 2061 497 2090 Claudius
520 2062 682 2101 imperator
705 2061 844 2090 multavit
866 2064 1047 2096 senatorem,
1070 2059 1120 2098 qui
1144 2060 1199 2087 isse
1220 2069 1274 2097 pro
1295 2059 1356 2097 ipse
1377 2057 1504 2086 dixerat.
1527 2053 1628 2085 Scal.
1664 2053 1773 2094 Ipsipte
1794 2056 1828 2080 ut
1849 2058 1948 2091 suopte
1969 2051 2025 2079 mi-

88 2103 167 2143 hipte
189 2107 244 2132 etc.
277 2103 366 2132 Forte
388 2103 474 2133 etiam
497 2104 651 2142 legendum
674 2104 792 2142 ipsipsi,
817 2107 848 2131 ut
871 2102 951 2142 apud
975 2101 1069 2130 Plaut.
1094 2101 1204 2130 alicubi
1226 2101 1351 2141 ipsipsus
1372 2107 1421 2130 est.
1445 2099 1532 2128 Dae.
1571 2097 1720 2135 Nusquam
1742 2094 1812 2124 satis
1835 2098 1948 2122 certum
1972 2097 2024 2129 est,

88 2146 226 2175 Plautum
254 2145 407 2185 scripsisse
433 2147 567 2186 ipsipsus.
613 2145 733 2174 Duobus
760 2146 837 2174 enim
867 2145 898 2173 in
926 2145 1000 2173 locis
1027 2144 1159 2172 creditur
1186 2143 1329 2179 inveniri,
1370 2142 1480 2171 Cistell.
1496 2141 1537 2177 ΙΙ,
1559 2142 1594 2176 3,
1617 2139 1667 2171 58.
1697 2143 1725 2167 et
1753 2138 1841 2166 Truc.
1858 2136 1888 2173 I,
1911 2139 1948 2173 2,
1972 2138 2022 2167 24.

88 2189 255 2227 Utrobique
278 2189 363 2226 longe
385 2193 428 2217 est
450 2188 649 2227 probabilius,
678 2188 833 2225 legendum
857 2197 918 2216 esse
940 2187 965 2215 is
987 2187 1075 2225 ipsus.
1120 2187 1307 2225 Quamquam
1331 2185 1425 2213 sorma
1449 2181 1632 2223 pronominis
1653 2180 1887 2220 reduplicativa,
1908 2178 2023 2206 iocula-

88 2231 162 2260 riter
183 2231 268 2267 ficta,
305 2241 358 2270 per
379 2240 409 2259 se
433 2230 506 2259 nihil
531 2230 619 2259 habet
642 2230 818 2259 offensionis.
864 2230 908 2258 Ex
933 2228 1088 2268 Apollonio
1113 2229 1240 2268 Dyscolo
1263 2228 1327 2257 libr.
1351 2227 1419 2266 περὶ
1440 2225 1627 2264 ἐπωνυμίας
1648 2223 1758 2252 citatur
1779 2223 1864 2251 locus
1887 2220 2021 2260 Sophro-

88 2274 153 2306 nis,
176 2273 228 2302 ubi
250 2278 310 2302 est:
335 2273 369 2304 αἱ
389 2272 421 2304 δὲ
442 2272 482 2312 μή
507 2273 582 2314 ἐγών
603 2273 717 2312 ἔμαθον
739 2276 802 2309 ταῖς
825 2268 983 2307 αὖταῦταις
1005 2272 1114 2311 χερσίν.
1155 2272 1198 2302 Cf.
1221 2272 1314 2300 Koen.
1337 2270 1374 2299 ad
1397 2270 1519 2307 Gregor.
1540 2268 1607 2297 Cor.
1629 2275 1695 2306 pag.
1709 2266 1781 2298 365.
1818 2264 1911 2294 Simili
1933 2260 2020 2291 modo

90 2315 206 2355 antiqui
227 2315 338 2345 dixisse
359 2316 551 2355 reperiuntur
573 2315 670 2345 ber-her
692 2325 747 2355 pro
769 2316 873 2352 vir-vir,
906 2314 1046 2344 Marmar
1068 2324 1123 2353 pro
1147 2323 1292 2351 mosmos,
1323 2312 1401 2342 nude
1423 2310 1567 2347 Mamers,
1598 2315 1654 2339 cet.
1699 2309 1807 2338 Verum
1831 2305 1909 2345 apud
1933 2303 2019 2332 Plau-

90 2363 153 2388 tum
175 2368 222 2388 res
244 2364 288 2388 est
310 2359 409 2389 dubia.
440 2359 484 2388 Cf.
504 2359 685 2388 Tsubmann.
710 2357 747 2386 ad
770 2358 866 2387 Plauti
888 2356 1056 2394 einen-11,
1079 2358 1115 2394 3,
1137 2358 1188 2389 58.
1223 2357 1321 2393 Quare
1345 2354 1480 2395 equidem
1503 2352 1680 2382 crediderim
1703 2351 1784 2391 apud
1806 2350 1920 2378 Festum
1945 2343 2018 2383 Ipsi-
