2263 2668
229 147 304 182 576
658 139 1003 176 COMMENTARII
1028 139 1075 172 IN
1101 138 1246 172 PAULI
1270 139 1467 174 DIACONI
1493 140 1749 176 EXCERPTA

230 251 284 270 nos
307 241 377 269 satis
400 238 492 267 mulia
514 236 583 264 olim
606 234 636 263 in
660 234 832 263 Varronem.
878 231 1078 260 Glossarium:
1115 231 1349 269 Pannucellium,
1381 230 1517 272 πήνειον.
1548 232 1650 265 Scal.
1698 234 1820 262 Glomus
1842 235 1926 264 lanae
1949 243 2067 276 carptae
2091 244 2120 268 et
2143 239 2179 267 ad

231 283 362 313 nendum
382 284 518 320 paratae,
541 276 619 306 unde
637 275 781 316 panicula
803 276 905 303 lanosa
927 284 1010 302 coma
1035 274 1109 302 milii
1132 275 1295 303 arundinis.
1341 276 1434 303 Plaut.
1458 276 1520 306 Mil.
1545 276 1636 313 G1.1‚
1663 279 1693 313 1,
1718 276 1809 315 (18.):

808 326 920 363 Quoius
943 333 973 354 tu
996 324 1122 364 legiones
1144 324 1299 364 difflavisti
1321 327 1427 364 spiritu

806 369 900 406 Quasi
921 375 1020 397 venius
1034 366 1121 408 folia
1144 376 1195 397 aut
1215 367 1389 408 paniculum
1416 369 1573 397 testoriam.

232 428 317 456 Dac.
350 422 424 451 Vide
446 420 576 450 Nonium
599 421 679 459 (pag.
695 421 764 450 149.
789 419 896 456 Mero.)
919 419 948 446 in
974 420 1081 447 Panus.

396 471 584 503 Pandana.
628 471 722 500 Varro
753 469 803 499 lib.
818 469 864 499 lV.
888 469 940 505 (V,
965 469 1093 506 pag.48.
1118 469 1233 505 Merc.):
1274 467 1362 507 Quod
1387 468 1530 498 Saturnia
1555 478 1658 510 porta,
1697 481 1785 511 quam
1811 469 1911 500 Iunius
1939 471 2055 510 scribit,
2093 484 2181 514 quam

231 529 308 548 nunc
329 523 435 546 vocant
464 513 642 544 Pandanam,
689 513 849 541 Dicebatur
871 512 957 540 etiam
981 510 1151 540 Romanula
1176 517 1204 540 et
1227 511 1346 540 Libera.
1393 511 1445 539 Da
1456 523 1480 541 c.

397 556 667 588 Pandicularis
697 554 784 584 dies.
829 555 872 583 An
905 553 986 592 quod
1016 554 1041 582 is
1070 554 1132 582 dies
1160 554 1190 583 in
1216 555 1289 583 Deos
1320 564 1422 582 omnes
1450 554 1562 593 pariter
1591 555 1713 583 extendi
1743 554 1911 593 videretur,
1946 567 2013 585 cum
2036 557 2067 585 in
2090 567 2124 586 eo
2146 558 2182 587 iis

232 602 370 632 omnibus
397 600 594 629 communiter
616 609 700 627 sacra
724 597 849 626 fierent?
895 596 984 625 Dae.

399 643 634 682 Pancarpiae
664 651 833 670 coronae.
879 638 1033 677 Quicquid
1062 639 1226 667 miscellum
1251 643 1327 667 esset
1350 643 1379 667 et
1402 649 1436 667 ex
1460 639 1551 668 variis
1574 639 1665 668 rebus
1689 644 1861 668 contextum
1884 641 2183 680 consarcinatumque

231 697 413 728 pancarpum
437 685 543 713 Graeci
572 684 682 713 dixere.
727 683 775 711 Sic
803 693 986 721 pancarpum
1017 682 1094 719 apud
1124 682 1321 710 Iustinianum
1350 682 1468 710 novella
1494 682 1551 711 CV.
1575 683 1779 721 spectaculum
1811 683 1846 710 ab
1876 684 2039 721 omnigenis
2068 685 2181 721 bestiis,

233 740 308 770 quae
332 727 580 767 depugnabantur
602 731 630 755 et
654 725 865 754 occidebantur
889 724 923 752 ab
947 723 1133 761 hominibus,
1158 724 1209 762 qui
1233 734 1352 762 operam
1376 734 1458 752 suam
1483 725 1520 753 ad
1544 735 1591 753 eas
1615 725 1813 753 conficiendas
1836 725 1983 754 locabant.
2020 726 2095 755 Vide
2115 727 2182 756 Cas-

234 774 348 802 sianum
372 770 478 798 collat.
501 771 631 808 cap-14.
656 768 823 797 cassiodor.
846 767 896 795 lib.
911 766 943 794 V.
967 766 1056 805 Epist.
1073 771 1123 799 42.
1149 767 1181 795 D.
1206 766 1403 804 Augustinum
1424 767 1569 796 adversus
1593 768 1803 797 Secundinum.
1840 769 1888 796 Sic
1912 766 2108 808 παγκάρπους
2124 779 2184 799 ote-

233 813 354 853 φάνους
377 813 483 841 Graeci
513 812 615 841 dixere
642 822 701 840 non
730 811 824 839 solum
855 819 892 837 ex
921 810 1001 837 omni
1030 809 1154 845 florum,
1192 809 1240 837 sed
1266 809 1352 837 eliam
1377 820 1413 838 ex
1437 810 1516 838 omni
1539 820 1644 848 genere
1668 811 1821 839 fructuum
1844 811 2022 850 compositas
2046 811 2183 848 corollas,

233 857 335 896 quales
358 865 408 884 eae
431 859 519 889 sunt,
543 854 651 893 quibus
674 853 880 882 columnarum
905 852 1016 880 frontes
1039 852 1236 889 ornabantur,
1262 862 1336 889 quas
1359 850 1527 892 ἔγκάρπους
1550 857 1638 881 vocat
1659 853 1815 882 Vitruvius
1837 853 1886 883 lib.
1901 853 1949 883 lv.
1972 864 2036 893 cap.
2049 857 2077 886 1.
2109 854 2184 883 Vide

231 899 406 928 salmasium
428 898 459 926 in
482 898 558 926 Iulio
583 896 759 935 Capitolino.
785 895 873 923 Dae.
913 895 979 922 Dixi
1002 894 1037 922 ad
1062 895 1213 923 Novellam
1238 896 1307 926 105.
1332 905 1357 922 c.
1375 898 1400 925 1.
1450 893 1554 925 Goth.

398 939 570 970 Panibus.
616 940 717 978 Equus
744 936 869 966 October
892 936 1056 966 dicebatur.
1101 937 1176 966 Vide
1203 936 1336 966 October.
1380 937 1470 967 Dae.

400 989 576 1020 Fatalem.
620 991 717 1019 Locus
740 988 836 1017 Plauti
860 993 902 1017 est
924 989 954 1016 in
977 988 1178 1025 Truculento,
1214 999 1303 1027 quam
1327 987 1509 1016 comoediam
1533 998 1588 1017 nos
1611 988 1722 1017 maiore
1744 998 1780 1017 ex
1803 993 1886 1028 parte
1909 999 1924 1017 a
1947 989 2061 1019 mendis
2084 990 2184 1020 vindi-

233 1034 383 1064 cavimus:

716 1075 753 1104 Ut
776 1085 827 1114 ego
851 1086 894 1103 me
917 1074 978 1103 ruri
999 1072 1164 1103 hamaxari
1187 1072 1320 1102 mavelim
1341 1071 1470 1113 palalem
1495 1072 1605 1110 bovem,

711 1116 839 1157 Cumque
859 1128 891 1145 eo
914 1117 957 1145 ila
980 1124 1091 1145 nocicm
1115 1117 1145 1144 ἰη
1167 1117 1333 1144 stramentis
1353 1124 1528 1156 pernoctare
1547 1123 1701 1155 perpetem,

712 1159 807 1198 Quam
831 1167 898 1188 tuas
920 1166 1033 1188 centum
1057 1166 1193 1188 caenaias
1215 1166 1312 1187 noctes
1335 1157 1408 1187 mibi
1431 1157 1508 1188 dono
1532 1157 1608 1188 dari.

234 1211 335 1245 Scal.
362 1211 459 1241 Verba
482 1211 578 1240 Plauti
597 1221 611 1240 e
628 1211 750 1241 Trucul.
766 1210 810 1247 ΙΙ,
832 1213 868 1245 2,
892 1211 978 1247 (22.).
1013 1209 1057 1238 Ab
1082 1210 1183 1238 eadem
1206 1214 1302 1237 mente
1326 1210 1433 1238 Graeci
1453 1212 1589 1245 πεταλεῖς
1609 1209 1671 1238 sive
1694 1207 1845 1245 πετάλους
1865 1215 1976 1239 vocant
1999 1211 2113 1249 patales
2134 1210 2187 1239 b0-

233 1267 293 1286 ves.
316 1254 424 1284 Athen.
439 1253 490 1283 lib.
502 1254 555 1282 IX.
578 1252 657 1293 (pag.
671 1255 743 1285 376.
767 1254 800 1282 A.
822 1253 882 1282 vol.
896 1253 932 1281 11.
956 1262 1021 1291 pag.
1035 1254 1107 1284 825.
1133 1252 1178 1281 ed.
1204 1250 1305 1292 Dind.)
1332 1252 1490 1291 Πετηνούς
1511 1257 1600 1281 vocat
1624 1252 1751 1290 Hesych.
1788 1253 1846 1280 Sed
1870 1258 1942 1281 vett.
1966 1253 2065 1281 Plauti
2087 1253 2186 1290 codd.,

232 1304 268 1327 ut
290 1302 319 1327 et
341 1297 435 1333 Festi,
460 1307 520 1325 non
541 1295 671 1336 patalem
693 1295 818 1332 habent,
841 1295 892 1324 sed
913 1294 1058 1334 patulum.
1102 1295 1186 1330 Quae
1210 1304 1281 1323 vera
1304 1294 1392 1323 lectio
1415 1294 1512 1323 videri
1535 1295 1645 1332 possit.
1670 1295 1732 1323 sive
1755 1295 1855 1333 potius
1875 1293 2021 1333 padulem,
2048 1300 2082 1324 ut
2102 1302 2187 1336 patu-

233 1340 280 1370 lus
301 1345 330 1370 et
349 1337 461 1380 patulis
482 1338 652 1379 promiscue
675 1338 788 1367 dictum
811 1337 859 1367 sit.
903 1338 969 1366 Non
992 1337 1130 1375 pugnabo
1158 1342 1271 1373 tamen,
1308 1337 1333 1365 si
1355 1337 1420 1375 quis
1439 1335 1571 1376 patalem
1597 1337 1735 1367 retineat.
1784 1336 1896 1366 Patalis
1920 1338 1996 1366 enim
2022 1342 2103 1366 recte
2127 1337 2186 1366 dici

233 1383 334 1423 potuit
356 1393 372 1410 a
393 1388 513 1421 parare,
542 1380 622 1410 unde
645 1381 841 1420 compositum
864 1387 1016 1420 expaiare.
1042 1379 1130 1408 Dae.
1169 1378 1308 1409 Patalem.
1341 1379 1487 1409 Patulum.
1529 1379 1614 1407 Adde
1636 1380 1712 1407 insra
1738 1379 1938 1418 Propaiulum.
1977 1381 2011 1408 ln
2034 1380 2187 1410 sacrificiis

233 1427 266 1455 id
288 1424 495 1464 requirebatur
516 1425 548 1453 in
572 1428 674 1461 tauro,
706 1429 738 1452 ut
761 1424 877 1452 diversa
901 1432 1012 1451 cornua
1035 1421 1157 1451 haberet
1180 1426 1208 1450 et
1230 1422 1289 1450 late
1313 1426 1462 1460 paterent,
1498 1422 1751 1460 quemadmodum
1774 1422 1803 1450 in
1826 1431 1898 1459 ove,
1930 1427 1964 1450 ut
1987 1422 2063 1451 duos
2085 1422 2187 1452 dentes

233 1468 357 1497 haberet
379 1467 500 1496 caeteris
522 1466 682 1504 longiores.
723 1467 819 1504 Supra
842 1463 993 1494 Bidental.
1033 1465 1075 1493 Ab
1098 1474 1132 1493 eo
1156 1464 1269 1503 patales
1294 1464 1395 1493 boveS.
1442 1462 1548 1492 Goth.

404 1510 609 1548 Patagium.
654 1509 807 1546 Patagium
836 1507 1011 1536 assuebatur
1038 1507 1221 1536 vestimentis
1250 1506 1422 1543 mulierum,
1456 1511 1491 1534 ut
1514 1506 1615 1534 clavus
1637 1506 1781 1535 virorum.
1826 1505 1927 1534 Livius
1950 1505 2000 1535 lib.
2014 1507 2062 1537 IV.
2084 1505 2186 1546 (c.25.

234 1552 314 1593 fin.):
351 1550 450 1582 Placet
470 1549 618 1581 tollendae
639 1550 809 1580 ambitionis
831 1561 921 1579 causa
942 1548 1076 1579 tribunos
1097 1548 1185 1588 legem
1206 1547 1410 1588 promulgare,
1439 1560 1473 1577 ne
1495 1549 1544 1577 cui
1565 1547 1665 1577 album
1689 1548 1919 1577 investimenrum
1942 1547 2050 1577 addere
2071 1550 2189 1588 petitio-

235 1597 281 1625 nis
309 1605 414 1625 caussa
442 1592 548 1623 liceret.
593 1594 685 1631 Lege:
723 1605 757 1621 ηε
784 1592 832 1622 cui
861 1591 976 1621 clavum
1003 1592 1034 1620 iu
1059 1592 1266 1620 vestimentum.
1310 1592 1383 1619 Nam
1407 1601 1444 1619 ex
1468 1596 1610 1629 corrupta
1633 1590 1781 1628 scriptura
1803 1588 1918 1618 clabum
1941 1593 2072 1620 manavit
2095 1602 2188 1621 error.

236 1636 339 1668 Scal.
372 1636 458 1665 Unde
478 1635 650 1676 patagiatae
671 1643 759 1664 vestes
783 1635 887 1663 Plauto
911 1633 1025 1672 Epidio.
1042 1633 1085 1670 ΙΙ,
1108 1637 1142 1670 2,
1168 1632 1244 1673 (47.)
1268 1638 1295 1661 et
1315 1634 1481 1673 patagiarii
1501 1634 1532 1661 in
1555 1634 1655 1662 Aulul.
1679 1632 1749 1672 (ΙΙΙ,
1773 1633 1808 1668 5,
1830 1631 1884 1669 3.).
1917 1634 2069 1670 Patagium
2091 1639 2189 1667 autem

237 1681 279 1709 sic
301 1680 415 1709 dictum
438 1679 505 1707 vult
521 1678 613 1715 Scal.‚
644 1678 725 1717 quod
748 1676 926 1716 quibusdam
950 1676 1072 1705 maculis
1095 1680 1124 1705 et
1146 1677 1245 1704 naevis
1267 1677 1434 1714 inspersum
1458 1677 1543 1712 erat‚'
1566 1687 1581 1704 a
1602 1681 1709 1715 patago
1733 1674 1837 1702 morbo
1860 1675 2027 1713 pestilenti,
2057 1686 2116 1714 quo
2140 1678 2191 1715 qui

237 1723 420 1757 moriuntur,
444 1721 562 1749 nullum
582 1720 724 1749 indicium
749 1719 845 1748 morbi
867 1719 1041 1758 relinquunt
1063 1719 1162 1755 aliud,
1193 1728 1281 1757 quam
1305 1718 1448 1748 naevulos
1470 1719 1501 1747 in
1523 1724 1609 1757 parte
1633 1717 1777 1756 corporis.
1823 1717 1921 1756 Patagi
1945 1718 2078 1747 meminit
2099 1718 2191 1748 Plau-

238 1771 286 1794 tus
308 1765 359 1801 (cf.
382 1764 527 1803 Fragmm.
550 1773 588 1792 ex
611 1763 726 1792 amissis
749 1763 829 1793 Com.
849 1764 927 1797 50.);

878 1803 1001 1834 Mecum
1023 1802 1110 1832 habet
1129 1810 1259 1843 patagus
1280 1802 1406 1833 morbus.
1451 1802 1520 1832 Ais.

242 1850 362 1887 Pelagus
385 1860 400 1877 a
422 1846 564 1879 πατάσσω
588 1848 673 1879 serio.
716 1846 872 1876 Turnebus
902 1846 1020 1885 putavit
1048 1851 1187 1885 patagum
1218 1856 1281 1874 esse
1309 1845 1448 1874 morbum
1470 1845 1557 1881 vitis,
1594 1855 1660 1874 cum
1685 1845 1836 1873 sauciatur
1858 1845 1956 1882 ligone
1979 1845 2009 1872 in
2033 1845 2192 1883 ablaquea-

242 1891 332 1920 tione.
375 1891 494 1928 Legitur
515 1891 592 1919 enim
615 1889 696 1930 apud
719 1889 916 1928 Theophrast.
938 1887 1076 1929 πάταγον
1098 1885 1328 1927 εὐλαβούμενοι,
1366 1888 1416 1916 ubi
1440 1887 1614 1917 Theodorus
1636 1888 1741 1926 legisse
1765 1887 1884 1917 videtur
1905 1885 2070 1919 πάσσαλον.
2104 1888 2190 1918 Dac-

248 1932 328 1961 Adde
349 1933 475 1961 Nonium
497 1934 574 1972 (pag.
587 1933 659 1965 540.
683 1932 786 1970 Mero.)
808 1932 839 1961 in
864 1932 1027 1971 Patagium.
1078 1929 1181 1960 Goth.

408 1976 601 2006 Patricius
623 1976 737 2006 vicus.
782 1975 816 2004 In
838 1975 1044 2013 Exquiliarum
1066 1978 1150 2012 parte
1173 1973 1264 2001 fuisse
1287 1977 1400 2002 certum
1425 1977 1479 2003 est.
1520 1972 1595 2001 Vide
1618 1971 1820 2012 Sepiimorm'o.
1865 1971 1954 2000 Dac.

410 2017 508 2055 Pagi.
555 2018 577 2046 A
601 2018 707 2046 Dorico
738 2015 820 2058 παγά
843 2028 899 2056 pro
922 2014 1002 2056 πηγή
1025 2017 1100 2045 sons.
1147 2015 1268 2044 Servius
1287 2015 1321 2044 ΙΙ.
1345 2017 1452 2053 Georg.
1477 2012 1557 2055 (pag.
1573 2017 1642 2046 116.
1667 2014 1712 2043 ed.
1737 2013 1839 2055 Dan.):
1877 2012 1993 2050 Villas,
2029 2024 2104 2054 quae
2121 2017 2194 2055 pagi

247 2055 308 2087 ἄτεό
330 2059 388 2086 τῶν
409 2060 510 2098 παγῶν
531 2059 733 2099 appellamur,
768 2059 824 2089 lzoc
845 2067 886 2088 est
909 2070 927 2088 a
941 2058 1101 2100 fontibus,
1139 2059 1220 2087 circa
1249 2069 1322 2098 quos
1350 2056 1439 2087 villae
1461 2065 1665 2086 consueverunt
1689 2055 1786 2086 condi.
1835 2054 1919 2085 Unde
1941 2063 1967 2085 et
1986 2056 2101 2097 pagani
2120 2055 2194 2086 dicti

246 2106 313 2129 sunt
334 2100 419 2138 quasi
439 2111 479 2127 ex
500 2111 556 2129 uno
568 2102 659 2142 fonte
678 2109 823 2142 potantes.
866 2102 961 2139 Pagus
984 2106 1100 2130 constat
1122 2111 1136 2129 e
1160 2100 1298 2139 pluribus
1320 2100 1409 2136 vicis,
1446 2105 1480 2129 ut
1503 2100 1589 2128 vicus
1612 2109 1627 2128 e
1651 2099 1787 2138 pluribus
1808 2098 1900 2135 casis,
1937 2098 2021 2127 nullo
2043 2099 2192 2128 moenium

248 2141 376 2177 ambitu,
400 2142 509 2169 accolis
532 2142 672 2181 dispersis
694 2145 725 2172 in
748 2145 839 2184 plano
861 2144 940 2173 circa
964 2144 1085 2172 flumina
1108 2143 1155 2172 vel
1179 2144 1291 2179 fontes,
1319 2143 1369 2181 qui
1392 2142 1428 2171 ad
1451 2152 1544 2171 unum
1566 2142 1664 2170 locum
1688 2141 1805 2170 consilii
1827 2151 1915 2170 causa
1938 2145 2057 2175 coeunt.
2089 2141 2194 2180 Itaque

248 2184 472 2221 distinguuntur
493 2186 597 2222 pagani
620 2196 635 2213 a
658 2187 813 2216 montanis.
858 2188 962 2215 Cicero
986 2197 1040 2225 pro
1065 2187 1157 2214 Domo
1181 2186 1311 2222 (c.28.):
1347 2183 1434 2214 Nulli
1457 2184 1572 2225 pagani
1598 2191 1649 2213 aur
1678 2184 1827 2220 montani,
1863 2184 1914 2224 qui
1936 2194 1993 2212 non
2016 2182 2193 2222 amplissime

250 2225 286 2255 ἆε
309 2236 372 2255 meo
402 2223 496 2253 reditu
525 2223 715 2256 decreverunt.
759 2229 833 2257 Vide
858 2228 982 2259 Publica
1009 2239 1114 2265 sacra,
1152 2227 1201 2257 adi
1230 2233 1258 2256 et
1281 2228 1393 2259 Manut,
1416 2227 1453 2256 de
1476 2227 1615 2266 quaesitis
1638 2237 1692 2265 per
1714 2226 1869 2265 epistolam
1891 2225 1942 2255 lib.
1955 2225 2006 2254 ΙΙΙ.
2029 2230 2142 2264 quaest.
2160 2229 2189 2257 7.

249 2269 344 2306 Pagus
367 2267 453 2297 etiam
478 2266 589 2294 Latinis
612 2268 690 2296 idem
713 2271 793 2307 quod
816 2271 908 2307 ἔθνος
928 2272 976 2300 vel
996 2281 1082 2308 genS,
1115 2275 1144 2299 et
1167 2270 1301 2309 quemvis
1324 2271 1455 2309 amplum
1478 2270 1606 2307 regionis
1627 2273 1755 2298 tractum
1778 2273 1932 2306 totamque
1954 2268 2083 2306 aliquam
2106 2266 2191 2306 prae—

249 2312 397 2340 fecturam
420 2313 592 2348 gentemque
614 2311 775 2347 quamlibet
794 2314 970 2351 populosam
990 2313 1144 2351 significat.
1190 2314 1326 2342 Glossae:
1355 2315 1452 2352 Pagus
1473 2313 1632 2352 τοπαρχία,
1652 2309 1734 2351 χώρα
1753 2323 1811 2348 τις,
1833 2308 1936 2349 νόμος.
1981 2310 2058 2339 Hinc
2080 2309 2190 2338 Helve-

251 2354 360 2384 tiorum
382 2356 444 2380 tota
465 2361 534 2390 gens
557 2351 587 2379 in
610 2357 738 2389 quatuor
760 2363 850 2392 pagos
872 2355 966 2385 divisa
988 2356 1070 2394 apud
1093 2356 1253 2385 Caesarem.
1294 2356 1371 2384 Hinc
1393 2365 1454 2383 vox
1475 2359 1578 2384 nostra
1602 2354 1715 2383 Gallica
1737 2364 1819 2393 pays.
1841 2353 1930 2384 Dae.
1968 2351 2082 2391 Aquae.
2111 2351 2190 2380 Fon-

251 2402 305 2426 tes.
352 2392 420 2424 Goae
429 2392 456 2423 Ῐι.
