2263 2668
243 127 317 163 25⁰
329 161 332 163 Α
985 153 987 155 ·
1018 132 1241 168 ARUSIANI
1275 135 1417 170 MESSI

347 223 509 268 uiamque
535 235 671 259 oremus
696 225 742 258 ab
768 225 861 271 ipso,
893 225 1006 261 cedat.

314 308 317 310 ,
349 276 449 308 oravi
475 279 597 316 tecum,
624 287 768 310 uxorem
795 277 951 310 duceres.

248 324 397 360 Obnixus
420 327 498 359 huic
525 328 570 359 rei
583 324 605 359 ².
641 328 735 373 Virg.
768 328 896 373 Georg.
923 328 1002 361 HL:
1035 329 1184 365 Arboris
1210 331 1354 366 obnixus
1380 336 1512 366 trunco.
1547 331 1697 366 obnixus
1719 337 1834 366 contra
1858 333 1916 367 illa
1928 330 1951 368 ³.
1985 334 2080 382 Virg.
2101 337 2185 370 Aen.

350 378 408 410 X.:
435 376 537 409 Stant
564 377 680 412 obnixi
706 381 822 413 omnia
849 384 981 414 contra.

1067 226 1139 262 Oro
1172 233 1282 263 tecum
1316 241 1380 276 pro
1412 234 1446 263 te
1479 239 1539 263 oro
1554 228 1575 266 ¹.
1613 230 1749 266 Terent.
1783 231 1911 277 Hecy.:
1948 233 2044 280 Egi,
2079 239 2186 282 atque

251 445 388 490 Optavit
412 444 496 477 illud
523 442 603 479 illi4.
630 447 725 493 Virg.
750 449 834 482 Aen.
866 449 941 483 111.:
972 447 1184 495 Optavitque
1209 450 1321 483 locum
1344 459 1467 495 regno.
1493 450 1540 483 Et
1564 450 1610 485 sic
1631 450 1730 484 etiam
1756 452 1818 486 sibi
1845 452 2027 497 adoptavit.
2055 454 2126 490 cic.
2151 457 2191 489 in

350 494 540 530 Pisone1n⁵z
566 497 742 532 DIaiorem
762 499 828 533 sibi
853 499 1003 544 Insuper
1029 501 1088 533 ille
1115 513 1201 534 avus
1227 502 1421 546 adoptavit.
2088 523 2090 526 ·

251 546 402 580 Obverto
429 559 546 581 navem
572 549 659 583 loco.
687 551 780 596 Virg.
806 553 888 585 Aen.
906 549 1004 585 v1.⁶:
1036 551 1227 589 Obvertunt
1247 554 1385 598 pelago
1406 563 1544 598 proras.

251 597 471 643 Opportunus
497 597 572 633 illi⁷.
607 602 702 647 Virg.
722 603 806 636 Aen.
831 603 907 636 1X.:
937 601 1040 637 Cana
1063 604 1155 637 nidis
1181 604 1304 638 domus
1330 608 1527 649 opportuna
1552 604 1740 640 volucrum.
1769 604 1838 638 Sal.
1861 602 1969 650 lugfl:
2007 604 2186 651 Opportu-

352 661 416 683 ‘nus
441 663 600 685 Intumue-

252 717 360 752 obsto
386 715 474 751 tibifl.
508 719 603 764 Virg.
629 721 713 757 Aen.
739 722 815 756 XL:
849 722 1064 767 Tantumque
1096 721 1192 756 bonis
1220 722 1456 757 communibus
1491 722 1595 757 obsto.
1626 723 1696 758 Cic.
1722 735 1785 768 pro
1817 723 1958 758 Roscio:

355 768 477 802 obsto?

253 820 364 855 Orbus
390 826 493 864 patre.
520 821 614 866 Virg.
644 823 726 858 Aen.
754 824 809 857 XI.
823 820 863 858 ¹⁰:
904 824 1081 869 Paerique
1108 824 1315 869 parentibus
1341 824 1427 859 orbi.
1461 825 1506 858 Et
1536 826 1679 858 orbatus.
1715 825 1785 859 Cic.
1810 825 1844 858 in
1872 823 2087 869 Pisonem¹¹2s
2105 826 2185 860 Non

353 875 389 903 ut
416 876 453 904 ta
479 872 628 918 Insuper
648 875 766 908 dicere
792 887 897 909 ausus
924 887 960 909 es
985 875 1147 909 orbatum
1168 877 1303 921 patria.
1501 910 1503 914 ,

255 922 311 955 Ob
339 918 437 957 ora¹².
467 923 560 968 Virg.
584 925 666 957 Aen.
693 927 784 959 ΧΠ..
816 927 922 960 Tarni
947 938 985 960 se
1005 927 1116 972 pestis
1142 927 1183 960 ob
1210 938 1274 959 ora
1298 926 1448 971 Fertque
1469 925 1655 972 refertque.

253 973 439 1017 Opulentus
465 974 516 1007 his
542 973 680 1009 rebus¹²⁵.
710 978 803 1022 Virg.
829 979 913 1013 Aen.
938 979 978 1010 l.:
1005 978 1116 1011 Douis
1142 979 1350 1023 opulentum.
1377 978 1444 1010 Sal.
1472 978 1565 1022 lug..·
1590 978 1711 1011 Armis
1737 977 1887 1022 virisque
1912 977 2119 1024 opulentum.

252 1023 348 1068 Opus
376 1025 529 1067 civitatis,
555 1027 588 1058 id
617 1033 663 1060 est
688 1028 785 1061 labor
811 1029 908 1062 instar
934 1026 1111 1064 civitatisss.
1144 1030 1236 1074 Virg.
1264 1031 1347 1063 Aen.
1374 1029 1435 1062 V.:
1467 1029 1695 1062 Chimaeram
1720 1028 1815 1062 urbis
1841 1040 1935 1074 opus.

252 1075 423 1109 Obediens
448 1075 675 1121 praeceptis¹⁵.
720 1080 787 1113 Sal.
814 1081 914 1113 Bello
941 1080 1054 1114 Cant:
1087 1080 1243 1121 Pecora,
1278 1091 1368 1125 quae
1400 1084 1530 1113 natm-a
1555 1091 1673 1125 prona
1709 1084 1813 1125 atque
1844 1080 1971 1113 ventri‘
1989 1077 2190 1119 obedientia,

346 1126 462 1173 finxit.
490 1127 660 1163 obediens
687 1133 874 1177 praeceptis
899 1132 989 1165 ineiS.
1015 1132 1085 1166 Sal.
1113 1132 1204 1177 lug.:
1230 1131 1339 1165 Iussis
1364 1132 1486 1165 vestris
1512 1131 1675 1165 obediens
1701 1133 1776 1165 erit.

2003 724 2100 771 Quid
2125 705 2189 758 aba·

253 1194 451 1229 Obtrectans
477 1196 534 1229 ini.
570 1198 637 1231 Sal.
661 1199 746 1235 Hist.
773 1197 881 1233 1V.1⁶:
912 1201 1064 1234 Crassus
1091 1198 1288 1233 obtrectans
1310 1200 1426 1244 potius
1454 1200 1631 1245 collegae,
1673 1211 1779 1244 quam
1811 1196 1889 1232 boni
1923 1201 1985 1231 aut
2008 1197 2095 1230 mali
2116 1207 2187 1241 pu-

353 1247 434 1279 blici
458 1248 584 1292 gravis
611 1255 760 1284 exactos.
790 1252 847 1285 Sic
874 1256 907 1285 et
932 1252 1095 1285 obtrectat
1120 1252 1176 1284 illi.
1214 1251 1283 1285 Cic.
1313 1251 1356 1284 de
1383 1251 1505 1296 Imper.
1541 1251 1603 1285 Cui
1627 1251 1778 1296 Pompei.
1818 1249 1889 1297 Qui
1913 1249 1993 1282 Ῑιιιῖθ
2017 1248 2187 1282 θόῖνθΰῑίῑῑ

352 1298 426 1342 legi
453 1303 558 1343 atque
584 1311 739 1336 caussae.

252 1364 344 1398 Obiit
371 1370 511 1399 mortem
521 1363 553 1400 ¹⁷.
580 1368 713 1402 Terent.
739 1370 878 1402 Heaut.:
905 1368 965 1402 Ea
992 1369 1074 1403 obiit
1096 1374 1250 1403 mortem.
1278 1369 1384 1404 Obire
1412 1375 1459 1404 est
1485 1371 1582 1404 etiam
1608 1366 1731 1405 inirem.
1759 1368 1830 1405 Cic.
1857 1368 1891 1402 in
1917 1368 1989 1403 Cat.
2015 1365 2092 1400 HL:
2119 1354 2191 1399 Ni-'

354 1417 404 1450 leil
426 1422 503 1450 erat
524 1421 617 1463 quod
637 1432 704 1453 non
726 1421 800 1465 ipse
822 1420 942 1454 obiret.

252 1466 386 1501 Otiosus
412 1469 455 1502 ab
480 1464 539 1502 illa
563 1467 642 1505 rem.
671 1472 806 1505 Terent.
834 1469 991 1507 Phorm.:
1022 1469 1178 1504 Otiosum
1201 1470 1247 1504 ab
1273 1472 1399 1507 animo.

337 1588 363 1623 1)
391 1588 486 1616 Oram'
507 1593 604 1616 tecam
615 1599 670 1626 pro
686 1589 773 1617 oravi
790 1595 817 1617 te
833 1588 905 1618 cod.
926 1588 960 1619 A.
977 1589 1016 1618 M.
1034 1589 1092 1617 Ter
1109 1591 1200 1627 Jqux'.

256 1628 284 1660 4-
299 1628 326 1659 4·
345 1632 393 1660 64.
416 1630 448 1659 A.
466 1630 504 1660 M.
526 1631 619 1659 Verba
640 1633 702 1670 Egt
722 1637 813 1670 atque
839 1631 946 1659 desunt
971 1631 1002 1659 in
1023 1631 1093 1661 Cod.
1113 1633 1145 1660 A.
1159 1633 1199 1661 Μ.

257 1671 379 1698 Dic-cres
401 1672 471 1701 Cod.
502 1673 561 1705 Gu,
597 1689 639 1695 —-
667 1673 695 1713 2))
728 1674 863 1703 Obnixus
885 1674 966 1701 huic.
990 1673 1024 1702 A.
1048 1674 1084 1704 M.
1115 1675 1200 1712 lTJg.

262 1713 368 1749 Georg.
386 1715 444 1741 ΠΙ.
462 1717 531 1745 233.
546 1716 578 1743 A.
600 1716 638 1744 M.
657 1732 698 1737 —
720 1715 749 1756 3)
772 1714 851 1744 Haec
869 1715 994 1744 formula
1009 1726 1076 1744 cum
1099 1727 1200 1744 exem-

260 1754 309 1792 plo
331 1763 383 1781 suo
401 1755 479 1782 deest
497 1756 529 1783 in
553 1757 622 1785 cod.
641 1759 674 1787 A.
694 1758 730 1786 M.
747 1758 826 1796 Virg.
845 1758 915 1788 Aen.
934 1758 973 1792 X,
989 1760 1059 1790 359.
1074 1758 1125 1786 ubi
1148 1759 1201 1786 ob-

1243 1590 1370 1618 elocutio
1389 1601 1454 1619 curn
1470 1591 1603 1630 exemplo
1620 1600 1673 1619 suo
1687 1590 1767 1619 deest
1779 1589 1810 1618 in
1827 1588 1897 1617 cod.
1914 1587 1947 1616 A.
1963 1586 2002 1615 M.
2018 1585 2098 1634 Virg-
2113 1583 2191 1637 Aen-³

1243 1633 1308 1667 ΧΠ,
1326 1634 1395 1664 865.
1412 1644 1469 1671 seq.
1497 1650 1539 1655 —
1563 1632 1608 1673 13)
1637 1634 1805 1672 Opust-ntus
1826 1631 1928 1667 rebus,
1952 1640 2008 1658 oui.
2032 1628 2095 1664 lits,
2116 1626 2191 1655 (sod-⁴

1242 1675 1276 1704 A.
1296 1674 1334 1703 M.
1362 1675 1447 1711 Vina.
1467 1676 1542 1704 Aen..
1567 1677 1588 1705 I.
1614 1678 1685 1707 447,
1711 1676 1743 1705 Α.
1765 1674 1803 1703 M.
1827 1675 1890 1703 Sal.
1919 1673 1984 1711 lag.
2014 1674 2062 1703 61.
2088 1670 2122 1699 A.
2145 1669 2191 1699 M.-

1244 1718 1312 1754 Cap.
1338 1719 1387 1748 57.
1406 1718 1487 1749 Coi-t.
1506 1718 1583 1746 Gcrl.
1608 1734 1648 1739 -—-
1672 1718 1717 1755 14)
1740 1717 1843 1745 Labor
1862 1720 1893 1744 et
1916 1717 2014 1742 instar
2036 1712 2106 1741 cod.
2129 1711 2191 1760 G.¹¹·‘

1249 1760 1332 1797 Virg.
1353 1759 1428 1787 Aen.
1449 1760 1484 1790 V.
1509 1762 1575 1792 119.
1600 1761 1632 1788 A.
1655 1760 1691 1788 Μ.
1710 1776 1750 1781 -
1774 1763 1816 1794 15)
1844 1757 1987 1787 Obedlens
2006 1759 2191 1793 praeceptis--

259 1797 344 1822 nixa
370 1796 474 1824 editur.
495 1812 537 1819 -—-
558 1799 588 1834 4)
615 1800 739 1836 Optavit
762 1799 843 1828 illud
862 1801 919 1828 illi.
944 1800 1016 1829 Cod.
1048 1800 1105 1830 Gu.
1132 1801 1200 1839 Opt.

260 1837 314 1864 hoc
334 1837 381 1864 illi
405 1838 474 1867 Cod.
499 1839 534 1867 A.
557 1839 594 1867 Μ.
624 1840 705 1868 Idem
726 1841 800 1870 Aen.
825 1845 883 1871 HI.
907 1844 976 1874 109.
999 1841 1034 1870 A.
1057 1842 1095 1871 M.
1119 1843 1202 1879 Quae

261 1879 394 1916 sequitur
414 1880 540 1908 formula
557 1882 747 1912 elocutionis:
765 1887 804 1912 Et
826 1885 870 1912 sic
885 1886 976 1912 ettam
999 1884 1058 1912 sibi·
1073 1885 1202 1924 adopta-

263 1922 322 1957 vit,
346 1921 426 1949 deest
441 1923 471 1950 in
489 1923 560 1953 Cod.
586 1923 619 1952 A.
634 1925 674 1954 Μ.
695 1941 737 1946 -
758 1929 787 1960 5)
809 1926 930 1964 Ablegat
945 1927 980 1955 A.
999 1927 1037 1957 Μ.
1054 1928 1090 1955 ad
1109 1929 1202 1956 Asco—

264 1963 346 1991 nium
368 1964 487 2002 eiusque
513 1971 667 1997 comment.
689 1967 726 1995 ad
745 1968 878 2005 fragmm.
904 1974 1040 2006 quartum
1064 1969 1151 1998 huius
1170 1971 1203 1998 in

262 2006 396 2034 Pisonem
418 2006 568 2038 orationis.
592 2008 715 2047 Insuper
744 2010 816 2038 cod.
838 2014 969 2048 uterque.
998 2028 1034 2033 —
1064 2013 1095 2049 6)
1116 2013 1203 2052 Virg.

262 2047 340 2076 Aen.
373 2048 424 2076 Vl.
447 2050 475 2079 3.
506 2049 540 2079 Α.
569 2050 606 2079 Μ.
639 2067 681 2072 -
713 2052 741 2088 7)
769 2053 962 2090 Opportunus
983 2055 1047 2092 illi,
1070 2065 1127 2083 om.
1150 2056 1202 2093 rei,

263 2089 300 2119 A.
325 2089 363 2119 M.
388 2090 564 2129 Exemplum
590 2093 668 2131 quod
690 2094 822 2131 sequitur
842 2102 878 2122 ex
899 2094 1029 2132 Virgilio,
1052 2107 1107 2125 om.
1132 2097 1203 2126 Cod.

263 2131 300 2161 A.
326 2131 364 2160 M.
389 2132 481 2160 Locus
504 2133 584 2171 Virg.
613 2139 656 2163 est
681 2136 752 2164 Aen.
780 2136 864 2172 VIII,
894 2138 964 2167 235.
997 2138 1047 2166 ubi
1078 2140 1203 2177 legitur:

263 2169 412 2201 Dtrarum
434 2174 517 2203 nidi.»
536 2175 564 2204 d.
585 2181 640 2205 cet.
666 2192 708 2198 —
730 2178 758 2214 8)
783 2179 844 2206 Sal.
863 2177 930 2216 lug.
948 2181 996 2209 23.
1023 2180 1055 2208 A.
1074 2181 1112 2211 M.
1132 2183 1199 2221 Cap.

263 2215 331 2243 XX.
346 2215 418 2244 Edd.
437 2217 515 2247 Cort.
536 2218 615 2246 Gerl.
642 2234 684 2239 —
704 2218 732 2257 9)
756 2220 834 2248 Haec
850 2220 977 2248 elocutio
1001 2231 1065 2250 cum
1083 2223 1199 2253 duobus

1243 1801 1297 1829 Hie
1313 1806 1340 1829 et
1358 1802 1491 1839 proxime
1517 1812 1640 1840 sequens
1662 1802 1808 1830 articulus
1826 1801 1933 1829 desunt
1947 1799 1979 1826 iu.
2000 1797 2069 1826 Cod.
2087 1797 2120 1825 A.
2141 1796 2191 1844 Ma

1243 1843 1301 1872 Sal.
1318 1843 1380 1872 Cat.
1397 1853 1422 1871 c.
1443 1847 1468 1875 1.
1488 1844 1545 1872 Sal.
1569 1845 1630 1881 Iug.
1652 1854 1678 1872 c.
1699 1843 1812 1877 XXXI,
1837 1844 1885 1874 19.
1907 1857 1948 1863 —
1968 1840 2012 1879 16)
2036 1839 2092 1887 Sal.
2110 1838 2190 1866 ssiat-¹

1243 1884 1291 1913 IV.
1314 1886 1425 1914 Recens
1448 1886 1561 1914 accedit
1582 1885 1633 1914 hic
1659 1887 1742 1914 locus
1766 1884 1936 1922 fragmentis
1967 1882 2094 1911 Salustii.
2122 1881 2190 1909 Lu·-

1245 1938 1295 1956 cus
1317 1928 1375 1956 Cic.
1396 1933 1439 1956 est
1459 1939 1513 1967 pro
1536 1928 1598 1966 lege
1618 1928 1737 1956 Manilia
1762 1938 1787 1956 e.
1805 1930 1833 1959 8.
1849 1927 1900 1955 fin.
1916 1925 1966 1954 ubi
1988 1925 2190 1953 obtrectant.›

1243 1985 1285 1992 -·-
1314 1972 1360 2007 17)
1384 1970 1560 2010 Exemplum
1580 1981 1594 1998 e
1614 1971 1679 2000 Ter.
1699 1970 1824 2009 petitum
1851 1968 2035 1998 desideratur
2059 1967 2091 1995 in
2112 1965 2190 1994 Cotl.1

1245 2011 1279 2040 A.
1300 2012 1337 2040 M.
1365 2013 1459 2041 Locus
1473 2018 1516 2041 est
1531 2013 1636 2041 Heaut.
1651 2013 1686 2049 11,
1707 2015 1738 2048 3,
1755 2014 1805 2044 30.
1829 2023 1871 2033 ¹—-
1894 2009 1940 2050 18)
1969 2009 2052 2038 Hanc
2071 2009 2187 2037 sormu⁴⁴

1244 2054 1303 2082 lam
1327 2054 1367 2083 ita
1384 2053 1501 2084 exhibet
1528 2055 1597 2084 cod.
1624 2055 1679 2084 Gu.
1704 2057 1745 2083 Et
1767 2054 1847 2082 obire
1868 2053 2023 2091 significat
2043 2053 2120 2080 inire
2140 2050 2187 2079 vel

1244 2096 1342 2132 abire,·
1365 2097 1479 2125 vitiose.
1503 2096 1564 2128 Cic.
1593 2099 1626 2125 ιἠ,
1651 2098 1716 2126 Cat.
1747 2098 1805 2128 III.
1827 2099 1856 2128 7.
1886 2097 1918 2124 A.
1942 2095 1980 2123 M.
2013 2093 2103 2132 Quod
2121 2094 2184 2141 ipse

1243 2150 1302 2167 non
1322 2139 1392 2168 eod.
1418 2140 1474 2169 Gu.
1499 2139 1614 2168 meliori
1638 2140 1752 2168 ordine.
1775 2155 1818 2162 -—
1839 2136 1885 2178 19)
1911 2138 2051 2167 Ocius-as
2067 2135 2105 2164 al>
2125 2135 2188 2181 allax-

1244 2179 1315 2221 (om.
1331 2180 1373 2220 re)
1396 2182 1465 2210 Cod.
1481 2181 1516 2213 A.
1537 2182 1573 2211 M.
1595 2183 1655 2212 Ter.
1677 2183 1768 2211 Pltor.
1785 2184 1814 2213 2.
1829 2184 1855 2212 1,
1873 2183 1923 2212 26.
1940 2180 1973 2209 A.
1997 2180 2036 2209 M.
2060 2178 2094 2207 In
2111 2177 2182 2206 Cod.

1243 2224 1297 2252 Gu.
1329 2224 1438 2252 citatur
1456 2225 1537 2255 Ean.
1565 2224 1616 2252 sed
1640 2235 1717 2253 corr.
1742 2225 1774 2252 in
1795 2223 1935 2261 murgine.
1954 2238 1995 2244 --
2016 2219 2064 2261 20)
2089 2221 2183 2249 ortuo

263 2257 324 2285 suis
344 2259 486 2297 exemplis
512 2261 633 2288 accessit
655 2270 668 2288 e
691 2261 761 2289 Cod.
783 2263 839 2290 Gu.
865 2262 942 2299 Virg.
966 2262 1035 2291 Aen.
1059 2265 1109 2300 XI,
1129 2267 1198 2299 435.
1240 2275 1274 2294 ex
1293 2266 1390 2294 eodem
1413 2267 1477 2294 loco
1501 2266 1572 2295 Cod.
1594 2266 1626 2295 A.
1647 2267 1686 2297 M.
1707 2266 1791 2295 Idem
1810 2268 1890 2295 Eun.
1913 2268 1944 2297 2.
1967 2267 1995 2296 2.
2017 2266 2064 2295 10.
2083 2263 2118 2292 A·
2141 2261 2185 2290 M.

263 2298 323 2327 Cic.
341 2310 395 2338 pro
415 2301 501 2330 Rosc.
523 2312 548 2330 c.
563 2303 612 2339 50,
634 2302 701 2334 145·
726 2319 767 2325 —
797 2307 841 2339 10)
862 2301 947 2340 Virg.
964 2305 1039 2332 Aen.
1055 2307 1110 2334 XI.
1127 2311 1198 2340 216.

1244 2308 1350 2337 Videri
1372 2319 1417 2336 me
1431 2309 1501 2338 cod.
1521 2309 1577 2338 Gu.
1597 2325 1633 2330 -—
1654 2312 1699 2345 21)
1722 2311 1815 2339 Ortus
1834 2308 1891 2337 hoc
1906 2307 1978 2336 cod.
1992 2304 2027 2334 A.
2040 2305 2078 2333 M.
2090 2303 2183 2342 Virg.

261 2339 295 2369 A.
314 2341 352 2370 Μ.
382 2359 424 2364 --
455 2344 500 2381 11)
528 2344 589 2373 Cic.
618 2345 649 2372 i'n
673 2345 739 2372 Pis.
770 2347 817 2377 15.
846 2345 880 2373 A.
910 2345 948 2374 M.
971 2347 1097 2385 Insuper
1125 2350 1196 2380 Cod.
1239 2351 1313 2380 Aen.
1335 2351 1404 2379 VII.
1427 2354 1496 2383 206.
1519 2353 1551 2382 A.
1567 2351 1606 2380 M.
1629 2366 1672 2373 —
1702 2351 1748 2388 22)
1765 2350 1866 2379 Omnis
1888 2349 1937 2377 hic
1959 2347 2100 2376 articulus
2123 2345 2178 2393 de-

258 2387 352 2422 uterq.
367 2384 461 2413 Verba
482 2387 550 2415 Non
571 2392 604 2414 ut
622 2392 656 2415 ιιι
670 2387 763 2416 adieci
779 2397 794 2416 e
814 2387 885 2418 Cod.
908 2388 964 2417 Gu.
987 2404 1027 2411 —
1052 2390 1096 2427 12)
1118 2390 1198 2421 Haec
1238 2393 1387 2421 siderentur
1408 2394 1490 2432 ¹apud
1509 2393 1544 2425 A.
1563 2393 1602 2422 M.
1623 2393 1718 2422 Locus
1739 2393 1798 2422 Cic.
1819 2403 1875 2432 pro
1898 2391 1982 2419 Corn.
2010 2389 2180 2426 fragmentis
