2263 2668
747 139 979 175 EXEMPLA
1010 137 1379 175 ELOCUTIONUM.
1959 153 2035 187 243

85 236 265 271 Intercedit
291 235 375 269 illud
402 236 451 268 illi
477 231 567 269 rei¹⁷.
590 234 724 270 Terent.
751 234 874 268 Andr.:
902 233 944 268 Si
967 232 1067 265 nulla
1096 233 1290 277 aegritudo
1315 235 1396 269 huic
1421 237 1561 282 gaudio
1587 239 1829 276 intercesserit.

84 289 231 322 Intentus
257 288 315 320 illa
341 299 385 320 re.
413 288 534 321 Salust.
557 286 628 320 Cat.
638 283 678 319 ¹⁸:
710 286 779 333 Qui
802 286 919 330 aliquo
945 284 1086 329 negotio
1113 285 1270 320 intentus.

82 340 123 373 ln
146 351 204 372 ore
230 339 316 372 illius
341 350 444 383 agens
463 350 526 383 pro
546 338 579 370 in
606 344 787 382 conspectu
813 332 986 370 illorum¹⁹.
1014 335 1134 368 salust.
1160 335 1245 371 Hist.
1273 336 1316 371 l.:
1349 337 1395 370 Ut
1421 339 1456 371 in
1476 351 1537 373 ore
1561 342 1725 386 gentibus
1751 355 1877 389 agens.

42 436 46 437 ⁷
83 391 121 424 In
148 391 251 424 maius
278 391 404 423 audivit
428 401 490 434 pro
517 389 593 433 plus
621 401 731 433 quam.
764 389 884 422 Salust.
911 388 998 422 Hist.
1025 383 1120 420 11.²⁰:
1153 386 1258 421 Haec
1278 392 1468 434 postquam
1499 391 1613 427 l'arro
1647 394 1682 427 in
1708 396 1822 429 maius
1848 407 1944 431 more
1971 409 2032 432 ru-

185 453 321 475 morum
347 441 492 474 [audivit.

81 493 255 527 Introitum
282 494 314 526 in
340 493 398 526 illa
419 492 505 526 loca.
533 491 603 525 Sal.
627 492 710 525 Hist.
738 492 795 525 IV.
805 487 846 524 ²¹:
866 490 927 524 Ita
955 493 1077 523 castra
1103 489 1176 523 sine
1201 489 1344 524 vulnere
1365 491 1553 527 introitum.

82 545 209 578 Insilit-e
231 545 322 577 illam
350 556 429 578 rem.
458 543 526 577 Sal.
552 543 639 575 Hist.
669 540 760 578 V.²²:
787 542 948 576 Peractis
974 540 1080 574 LXX
1105 541 1205 575 annis
1232 546 1393 576 armatus
1419 555 1543 588 equum
1567 546 1708 580 insilire.

81 596 121 629 In
144 596 348 642 praepositio
375 595 541 639 geminata
550 591 584 628 ²³.
609 595 743 627 Terent.
764 595 865 627 Eun:
886 594 929 626 In
951 603 1073 625 amore
1096 592 1186 625 haec
1208 594 1324 627 omnia
1340 595 1454 627 insunt
1472 597 1565 630 vitia.
1593 597 1663 631 Cic.
1691 608 1755 643 pro
1781 598 1909 635 Scauro
1918 598 1960 635 ²⁴:
1988 602 2030 638 Si

183 647 331 692 denique
357 647 391 680 in
418 646 482 680 illa
510 645 601 679 laona
626 646 795 680 invadere
821 646 914 679 nullo
941 644 1045 678 modo
1067 644 1256 689 potuisset,
1281 645 1348 679 nisi
1373 650 1508 681 mortuo
1528 648 1687 683 Bostare.

1031 771 1076 805 K.

77 849 175 884 Kave
195 848 265 884 hoc
289 849 356 882 fiat.
387 849 483 894 Virg.
507 850 589 884 Aen.
610 849 703 882 X11.:
737 847 805 882 Ast
831 847 941 881 armis
967 851 1177 881 concurrant
1203 859 1309 883 arma
1335 848 1465 885 ltavete.
1498 850 1592 884 Kave
1617 851 1708 884 illam
1733 863 1814 886 rem.
1843 852 1913 889 cic.
1940 854 2024 889 Phi-

178 901 263 946 lipp.
290 902 350 934 11.:
391 900 506 934 Simul
539 902 727 934 admonent
759 900 922 946 quidam,
956 900 1051 945 quod
1076 899 1285 934 kavebimus.
1322 901 1440 934 salust.
1474 902 1557 936 Hist.
1587 903 1667 938 HL:
1697 903 1892 938 Kavenclus
1921 906 2024 941 dolus

178 957 239 986 est.
265 953 361 985 Kave
387 949 494 986 illisu.
523 952 592 986 Cic.
618 952 704 985 Phil.
733 952 777 984 1.:
809 951 987 992 Veterani,
1015 951 1138 997 quibus
1164 952 1222 985 hic
1248 953 1335 985 ordo
1363 953 1630 998 diligentissime
1651 953 1805 990 haverat.
1858 956 1953 990 Kave
1978 959 2021 992 ab

177 1005 248 1036 illis.
277 1004 345 1037 Sal.
372 1001 517 1038 Catil.²⁶:
543 1004 686 1037 Kavere
707 1003 753 1036 ab
780 1003 849 1036 illis
875 1004 1003 1048 magis.
1031 1003 1127 1036 Idem
1143 1003 1227 1039 Hist.
1255 1004 1314 1037 Ill.
1324 1001 1365 1038 ²⁷:
1394 1004 1533 1038 Kavete
1559 1006 1767 1050 imperatore
1788 1018 1874 1052 per
1900 1007 2020 1054 haga

181 1055 364 1089 Celtibero.
391 1056 526 1090 Terent.
544 1052 680 1088 Enn.²⁹:
710 1054 804 1088 Tunc
825 1055 890 1100 pol
915 1054 977 1087 tibi
1004 1054 1050 1088 ab
1086 1055 1189 1097 istoc,
1217 1055 1324 1098 hera,
1351 1055 1550 1089 kavendum
1573 1057 1739 1103 intelligo.

73 1106 187 1140 Kareo
214 1106 271 1139 illa
291 1103 367 1140 re²⁹.
394 1107 488 1151 Virg.
516 1106 645 1151 Georg.
671 1106 747 1141 IV.:
775 1106 1044 1151 Simulaeraque
1070 1106 1147 1140 luce
1172 1106 1364 1140 karentum.
1397 1108 1511 1141 Kareo
1536 1109 1621 1141 illius
1636 1110 1694 1144 rei.
1723 1109 1856 1142 Terent.
1878 1110 2019 1145 Heaut.:

180 1157 310 1193 Omnes
333 1157 420 1191 mihi
445 1157 585 1191 labores
599 1158 766 1203 fuerunt,
795 1169 879 1202 quos
905 1158 1021 1202 coepi,
1050 1158 1161 1199 leves,
1182 1163 1439 1204 praeterquam
1465 1160 1516 1192 tui
1541 1159 1735 1193 lem-endum
1762 1161 1854 1205 quod
1877 1167 1964 1198 erat.

73 1208 203 1254 Kaptus
229 1208 295 1242 hac
322 1221 367 1242 re.
394 1209 488 1254 Via-g.
518 1209 646 1254 Georg.
673 1205 748 1244 1³⁰:
778 1210 852 1242 Αιιῐ
884 1209 991 1242 oeulis
1017 1210 1114 1255 capti
1129 1209 1266 1255 fodere
1291 1210 1421 1244 cubilia
1446 1211 1578 1257 talpae.
1611 1211 1679 1245 Sal.
1706 1212 1792 1245 Hist.
1819 1212 1897 1247 111.:
1938 1214 2016 1248 Col-

173 1261 362 1305 legamque
389 1261 460 1293 eius
492 1260 678 1294 Octavium
705 1261 822 1293 mitem
849 1265 881 1294 et
907 1260 1051 1305 kaptum
1067 1261 1231 1306 pedibus.

69 1310 172 1345 Khao
198 1323 262 1356 pro
290 1324 307 1345 e
336 1311 433 1345 Chao
443 1308 476 1345 ³¹.
506 1312 598 1357 virg.
626 1312 754 1357 Georg.
781 1312 859 1348 1v.:
886 1312 1002 1357 Atque
1032 1312 1131 1346 Chao
1158 1313 1282 1346 densos
1307 1312 1441 1347 Divum
1465 1313 1677 1348 numerabat
1702 1325 1850 1348 amores.

69 1361 192 1397 Kassus
216 1363 283 1398 hac
309 1375 354 1396 re.
381 1363 476 1409 Virg.
491 1364 574 1398 Aen.
601 1360 697 1398 11:³²:
721 1362 824 1398 Nunc
851 1363 990 1397 bassum
1017 1364 1145 1398 lumine
1170 1365 1304 1411 lugent.

67 1525 135 1554 neg.
150 1514 222 1546 cod.
246 1515 303 1545 Gn.
318 1531 360 1536 —
383 1517 428 1551 19)
450 1515 584 1544 Accessit
599 1515 648 1544 hic
663 1514 808 1544 articulus
831 1525 847 1544 e
863 1516 936 1546 cod.
959 1515 1016 1547 Gn.
1062 1516 1092 1544 in
1112 1519 1186 1545 orat.
1209 1515 1316 1544 Licinii
1341 1516 1379 1544 ad
1397 1515 1523 1555 plebem.
1547 1516 1682 1545 Ceterum
1703 1516 1722 1543 k
1740 1515 1868 1545 litteram
1888 1514 1920 1543 in
1944 1515 2009 1544 elo-

67 1557 164 1586 Locus
179 1558 285 1587 Salust.
300 1558 335 1586 ab
351 1557 439 1587 huius
451 1559 614 1587 editoribus
630 1559 739 1587 relatus
757 1562 801 1586 est
823 1558 860 1586 ad
882 1559 1017 1596 fragium.
1062 1558 1258 1597 quutionibus
1277 1563 1393 1587 tantum
1413 1559 1520 1586 retinet
1535 1559 1568 1586 A.
1583 1559 1637 1594 M.;
1664 1569 1680 1585 c
1701 1564 1798 1587 autem
1819 1559 1851 1586 in
1866 1559 2008 1597 exemplis

66 1600 212 1629 librorum
228 1600 412 1629 incertorum
433 1604 482 1633 79.
499 1602 542 1630 ed.
560 1601 656 1638 Gerl„
679 1601 786 1629 citatus
808 1611 822 1628 a
846 1601 961 1629 Donato
979 1601 1016 1630 ad
1058 1602 1155 1640 ponit.
1179 1601 1213 1629 In
1230 1602 1300 1630 cod.
1317 1602 1372 1629 Gu.
1393 1600 1412 1626 k
1424 1600 1600 1638 plerumque
1614 1600 1701 1629 etiam
1721 1601 1752 1629 in
1777 1600 1919 1639 exemplis
1931 1600 2008 1638 legi-

66 1642 133 1672 Ter.
148 1641 311 1682 Adelph.1‚
326 1647 354 1680 2,
374 1647 421 1675 13.
439 1644 489 1672 ubi
504 1644 626 1682 legitur:
650 1645 683 1672 in
696 1655 744 1671 ore
754 1643 897 1682 gentibus
912 1655 1015 1682 agens,
1057 1648 1118 1673 tur.
1146 1659 1189 1665 —
1213 1644 1261 1681 26)
1285 1644 1347 1673 Sal.
1378 1642 1443 1670 Cat.
1465 1642 1516 1674 54.
1540 1643 1574 1672 A.
1597 1642 1636 1670 M.
1661 1643 1730 1681 Cap.
1755 1644 1804 1675 52.
1829 1643 1894 1671 edd.
1921 1642 2004 1673 Cort.

59 1685 192 1724 populo,
216 1687 344 1715 civitati.
366 1686 400 1715 In
417 1687 607 1726 cloquutione
622 1687 747 1715 fortasse
768 1686 834 1714 illis
856 1686 1013 1724 legendum

64 1737 120 1767 pro
141 1727 238 1756 illius.
261 1745 304 1750 —
326 1729 386 1764 Qui
404 1734 567 1767 sequuntur
585 1735 645 1758 tres
658 1729 786 1764 articuli,
809 1729 915 1757 desunt
931 1729 1012 1767 apud

64 1770 99 1798 A.
120 1769 159 1798 M.
186 1785 228 1792 -
257 1773 305 1808 20)
328 1771 412 1800 Adde
435 1772 604 1810 fragmentis
620 1771 749 1802 Salustii.
774 1771 817 1800 In
842 1782 891 1799 ore
911 1782 1011 1800 rumo-

64 1821 135 1840 rum
154 1811 224 1842 cod.
241 1812 298 1842 Gu.
322 1814 402 1852 quod
423 1814 485 1843 sine
506 1815 690 1843 dubitatione
716 1814 923 1851 corrigendum
945 1814 1011 1843 suit.

63 1869 105 1876 —
138 1853 185 1892 21)
207 1854 329 1891 Legitur
346 1856 395 1885 hic
415 1857 500 1886 Iocus
518 1857 595 1886 inter
615 1858 748 1895 fragmm.
770 1856 952 1885 incertorum
971 1857 1011 1884 li-

63 1895 143 1925 bror.
163 1898 212 1926 86.
237 1896 316 1927 Gerl.
347 1899 456 1928 citatus
478 1911 495 1928 a
522 1900 624 1928 Servio
648 1900 685 1928 ad
706 1899 777 1928 Aen.
801 1900 839 1935 X,
862 1901 933 1930 628.
958 1898 1009 1934 XI,

63 1941 134 1971 230.
165 1938 270 1966 omissa
298 1949 327 1970 v.
351 1941 410 1971 Ita.
436 1957 478 1964 ·-—
503 1941 549 1981 22)
582 1943 788 1980 Fragmentum
821 1941 919 1969 adhuc
949 1950 1009 1968 non

62 1981 184 2010 editum.
214 1980 348 2010 Referam
367 1983 428 2012 huc
456 1985 557 2022 fragm.
583 1985 668 2017 illud,
693 1984 774 2022 quod
795 1983 874 2012 inter
898 1983 1011 2011 incerta

62 2026 114 2056 70.
136 2022 259 2060 legitur:
282 2028 309 2050 et
330 2026 363 2053 ln
378 2027 508 2064 praelii-5·
528 2033 599 2055 acm
614 2032 782 2065 promptus.
804 2041 847 2048 --
867 2027 912 2062 23)
935 2024 1009 2053 Voc.

57 2066 245 2104 praepositio
262 2075 319 2094 om.
333 2067 368 2097 A.
383 2069 421 2097 M.
447 2070 507 2096 Ter.
524 2071 603 2099 Eun.
624 2073 650 2100 1.
667 2073 693 2099 1.
715 2071 763 2100 14.
786 2068 820 2095 A.
837 2067 877 2095 M.
899 2082 941 2087 —-
962 2064 1008 2103 24)

62 2107 173 2137 Verba:
197 2108 225 2134 si
245 2106 371 2146 (lenique
392 2115 436 2139 et:
455 2112 517 2138 nisi
536 2117 654 2139 moi-luo
674 2113 804 2139 Bostare
824 2112 1010 2136 accesserunt

62 2160 78 2179 e
97 2150 169 2178 Cod.
193 2150 248 2178 Gu.
274 2150 336 2179 Cic.
359 2163 418 2190 pro
439 2154 484 2181 Sc.
508 2155 579 2185 995.
609 2154 645 2183 A.
661 2153 698 2181 M.
720 2153 762 2180 Cs.
782 2151 842 2179 Cic.
865 2150 1008 2187 Fragmm.

60 2203 128 2231 pag.
150 2195 241 2224 1132.
266 2193 295 2223 4.
319 2193 340 2222 s.
361 2194 406 2222 ed.
425 2195 520 2223 Nobb.
543 2198 690 2223 Rama-e
718 2194 789 2222 eod.
817 2194 871 2220 Gu.
891 2208 933 2214 —
962 2190 1008 2230 25)

62 2237 144 2264 Katre
160 2235 233 2262 illis.
252 2235 334 2262 Idem¹
348 2237 431 2264 Phil.
457 2239 480 2266 Ι.
494 2240 523 2268 2.
551 2238 692 2266 Veterani
708 2241 761 2265 cet.
778 2235 826 2262 Sic
842 2234 912 2263 (jod.
924 2234 956 2262 A.
972 2234 1010 2262 M.

60 2283 159 2306 cetera
174 2277 280 2305 desunt
296 2279 410 2315 onmia,
433 2278 474 2306 ita
495 2284 527 2307 ut
549 2280 622 2307 duae
645 2278 850 2316 cloquutiones
870 2286 936 2304 cum
954 2276 1011 2304 tri-

58 2319 116 2349 'bus
142 2319 283 2358 exemplis
313 2321 528 2349 desiderentur.
561 2322 656 2349 Locus
680 2321 758 2357 Virg.
789 2324 832 2347 est
860 2319 933 2348 Aen.
957 2318 1011 2356 XI,

44 2365 131 2395 ¹293.
154 2363 264 2390 Locum
286 2362 347 2392 Cic.
373 2363 502 2402 Philipp.
527 2363 560 2391 ll.
592 2374 652 2391 non
683 2362 809 2401 repperi.
832 2361 1012 2389 kaueuimus

61 2405 134 2435 cod.
158 2405 214 2435 Gu.
233 2405 346 2434 solenni
366 2415 474 2435 errore.
497 2406 593 2434 Locus
619 2405 737 2434 Salustii
758 2404 867 2443 legitur
888 2404 940 2433 lib.
965 2404 1012 2433 111.

1058 1687 1137 1715 Gerl.
1153 1686 1203 1714 ubi
1219 1687 1320 1723 magis
1335 1685 1512 1723 plerumque
1528 1683 1563 1711 ab
1589 1685 1750 1714 editoribus
1766 1685 1923 1713 omittitur.
1944 1684 2005 1712 ka-

1056 1735 1117 1758 vete
1135 1728 1206 1756 cod.
1217 1728 1273 1756 Gu.
1290 1743 1325 1748 --
1344 1724 1393 1765 27)
1401 1726 1512 1755 Recens
1527 1727 1641 1755 accedit
1653 1726 1704 1755 hic
1718 1728 1803 1755 locus
1817 1726 1854 1754 ad
1869 1727 2003 1763 fragium.

1055 1772 1112 1800 Sal.
1137 1769 1300 1807 Legendum
1329 1773 1441 1796 autem:
1470 1768 1574 1796 kavete
1600 1768 1639 1796 al)
1666 1770 1842 1807 imperatore
1866 1769 2002 1807 perfuga

1057 1812 1208 1843 Celtibero.
1232 1827 1271 1832 —-
1293 1809 1339 1849 28)
1365 1810 1431 1840 Ter.
1447 1812 1525 1840 Eun.
1548 1811 1577 1842 5.
1600 1814 1628 1842 2.
1642 1812 1693 1842 44.
1713 1811 1746 1839 A.
1767 1811 1806 1841 M.
1825 1811 1872 1839 Ex
1888 1811 2001 1839 Andria

1055 1856 1165 1883 citatur
1182 1854 1212 1880 in
1227 1852 1298 1882 cod.
1315 1853 1350 1881 A.
1366 1853 1405 1881 M.
1419 1853 1468 1882 Ab
1484 1854 1542 1881 isto
1564 1853 1676 1882 Cherea
1692 1853 1762 1882 Cod.
1782 1854 1819 1882 A.
1834 1853 1872 1881 M.
1892 1853 1930 1882 ab
1945 1853 2000 1881 illo

1057 1897 1188 1926 Chaerea
1211 1895 1281 1923 Cod.
1296 1895 1351 1924 Gu.
1367 1895 1458 1933 Apud
1468 1896 1533 1926 Ter.
1550 1900 1610 1924 est:
1638 1896 1712 1924 Tum
1722 1896 1781 1935 pol
1791 1895 1848 1924 tihi
1861 1895 1900 1923 al)
1911 1897 1998 1932 istoc,

1052 1940 1141 1974 hera,
1164 1936 1332 1966 cavendum
1351 1938 1495 1976 intelligo.
1523 1938 1670 1967 Nimirum
1695 1949 1733 1967 ex
1759 1949 1811 1968 vv.
1830 1939 1905 1966 istoc
1925 1938 1999 1966 hera

1053 1982 1189 2010 fecerunt
1202 1982 1260 2008 isto
1283 1979 1388 2017 chem,
1411 1981 1491 2009 unde
1507 1981 1670 2020 corruptio.
1695 1997 1738 2003 —
1758 1981 1806 2019 29)
1828 1980 1931 2008 Omnis
1947 1979 1998 2008 hic

1052 2023 1196 2051 articulus
1208 2022 1244 2050 de
1258 2023 1354 2050 Kureo
1374 2032 1460 2060 agens
1478 2023 1561 2052 deest
1581 2023 1662 2063 apud
1686 2024 1722 2055 A.
1747 2023 1784 2052 M.
1805 2024 1899 2052 Locus
1917 2023 1997 2060 Virg.

1054 2070 1098 2094 est
1116 2065 1221 2103 Georg.
1237 2064 1286 2101 IV,
1301 2064 1372 2097 472.
1387 2066 1484 2094 Locus
1501 2066 1633 2096 Terentii
1647 2065 1754 2096 Heaut.
1775 2066 1811 2103 Il,
1835 2066 1864 2103 4,
1889 2067 1938 2096 19.
1955 2080 1997 2088 --

1051 2106 1097 2146 30)
1122 2109 1241 2146 Kaptus
1267 2107 1323 2135 lzoc
1349 2107 1420 2138 Cod.
1449 2108 1484 2137 A.
1506 2108 1545 2139 M.
1573 2108 1610 2137 In
1630 2108 1733 2138 eodem
1754 2108 1825 2137 Cod.
1843 2108 1924 2137 deest
1941 2117 1997 2135 ex-

1051 2150 1180 2188 emplum
1196 2149 1326 2188 Virgilii;
1349 2149 1392 2179 ita
1408 2150 1487 2179 enim
1507 2152 1603 2190 pergit
1623 2151 1695 2180 cod.
1716 2152 1836 2189 Καρίας
1849 2150 1913 2179 lzoc.
1931 2149 1994 2178 Sal.

1050 2193 1135 2220 Ilist.
1158 2192 1253 2221 Locus
1276 2192 1358 2230 Virg.
1383 2197 1428 2221 est
1451 2193 1503 2221 Ge.
1526 2194 1548 2231 Ι,
1573 2195 1641 2226 183.
1662 2193 1697 2222 ln
1720 2194 1778 2222 Sal.
1800 2193 1868 2221 loco
1889 2191 1993 2221 verba:

1055 2235 1265 2273 Collegamque
1300 2236 1365 2262 eius
1402 2245 1505 2265 recens
1539 2245 1686 2265 accessere
1718 2245 1733 2264 e
1771 2235 1841 2265 cod.
1869 2234 1924 2263 Gu.
1953 2233 1994 2262 Cf.

1052 2277 1195 2315 Fragmm.
1209 2277 1269 2308 Sal.
1285 2276 1336 2307 lib.
1358 2277 1409 2314 Ill,
1431 2280 1481 2310 42.
1504 2278 1550 2308 ed.
1572 2277 1709 2308 Gerlach.
1731 2294 1772 2300 —-
1799 2279 1847 2315 31)
1866 2275 1996 2305 Accessit

1052 2319 1103 2348 hic
1118 2320 1259 2349 articulus
1279 2329 1294 2348 e
1320 2319 1392 2350 cod.
1418 2320 1476 2351 Gu.
1498 2321 1594 2350 Locus
1618 2321 1700 2358 Virg.
1721 2324 1764 2349 est
1782 2320 1833 2349 Ge.
1853 2319 1902 2355 IV,
1925 2319 1993 2349 347.

1053 2361 1105 2390 ubi
1120 2362 1228 2400 legitur
1244 2361 1357 2401 Aque
1383 2362 1477 2394 Clzao.
1499 2379 1542 2386 --
1565 2363 1613 2402 32)
1633 2364 1764 2393 [cassum
1784 2361 1839 2390 lzoc
1864 2360 1936 2389 Cod.
1959 2358 1992 2386 A·

1054 2404 1093 2435 M.
1111 2404 1191 2443 Virg.
1212 2405 1283 2439 Aen.
1305 2405 1343 2443 Π,
1359 2405 1409 2438 85.

1459 2447 1529 2482 Hh
1548 2448 1568 2473 *
