2263 2668
208 180 283 215 402
635 176 980 212 COMMENTARII
1005 176 1054 210 IN
1079 175 1221 211 PAULI
1248 176 1445 213 DIACONI
1469 178 1724 213 EXCERPTA

371 270 556 309 Demagis.
600 270 711 298 Contra
736 268 936 297 Glossarium:
974 270 1131 309 Demagis,
1164 273 1311 310 σφοδρῶς,
1357 272 1393 301 Et
1413 271 1525 301 Nonius
1549 270 1627 311 (pag.
1642 273 1694 304 98.
1718 271 1836 309 Merc.):
1872 274 2033 315 Demagis‚
2068 275 2156 306 valde

207 315 309 355 magis.
354 315 410 342 Sed
440 312 475 340 de
504 311 561 339 hoc
591 313 660 340 satis
690 311 820 340 dicemus
850 311 880 339 in
899 311 1048 342 Plautum.
1077 312 1176 344 Scal.
1221 315 1377 353 Nunquam
1406 312 1537 354 demagis
1567 324 1622 353 pro
1652 314 1747 343 minus
1776 324 1821 343 me
1845 315 1942 352 legere
1964 318 2081 347 memini
2104 320 2156 349 sed

207 368 322 396 semper
344 367 398 394 pro
420 352 505 382 valde
527 354 630 393 magis.
671 355 726 382 Sed
752 355 852 382 forsan
875 364 928 392 pro
952 355 1048 383 minus
1069 355 1224 394 legendum
1247 358 1342 386 nimis.
1366 357 1454 388 Dae.
1496 357 1610 386 Glossis
1634 358 1787 396 σφοδραῖς.
1820 356 1927 387 Goth.
1968 359 2028 389 Pro
2051 362 2154 391 minus.

210 400 272 428 Imo
295 409 347 438 pro
371 397 456 425 nimis
476 397 553 434 apud
577 398 651 425 Non.
668 397 709 433 ll,
734 398 806 427 229.
852 395 960 425 Idem.

369 439 556 467 Denariae
583 440 820 468 cerimoniae.
869 439 1007 467 Denariae
1030 440 1078 468 vel
1099 440 1274 471 tridenariae
1306 453 1372 470 cum
1395 452 1449 481 per
1472 442 1575 471 decem
1599 441 1648 470 vel
1668 441 1787 479 triginta
1817 441 1879 470 dies
1901 441 1932 470 in
1955 448 2035 472 casto
2058 451 2154 483 erant,

206 488 361 519 antequam
392 491 474 508 sacra
505 481 742 518 aggrederentur.
787 481 835 509 Sic
864 482 894 509 in
924 482 1008 510 tibris
1035 483 1125 511 sacris
1148 486 1332 521 sacerdotes,
1370 490 1527 523 antequam
1552 489 1813 520 consecrarentur,
1851 493 1905 522 per
1928 490 2038 523 septem
2061 488 2153 516 conti-

206 535 281 553 nuos
306 524 368 551 dies
391 523 559 552 cerimoniis
582 524 742 560 vacabant,
766 534 841 562 quae
864 525 906 552 sic
931 526 1114 562 septenariae
1137 526 1197 555 dici
1219 532 1355 566 potuere.
1378 527 1469 557 Dae.
1504 527 1579 556 Vide
1602 527 1678 555 infra
1701 525 1928 556 Purimenstruo.
1955 525 2058 557 Goth.
2090 529 2153 559 Re-

206 566 265 595 bus.
308 566 422 594 Diebus.
446 563 557 596 Idem.
597 565 769 596 Carendum.
807 566 877 595 lude
900 567 978 595 enim
1003 565 1198 598 Ceremoniam
1230 570 1338 598 dictam
1369 574 1455 608 putat
1477 569 1608 599 Macrob.
1625 569 1686 605 111,
1708 579 1733 598 c.
1745 570 1776 601 3.
1800 567 1911 600 Idem.
1949 569 2035 599 Haud
2064 571 2153 602 dubie

210 609 367 646 legendum
392 609 536 637 continuis
559 607 676 644 diebus,
698 614 730 637 ut
753 608 874 638 exhibet
893 609 925 639 B.

366 652 606 689 Decrepiius.
652 652 678 680 A
702 652 823 680 lucerna
852 652 899 680 vel
925 652 1063 689 candela,
1101 663 1175 691 quae
1197 654 1333 682 ultimum
1357 653 1498 693 expirans
1519 655 1663 693 crepitum
1688 653 1773 682 edere
1795 653 1877 683 sotei.
1923 653 1987 682 Hoc
2009 653 2088 683 enim
2110 659 2153 684 est

202 694 385 732 Deci-epare;
415 698 447 721 ut
471 695 549 732 apud
572 694 723 722 Persiuniz
758 693 915 723 desierim.
962 695 1136 734 Decrepitus
1160 707 1174 724 a
1198 696 1348 725 veteribus
1372 697 1513 726 Graeciae
1536 697 1681 735 magistris
1704 696 1868 735 exponitur
1890 693 2073 736 ὖπέργηρος,
2102 709 2152 728 τε·-

201 735 407 774 τυμβωμὲνος,
442 733 556 772 ἑφθός,
592 737 688 777 γέρων
712 736 926 776 ταχυθάνατος.
949 736 1049 767 Scal.
1095 738 1148 766 Cui
1172 739 1232 767 vita
1255 749 1392 778 crepera,
1430 741 1450 768 i.
1474 750 1498 770 e.
1521 739 1628 776 dubia,
1665 744 1699 768 ut
1722 738 1931 777 crepusculum
1955 739 2013 768 diei
2036 744 2152 779 tempus

202 778 339 813 dubium,
376 777 423 805 vel
447 788 463 805 a
486 780 612 818 crepitu,
651 779 732 817 quod
760 789 848 807 senex
877 779 991 809 nullum
1017 780 1112 809 facere
1135 781 1280 820 crepitum
1304 787 1400 820 queat.
1445 783 1504 811 Sed
1528 783 1619 821 magis
1643 782 1741 821 placet
1764 781 1912 818 Scaliger,
1952 781 2001 820 qui
2025 782 2068 810 ait
2090 792 2152 811 esse

202 819 405 858 metaphoram
428 831 443 848 a
467 820 590 850 lucerna
620 823 666 851 vel
698 822 841 858 candela,
880 832 955 861 quae
985 823 1122 852 ultimum
1152 825 1290 863 expirans
1323 825 1471 864 crepitum
1496 825 1571 853 solet
1594 825 1690 854 edere.
1734 824 1798 853 Hoc
1821 824 1898 852 enim
1922 828 1966 853 est
1988 824 2152 863 decrepare

204 862 342 891 ultimum
367 871 506 901 crepare,
531 869 565 892 ut
586 864 666 903 apud
692 865 822 893 Persium
845 863 1011 902 destertere,
1035 866 1065 894 id
1089 871 1146 903 est,
1171 872 1353 905 postremum
1377 874 1499 896 stertere.
1533 868 1569 896 Et
1591 878 1626 896 eo
1649 877 1737 896 sensu
1759 866 1928 904 decrepitus
1952 866 2099 903 eleganter
2120 867 2150 896 in

202 905 356 933 Glossario
385 906 547 943 exponitur
578 905 801 943 ἐκπεπνευκώς,
840 907 893 945 qui
923 908 1058 936 ultimum
1086 909 1187 937 flatum
1217 910 1279 938 sive
1309 911 1456 948 crepitum
1480 909 1581 939 edidit.
1611 910 1700 939 Dac.
1747 907 1869 949 Crepera
1891 909 1950 938 iam
1972 909 2042 938 vita.
2074 909 2105 940 V.
2128 920 2151 939 s.

202 947 374 986 Creperuin.
401 946 508 977 Goth.
546 947 751 989 Crepusculurn
775 957 935 979 eaciremum
960 949 1017 980 diei
1039 958 1157 991 tempus.
1194 953 1306 981 Glossis
1322 950 1462 992 ἡπερινή
1488 950 1561 992 ὅρα.
1590 952 1628 981 Et
1650 953 1709 981 alio
1734 952 1799 980 loco
1815 949 2007 990 Crepusculo,
2032 949 2150 992 ὄρθρου

198 987 347 1029 ὖπεώρου.
373 988 484 1019 Idem.
526 992 658 1020 Doederl.
683 994 753 1031 Syn.
780 993 841 1020 Lat.
856 993 912 1029 ΙΙΙ,
936 1003 1002 1031 pag.
1016 995 1067 1026 85.
1102 995 1275 1034 Decrepitus
1297 1006 1313 1024 a
1337 994 1499 1025 decrescere
1521 995 1647 1025 derivat.
1681 993 1753 1024 Mihi
1774 994 1895 1023 videtur
1916 998 1999 1023 recta
2023 994 2149 1024 descen-

198 1032 267 1061 dere
290 1043 306 1060 a
329 1033 442 1062 Sanscr.
466 1043 540 1063 voce
563 1033 642 1074 krip,
674 1046 749 1073 quae
772 1035 898 1064 debilem
922 1046 982 1064 esse
1006 1036 1160 1074 significat.

362 1076 600 1105 Decimanus.
646 1079 845 1106 Decumanus.
887 1078 918 1106 In
935 1078 1009 1115 agris
1026 1079 1163 1107 Romanis
1181 1079 1361 1109 decumanus
1378 1081 1480 1118 limes,
1503 1081 1554 1119 qui
1570 1080 1605 1108 ab
1623 1079 1745 1108 Oriente
1761 1079 1796 1108 ad
1814 1078 2017 1109 Occidentem.
2051 1077 2148 1109 Cardo

199 1117 249 1154 qui
273 1128 288 1145 a
311 1118 432 1146 meridie
455 1119 490 1146 ad
514 1121 744 1158 septentrionem
769 1120 906 1158 dirigitur
927 1121 976 1149 ubi
1001 1121 1101 1149 mundi
1124 1122 1267 1153 cardines.
1292 1123 1378 1155 Duc.
1404 1124 1477 1152 Ptin.
1493 1124 1605 1160 XVIII,
1629 1125 1685 1159 34,
1709 1122 1759 1161 qui
1783 1127 1811 1151 et
1834 1121 2017 1151 Decimanus.
2047 1122 2148 1150 Siculo

199 1159 306 1188 Flacco
331 1160 408 1188 adde
431 1161 580 1198 Aggenum
605 1163 640 1191 de
663 1162 822 1191 limitibus:
850 1168 878 1191 et
902 1163 1138 1192 Duodecimanus
1161 1164 1294 1203 Hygeno.
1321 1165 1428 1196 Goth.
1463 1164 1570 1196 Cardo.
1602 1166 1636 1197 V.
1660 1165 1807 1201 Siculum,
1830 1164 1984 1199 Flaccum3
2007 1168 2035 1193 et
2057 1165 2149 1202 Agge-

201 1212 287 1239 nuin,
314 1202 390 1231 idem
416 1210 444 1231 et
460 1205 561 1232 Kardo
586 1205 715 1243 Hygeno.
762 1204 871 1234 Idem.

361 1246 573 1274 Decumana
598 1259 673 1278 ουα.
719 1248 824 1277 Mirum
848 1251 961 1275 veteres
982 1248 1080 1286 inepte
1104 1249 1283 1286 credidisse,
1307 1260 1383 1289 quae
1406 1250 1512 1280 ordine
1534 1249 1649 1279 decima
1673 1253 1853 1287 nascuntur,
1875 1259 1907 1277 ea
1930 1258 1992 1278 esse
2016 1248 2147 1278 omnium

197 1287 343 1324 maxiuia3
373 1293 405 1316 ut
427 1289 465 1317 de
485 1289 626 1318 fluctibus
650 1291 738 1320 Oiid.
761 1291 848 1320 Trist.
872 1289 923 1319 lib.
938 1290 964 1326 l,
989 1291 1024 1318 et.
1044 1294 1109 1322 11.:

735 1332 793 1371 Qui
814 1333 889 1361 venit
912 1331 980 1360 hinc
990 1334 1122 1373 fluctus,
1142 1334 1259 1374 fluctus
1281 1334 1468 1374 supereminet
1490 1345 1588 1363 omnes

818 1374 963 1403 Posterior
986 1386 1062 1404 nono
1085 1383 1140 1412 est,
1165 1375 1373 1416 undecimoque
1390 1377 1481 1416 prior.

195 1413 267 1441 Nam
292 1424 345 1452 per
368 1414 570 1453 metaphoram
595 1415 756 1445 decumana
780 1427 811 1445 ea
835 1417 977 1445 dicuntur
999 1428 1015 1445 a
1038 1428 1068 1446 re
1092 1421 1204 1455 agraria
1235 1420 1368 1456 scilicet,
1405 1419 1552 1447 maximus
1575 1418 1651 1448 enini
1675 1417 1758 1447 times
1781 1418 1811 1446 in
1834 1418 1910 1455 agris
1929 1417 2066 1447 Romanis
2089 1415 2145 1445 de·-

196 1466 335 1485 cumunus
358 1463 490 1486 vocatur.
514 1458 602 1490 Dac.
649 1459 730 1487 Adde
752 1459 895 1496 Albesia3
918 1458 1081 1490 decumani.
1129 1459 1236 1490 Goth.

359 1500 562 1539 Deprensa.
608 1501 802 1540 Deprehensa.
834 1502 930 1531 Gloss.
954 1501 1154 1541 deprehendit,
1177 1504 1366 1542 διορθοῦται.
1396 1503 1542 1543 Deprensi
1563 1499 1784 1541 ὗπερεκτίσεως.
1818 1503 1894 1540 Lego
1918 1501 2082 1542 deprensae.
2110 1501 2145 1530 ld

196 1544 237 1568 est
257 1551 381 1578 poenae,
405 1541 521 1571 multae.
542 1543 626 1572 Dac.
671 1544 828 1573 Extremae
851 1544 969 1583 quidem
993 1555 1106 1582 poenae
1129 1544 1183 1573 hae
1207 1546 1348 1574 militares
1370 1546 1571 1583 collocantur,
1600 1546 1752 1583 castigatio
1775 1550 1804 1574 et
1825 1545 2021 1583 ignominiosa
2044 1544 2144 1572 missio

195 1582 225 1610 in
248 1583 267 1611 l.
282 1585 310 1614 3.
333 1584 355 1622 ᾗ.
370 1586 397 1615 1.
411 1584 439 1614 ff,
462 1585 498 1613 de
520 1586 633 1624 poenis.
665 1587 728 1614 Non
752 1586 785 1615 fit
808 1592 906 1615 tamen
929 1586 999 1614 inibi
1024 1587 1132 1615 mentio
1155 1587 1373 1627 Deprehensae‚
1397 1587 1453 1615 nisi
1476 1588 1554 1616 forte
1576 1588 1606 1616 in
1629 1588 1665 1616 iis
1687 1588 1790 1626 poenis
1813 1597 1889 1625 quae
1910 1588 1962 1615 illo
1987 1587 2051 1615 loco
2074 1596 2145 1615 enu-

195 1630 346 1654 merantur
374 1626 590 1665 deprehensam
621 1633 760 1667 putemus
790 1639 852 1658 esse
881 1629 1082 1668 pecuniariam
1113 1631 1234 1658 multam
1262 1630 1311 1658 vel
1333 1639 1488 1659 munerum
1509 1630 1711 1659 indictionem.
1755 1629 1884 1659 Proinde
1905 1630 1994 1659 etiam
2015 1628 2065 1657 hic
2086 1628 2146 1667 legi

196 1673 292 1704 potest
317 1669 466 1707 Depensa,
492 1681 551 1699 non
576 1671 774 1708 deprehensa,
802 1672 838 1699 ab
861 1682 928 1700 aere
952 1672 1119 1710 pendendO.
1168 1671 1276 1701 Goth.

357 1712 525 1744 Decima.
570 1713 645 1742 Vide
669 1719 813 1752 quantum
836 1714 909 1742 iuris
932 1713 1082 1743 Barbarus
1106 1714 1156 1742 ille
1178 1715 1234 1743 sibi
1257 1715 1396 1744 sumserit
1417 1715 1447 1744 in
1469 1714 1526 1744 hoc
1549 1715 1616 1743 loco
1638 1714 1821 1752 mutiland03
1854 1714 1905 1743 uni
1928 1714 2005 1744 enim
2027 1718 2144 1743 tantum

197 1749 315 1821 {prouti
335 1752 394 1782 hoc
417 1754 512 1785 fiebat.
536 1753 637 1788 Scal,
668 1757 827 1795 Nunquam
849 1757 907 1795 legi
929 1756 1046 1785 decima
1069 1766 1205 1796 quaeque
1229 1757 1289 1786 Diis
1312 1757 1410 1787 oblata
1433 1758 1541 1795 fuisse,
1566 1757 1616 1786 sed
1636 1762 1752 1786 tantum
1773 1757 1903 1788 Herculi.
1934 1757 2030 1786 Plauti
2052 1756 2144 1787 Stich.

199 1802 208 1831 t
245 1817 252 1829 ‚
277 1797 311 1831 1,
333 1796 416 1835 80.):

820 1841 871 1870 Uti
893 1840 1045 1870 decumam
1066 1849 1180 1881 partem
1203 1840 1329 1872 Herculi
1347 1841 1514 1883 pollue-eam

200 1875 272 1903 Nam
295 1879 374 1915 quod
397 1880 540 1910 decimam
564 1882 691 1921 praedae
713 1887 828 1922 partem
852 1884 982 1922 Apollini
1005 1889 1104 1913 votam
1129 1884 1209 1922 apud
1234 1885 1347 1914 Livium
1372 1886 1464 1923 legas,
1502 1885 1557 1913 alia
1582 1884 1668 1924 piane
1691 1894 1737 1913 res
1761 1888 1815 1914 est.
1843 1883 1932 1915 Dac.
1976 1884 2054 1919 Imo,
2090 1885 2142 1912 uni

202 1921 315 1946 tantum
334 1921 462 1953 Herculi.
494 1924 587 1953 Varro
605 1925 639 1954 V.
663 1925 699 1954 de
721 1925 819 1963 lingua
844 1926 912 1965 (VI,
935 1929 1009 1958 230.
1034 1928 1105 1966 Sp.).
1142 1928 1182 1954 De
1205 1937 1237 1955 ea
1259 1937 1290 1956 re
1312 1928 1376 1956 dixi
1400 1928 1436 1956 ad
1460 1928 1521 1958 l.2.
1537 1927 1566 1955 ff.
1589 1928 1625 1956 de
1648 1926 1887 1966 pollicitationib.
1935 1924 2038 1956 Goth.

360 1964 603 1999 Decuriones,
647 1969 743 1996 Gloss.
759 1970 905 2006 Decurio‚
928 1966 1121 2009 δεκαδάρχης.
1152 1970 1387 2006 Dandonem-9,
1410 1970 1596 2009 δεκαδαρχία.
1623 1969 1709 1999 Dae.
1743 1969 1802 2005 Qui
1826 1973 1856 1998 et
1879 1968 2049 2006 Decurioni3
2073 1977 2101 2001 V.
2117 1979 2141 1998 8-

202 1998 410 2047 Ceii'turionus3
432 2014 459 2035 et
483 2009 619 2039 necui—es.
650 2010 723 2039 Vide
747 2011 885 2040 Decures.
911 2010 1017 2042 Goth.
1050 2010 1111 2050 Qui
1133 2010 1213 2040 denis
1235 2011 1378 2052 equitibus
1398 2019 1545 2052 praesunt.
1577 2012 1691 2041 Glossis
1715 2012 1840 2041 Decurio
1860 2008 2052 2050 δεκαδάρχης.
2085 2012 2141 2040 De-

201 2049 383 2080 ⁰⁰r¹⁰¹¹³¹u⁵2
407 2049 592 2090 ὁεκαδαρχία.
630 2052 697 2081 Atio
720 2054 886 2091 significatu
908 2054 1030 2083 decurio
1054 2055 1179 2083 sumitur
1201 2054 1230 2082 in
1252 2054 1342 2083 Titul.
1364 2055 1394 2084 ff.
1417 2060 1446 2084 et
1469 2055 1530 2083 Cod
1555 2055 1590 2084 de
1615 2054 1839 2084 Decurionibus.
1884 2053 1992 2084 Idem.

257 2127 262 2133 ¹
364 2088 588 2133 eroliium.
632 2095 724 2124 Valde
747 2097 881 2134 politum.
917 2097 988 2126 Ptin.
1011 2097 1061 2125 lib.
1074 2099 1125 2128 36.
1148 2107 1172 2125 c.
1187 2098 1254 2128 25.:
1287 2096 1322 2126 Si
1343 2108 1408 2126 vero
1430 2104 1495 2126 cote
1517 2096 1675 2137 depolitum
1698 2104 1756 2133 est,
1780 2097 1858 2136 nigri
1876 2097 2037 2136 pavimenti
2057 2107 2137 2126 usum

200 2125 318 2155 oblinet·
362 2127 438 2157 Hine
460 2137 488 2159 et
510 2132 704 2172 depolitiones.
751 2139 825 2167 Vide
849 2140 977 2168 Nonium
1000 2139 1030 2167 in
1051 2138 1207 2179 politiones
1231 2139 1307 2178 (pag.
1320 2142 1370 2171 66.
1395 2139 1510 2177 Mem).
1554 2140 1642 2168 Dac.

305 2207 312 2218 ‚
362 2170 563 2220 D'egunere.
607 2178 740 2209 Fortasse
763 2182 938 2220 Degumare.
981 2182 1070 2218 Quod
1094 2183 1123 2210 in
1146 2182 1352 2211 Coniectaneis
1374 2183 1541 2211 monuimus
1565 2180 1645 2222 (pag.
1658 2181 1756 2219 151.).
1779 2180 1880 2211 Scal.
1926 2181 2020 2210 Gloss.
2043 2178 2137 2220 degu—

199 2220 264 2238 n‘r‘
293 2219 535 2260 αἶῑθνὲυσασθαῑ,
570 2224 735 2257 συγγεῦσαι.
780 2224 837 2252 Sed
869 2224 950 2262 apud
973 2225 1089 2253 Festum
1119 2229 1148 2252 et
1177 2225 1206 2252 in
1230 2225 1381 2254 Glossario
1411 2225 1570 2264 legendum
1596 2226 1712 2253 monuit
1733 2224 1864 2262 Scaliger
1885 2225 2052 2264 Degumare
2074 2223 2137 2251 sive

198 2250 378 2291 degustatam,
407 2266 421 2283 ὓ
442 2258 542 2295 Sum&
565 2260 692 2297 SCilhet,
717 2264 747 2292 id
772 2270 814 2293 est
840 2267 970 2303 gulosus.
1014 2267 1126 2295 Lucil.:

360 2337 376 2343 ..
631 2343 635 2347 Ι
814 2306 999 2347 Compellans
1018 2310 1136 2348 gumias
1157 2319 1198 2338 ex
1219 2308 1321 2338 ordine
1343 2317 1465 2340 nostros.

200 2334 285 2384 Da‘c.
319 2337 376 2365 Al¹¹
400 2338 575 2388 De3u⁷f¹⁰W›
599 2342 647 2370 ³¹¹5
672 2345 847 2383 Degumime
869 2361 883 2377 a
910 2349 1036 2388 Gumi115
1059 2352 1094 2380 de
1118 2362 1177 2389 quo
1199 2352 1276 2381 infra
1299 2352 1328 2380 in
1351 2351 1504 2392 Ingluvies.
1542 2350 1577 2380 Id
1599 2355 1696 2380 autem
1720 2361 1736 2379 a
1760 2347 1867 2390 γόμος,
1889 2348 1971 2388 quod
1992 2347 2134 2386 significat

199 2380 345 2426 πληέζωμα
367 2382 418 2418 τῆς
440 2394 524 2417 veme-
568 2384 693 2413 Saburra
719 2387 811 2415 Latini
841 2398 955 2422 xocant.
993 2392 1024 2421 V.
1049 2394 1175 2422 Nonium
1199 2396 1240 2433 (s.
1264 2404 1293 2422 v.
1318 2394 1436 2424 Getniae
1458 2404 1524 2434 pag.
1541 2396 1609 2425 117.
1634 2393 1752 2429 Mero).
1798 2393 1910 2421 Dicitur
1933 2395 1963 2420 et
1984 2388 2134 2429 degulasse

199 2419 296 2449 Nonio
318 2420 395 2461 (pag.
406 2425 456 2454 97.
479 2425 598 2461 M‹·rc.);
632 2427 794 2466 Degulator
817 2432 940 2469 Apuleio
962 2433 992 2462 in
1018 2435 1171 2473 Apologet.
1217 2434 1320 2465 Goth.
