2263 2668
233 165 306 199 704
657 150 1004 184 COMMENTARH
1031 150 1078 183 ΙΝ
1106 148 1249 182 PAULI
1275 147 1473 181 DIACONI
1497 148 1754 183 EXCERPTA

231 255 431 294 impar-mione
452 250 493 277 rei
514 252 568 274 etc.
605 243 727 270 Salmas.
752 242 781 269 iu
804 241 895 270 Solin.
928 240 1015 270 Dac.
1059 240 1140 269 Ante
1162 242 1248 270 atria.
1288 242 1361 270 Ante
1385 241 1466 271 attia.
1504 241 1579 270 Nam
1608 248 1636 272 et
1659 243 1698 272 ita
1723 243 1799 271 infra
1821 243 1852 271 in
1877 241 2046 272 Tablinum.
2078 241 2181 272 Goth.

232 298 307 326 Vide
331 292 501 325 conditum,
526 283 710 324 Fulguritum
736 288 764 312 et
787 282 935 312 Bidental.
983 281 1089 312 Goth.

395 329 616 362 Sceleratus
642 327 757 355 vicus.
802 326 896 354 Varro
920 325 1031 355 lib,lV.
1055 325 1118 362 (lib.
1133 325 1167 356 V.
1190 335 1256 364 pag.
1274 327 1343 357 159.
1368 325 1447 363 5ρ,);
1483 324 1579 365 Prope
1601 326 1678 356 hunc
1701 327 1814 363 (vicum
1840 327 1995 365 Cyprium)
2018 326 2100 354 vicus
2122 337 2183 354 sce-

233 381 340 410 leratus
364 375 460 403 dictus
481 383 499 399 a
527 368 640 405 Tullia,
680 369 837 409 Tarquinii
862 367 986 407 Superbi
1011 379 1121 403 uxore,
1158 367 1238 408 quod
1261 367 1302 396 ibi
1324 379 1388 396 cum
1412 368 1518 396 iaceret
1538 377 1621 406 pater
1644 371 1774 408 occisus,
1810 381 1899 408 supra
1920 380 1983 398 eum
2007 376 2038 397 ut
2062 369 2184 397 mitteret

233 426 400 460 carpentum
422 413 529 449 mulio,
561 412 652 440 iussit.
688 411 762 440 Vide
786 412 847 440 Liv.
870 411 919 439 lib.
933 411 953 439 Ι.
976 415 1047 440 sect.
1059 411 1108 441 48.
1135 410 1221 440 Dae.
1264 410 1337 438 Vide
1361 421 1452 448 supra
1477 412 1507 438 in
1532 409 1638 440 Orbius
1662 411 1762 440 clivus.
1809 411 1913 441 Goth.

396 455 593 487 Scelerata
616 460 738 494 porta.»
781 454 928 481 Scelerata
952 458 1037 491 porta
1061 453 1225 492 appellatur
1248 464 1264 482 a
1288 452 1465 491 quibusdam
1490 453 1698 490 Carmentalis,
1728 455 1778 492 qui
1801 459 1926 490 norunt,
1957 453 2040 491 quod
2063 453 2089 481 ei
2112 463 2185 491 pro-

232 505 344 533 ximum
369 502 541 529 Carmentae
563 497 702 525 sacellum
727 496 791 524 suit.
829 497 976 524 Scelerata
1001 501 1113 532 autem,
1142 495 1222 534 quod
1245 506 1298 534 per
1321 506 1382 524 eam
1407 505 1459 523 sex
1482 500 1510 523 et
1534 497 1658 525 trecenti
1680 497 1764 525 Fabii
1788 508 1855 526 cum
1879 497 2031 525 clientium
2056 495 2186 524 millibus

232 547 363 585 quinque
388 542 494 581 egressi
517 540 660 568 adversus
676 538 837 567 Hetruscos
861 539 899 566 ad
923 549 1036 566 amnem
1054 538 1220 566 Cremeram
1244 549 1344 566 omnes
1367 543 1436 566 sunt
1459 537 1618 568 interfecti.
1652 540 1716 575 Qua
1741 550 1777 569 ex
1801 550 1888 568 causa
1912 549 1963 577 per
1979 549 2042 567 eam
2067 542 2185 577 portam

232 591 344 617 intrare
367 585 504 624 egredive
528 583 608 611 nefas
633 581 772 610 habetur.
819 581 946 609 Ovidius
970 581 1059 620 (Fast.
1079 581 1119 616 ΙΙ,
1143 580 1241 619 201.);

809 622 856 652 Ire
876 635 929 662 per
950 623 1027 652 lianc
1049 622 1126 660 noli,
1157 624 1289 663 quisquis
1311 634 1354 660 es,
1384 633 1466 651 omen
1490 622 1584 653 habet.

234 675 283 703 Et:

238 734 239 737 ,
808 707 898 737 Porta
922 716 1007 737 vacat
1032 706 1139 747 culpa3
1162 707 1213 737 sed
1235 716 1329 737 tamen
1354 719 1434 736 omen
1458 707 1553 739 habet.

235 756 336 788 Scal.
367 755 439 783 Vide
463 751 614 791 Religioni
638 759 678 779 est
701 750 875 790 quibusdam
898 758 984 791 porta
1011 749 1190 780 Carmentali
1212 750 1317 789 egredi.
1362 751 1499 779 Ceterum
1520 751 1662 780 scelerata
1687 757 1729 780 est
1752 751 1878 792 infelix,
1902 750 2046 792 infausta.
2084 748 2186 778 Scelus

234 801 308 829 enim
333 803 377 827 est
400 796 568 825 infelicitas.
604 794 666 822 Hoc
689 794 772 829 dico,
796 794 863 832 quia
888 795 916 821 in
940 793 996 821 hac
1019 804 1091 822 voce
1114 794 1290 832 exponenda
1313 804 1329 821 a
1353 793 1528 831 quibusdam
1553 800 1708 833 peccatum
1733 800 1785 825 est.
1810 794 1899 823 Dac.
1935 791 2039 822 Scelus
2062 791 2186 828 Schuld‚

234 841 375 877 Schelde3
399 851 413 868 a
430 839 566 873 Sceltan,
588 836 723 865 sculdan.
760 837 831 863 Cum
856 837 965 874 quibus
988 837 1074 864 etiam
1097 835 1184 876 culpa
1204 847 1230 864 v.
1248 841 1415 873 cognatum.
1451 837 1493 864 Cf.
1511 837 1678 865 Doederlin.
1698 837 1756 865 Lat.
1775 838 1845 875 Syn.
1865 835 2054 874 etEtym.11.
2073 845 2101 873 p.
2116 835 2185 865 151.

398 879 568 911 Schedia.
613 879 851 916 Subintelligitur
874 880 965 908 navis.
1011 879 1137 907 Schedia
1163 879 1245 907 navis
1268 879 1367 907 subito
1392 883 1546 917 compacta
1571 891 1585 907 a
1610 880 1724 908 Graeco
1749 878 1855 918 σχεδόν
1879 889 1989 917 prope,
2025 879 2103 906 unde
2126 876 2189 915 σχέ-

234 929 301 957 §lov
325 930 465 960 voratur,
491 922 633 961 quicquid
658 921 756 950 subito
781 927 809 949 et
830 921 1024 961 tumultuarie
1047 923 1159 951 sactum
1183 926 1235 950 est.
1281 921 1416 950 Eustatli.
1442 924 1593 960 pag.516.
1620 923 1696 952 Edit.
1720 923 1821 950 Rota:
1851 919 1889 951 Td
1914 917 2018 960 σχεδόν
2041 916 2089 949 cisi
2111 913 2186 957 παρ’

230 966 351 1008 Ὀμήρω
375 964 441 997 siuti
463 967 520 996 τοῦ
542 961 629 1003 ἐγγὺς
651 963 851 1003 λαμβάνεται,
886 959 944 1000 ἀφ’
969 963 1002 994 οὑ
1027 965 1076 994 καὶ
1100 965 1197 1004 σχεδία
1220 960 1239 1001 ἦ
1263 962 1305 994 δι’
1327 961 1429 1004 ὀλίγου
1455 968 1640 1003 συμπαγεῐσα
1663 968 1739 1000 ναῦς
1761 964 1812 994 καὶ
1835 963 1952 1002 σχέόιον
1975 960 2008 993 τὸ
2033 958 2186 998 αὐθωρόν.

235 1000 339 1040 Dans
357 1008 440 1038 Unde
463 1006 591 1037 Schedia
615 1019 691 1035 usus.
727 1007 846 1044 Optime
868 1006 1015 1035 schedae:
1045 1006 1127 1036 Unde
1142 1006 1278 1035 Lucilius
1302 1018 1423 1046 quoque.
1453 1006 1500 1034 Ad
1521 1007 1595 1034 illud
1616 1008 1722 1035 Lucilii
1743 1008 1910 1045 respexisse
1931 1006 2050 1034 videtur
2070 1005 2187 1033 Petron-

235 1053 339 1090 (c.4.):
379 1051 437 1080 Secl
460 1062 494 1079 ne
517 1061 559 1078 me
579 1056 678 1088 putes,
712 1049 825 1086 inquit,
859 1049 1037 1088 improbasse
1059 1048 1206 1078 schedium
1230 1048 1407 1078 Lucilianae
1435 1049 1646 1089 improbitatis,
1684 1049 1765 1090 quod
1794 1050 1885 1078 sentio
1915 1055 1941 1076 et
1969 1049 2030 1087 ipse
2058 1046 2188 1076 carmine

235 1097 380 1138 ffngam‚
408 1094 495 1122 Dan.
544 1093 672 1120 Glossis:
697 1090 826 1120 Schedia
848 1093 1021 1130 καμουλκίς.
1071 1091 1176 1120 Goth.

240 1133 242 1137 ¹
402 1135 695 1174 Sexagenarios.
727 1134 790 1172 (Ad
815 1144 841 1172 p.
855 1134 942 1171 259.)
979 1135 1041 1163 Hoc
1065 1145 1079 1162 a
1102 1134 1205 1162 multis
1234 1134 1373 1162 traditum
1404 1140 1464 1171 est,
1503 1140 1532 1163 et
1561 1146 1637 1174 quae
1660 1136 1774 1173 reliqua
1799 1141 1885 1170 sunt,
1923 1134 1993 1162 satis
2016 1131 2188 1166 ostendunt,

236 1192 294 1220 qua
319 1181 353 1209 de
377 1190 408 1208 re
431 1183 542 1216 agatur.
587 1177 689 1204 Cicero
713 1187 768 1214 pro
792 1177 882 1204 Sexto
906 1177 1012 1205 Roscio
1036 1179 1114 1215 (cap.
1127 1179 1205 1213 35.);
1230 1176 1335 1205 Habeo
1359 1178 1445 1205 etiam
1471 1176 1579 1215 dicere,
1603 1189 1685 1218 quem
1709 1185 1812 1206 contra
1835 1188 1942 1206 morem
1965 1176 2109 1204 maiorum
2132 1173 2190 1201 mi-

236 1235 333 1252 norem
362 1223 448 1250 annis
476 1220 550 1249 LX.
584 1218 618 1247 ἅε·
643 1226 731 1258 ponte
760 1220 789 1247 in
822 1219 951 1247 Tiberim
982 1218 1123 1248 deiecerit.
1169 1220 1262 1248 Varro
1293 1219 1343 1248 lib.
1361 1220 1407 1248 VI.
1438 1220 1473 1248 de
1497 1221 1526 1250 L.
1550 1221 1581 1250 L.
1611 1220 1691 1258 (VH.
1721 1231 1786 1258 pag.
1800 1222 1871 1252 329.
1886 1229 1947 1256 seq.
1976 1217 2054 1256 Sp.).
2099 1215 2187 1245 Ovid.

236 1267 288 1296 lib.
302 1266 335 1294 V.
359 1265 437 1293 Fast.
460 1263 564 1299 (625).
610 1261 740 1290 Macrob.
763 1261 815 1290 lib.
833 1262 851 1290 I.
875 1263 991 1290 Saturn.
1015 1264 1093 1300 (cap.
1106 1262 1157 1299 5.).
1202 1262 1355 1290 Plutarch.
1380 1263 1410 1290 iu
1434 1263 1579 1293 Problem,
1608 1263 1761 1299 (Quaestt.
1785 1264 1870 1291 Rom.
1894 1272 1959 1300 cap.
1974 1262 2040 1298 32.)
2064 1263 2093 1288 et
2113 1258 2188 1287 Non.

236 1309 327 1337 Marc.
358 1308 529 1346 (pag.523.
555 1304 673 1342 Mero).
719 1305 792 1332 Vide
817 1304 990 1343 Depontani.
1021 1305 1107 1333 Ant.
1131 1305 1226 1344 Aug.
1273 1305 1399 1342 Vulgata
1430 1306 1550 1343 quidem
1581 1305 1705 1333 historia
1738 1316 1789 1334 seu
1820 1305 1938 1339 sabula,
1977 1308 2006 1331 et
2033 1313 2049 1331 a
2078 1301 2191 1329 veteri-

235 1352 290 1379 bus
314 1351 439 1379 diversis
463 1347 654 1386 opinionibus
677 1348 794 1384 agitata.
841 1348 950 1374 'samen
975 1358 1033 1375 non
1058 1349 1096 1375 ita
1121 1353 1193 1385 puto
1217 1352 1354 1385 apertum
1379 1358 1455 1382 esse,
1487 1348 1560 1385 quid
1583 1349 1655 1376 vetit
1678 1349 1799 1384 Festus,
1823 1353 1858 1375 ut
1879 1357 1940 1375 non
1963 1355 1999 1374 ex
2023 1355 2057 1373 eo
2080 1353 2190 1372 eruan-

236 1399 286 1422 tur
309 1392 469 1432 quaedam,
508 1400 582 1428 quae
611 1389 692 1427 apud
721 1390 835 1418 nullum
860 1390 949 1417 alium
974 1395 1126 1418 auctorem
1150 1391 1243 1426 legas,
1280 1394 1310 1417 ut
1334 1390 1491 1428 apparebit
1515 1400 1551 1418 ex
1575 1391 1638 1417 eius
1662 1395 1804 1418 contextu
1827 1393 1883 1418 ita:
1920 1386 2131 1425 Sexagenarios
2155 1385 2191 1414 de

237 1441 327 1475 ponte
351 1435 428 1464 mitti
452 1433 522 1462 olim
547 1432 710 1462 dicebatur.
750 1433 840 1460 Cuius
865 1443 997 1460 caussam
1022 1433 1160 1460 Manilius
1184 1432 1261 1459 hanc
1284 1432 1383 1461 affert:
1408 1433 1487 1470 quod
1514 1433 1564 1470 qui
1587 1433 1767 1461 incoluerint
1791 1432 1879 1470 primi
1903 1432 1969 1459 loca
1992 1430 2072 1458 urbis
2094 1428 2191 1457 homi-

237 1489 304 1507 nem
329 1477 481 1514 sexaginta
505 1486 596 1503 aunos
621 1480 723 1502 natum
750 1476 806 1502 niu
829 1476 906 1513 patri
931 1476 1087 1512 quotannis
1110 1475 1264 1502 immolare
1292 1475 1443 1511 solebant,
1480 1475 1570 1512 idque
1600 1476 1694 1503 facere
1718 1486 1767 1503 cos
1790 1475 1940 1503 destitisse
1963 1472 2094 1500 adventu
2118 1471 2191 1499 Her—

237 1522 321 1550 culis.
366 1520 423 1548 Sed
453 1518 596 1555 religione
628 1518 735 1545 veteris
764 1518 853 1545 moris
883 1517 1014 1555 scirpeas
1041 1517 1194 1545 hominum
1224 1517 1333 1553 effigies
1362 1528 1411 1545 cos
1440 1517 1645 1545 tantummodo
1669 1518 1786 1546 mittere
1809 1518 1845 1545 de
1869 1521 1969 1555 ponte.
2018 1515 2074 1542 Alii
2098 1514 2190 1548 aiunt,

238 1568 372 1592 :noranta
396 1563 425 1590 in
448 1561 533 1590 Italia
559 1559 705 1595 Hercule,
743 1560 823 1598 quod
854 1560 972 1598 quidam
998 1560 1060 1587 eius
1084 1560 1224 1587 comitum
1249 1558 1451 1587 habitaverint
1473 1560 1632 1587 secundum
1656 1560 1751 1598 ripam
1776 1559 1891 1587 Tiberis
1914 1563 2002 1596 atque
2026 1557 2137 1594 Argeos
2160 1566 2191 1584 se

238 1606 411 1635 vocaverint
435 1604 470 1632 ab
495 1603 594 1639 Argis:
620 1612 748 1640 quorum
771 1613 800 1640 p.
824 1612 866 1630 ro.
891 1602 1063 1630 memoriam
1088 1602 1300 1639 redintegrari,
1325 1612 1358 1629 eo
1381 1607 1466 1639 gente
1491 1602 1614 1630 Graecia
1636 1603 1763 1639 legatum
1787 1601 1934 1640 quendam
1956 1601 2101 1637 Argaeum
2124 1608 2192 1627 cum

237 1650 271 1677 iis
295 1650 405 1677 Romae
429 1650 577 1674 moratum
601 1655 678 1681 esse;
710 1646 733 1672 is
758 1650 789 1672 ut
812 1645 936 1678 obierit,
966 1645 1132 1673 institutum
1156 1656 1171 1672 a
1196 1644 1415 1680 sacerdotibus,
1447 1650 1480 1673 ut.
1503 1644 1612 1682 effigies
1635 1645 1749 1683 scirpea
1773 1654 1809 1672 ex
1832 1644 1980 1679 omnibus,
2009 1651 2092 1678 cum,
2116 1651 2192 1679 quae

238 1692 358 1730 publica
382 1694 484 1725 erant,
507 1688 724 1723 nunciavisset,
748 1698 803 1725 per
824 1688 937 1716 flumen
959 1698 994 1716 ac
1018 1697 1098 1715 mare
1120 1687 1150 1715 in
1174 1688 1301 1726 patriam
1323 1688 1541 1723 remitteretur,
1566 1692 1723 1726 postquam
1747 1697 1853 1715 munus
1875 1696 1978 1721 suum,
2003 1685 2088 1712 cuius
2105 1693 2192 1712 causa

238 1734 358 1772 publice
382 1733 488 1761 missus
511 1735 591 1767 erat,
619 1730 830 1759 nuuciavisset.
876 1730 941 1758 Hoc
965 1730 1041 1758 enim
1065 1735 1122 1758 est:
1153 1737 1310 1769 postquam
1335 1740 1409 1769 quae
1428 1728 1550 1768 publica
1572 1737 1670 1767 erant,
1694 1730 1897 1759 nunciavisset.
1941 1729 1986 1757 Ex
2010 1726 2117 1765 quibus
2140 1736 2193 1764 ap-

239 1782 324 1814 paret
347 1776 409 1804 sine
433 1775 494 1803 ulla
517 1773 720 1801 controversia
744 1773 915 1801 sacerdotes
944 1773 1089 1811 quaedam
1121 1773 1194 1800 dicis
1224 1783 1328 1801 caussa
1356 1773 1472 1801 nomiae
1501 1772 1588 1809 legati
1617 1773 1673 1800 sari
1702 1773 1823 1808 solitos,
1862 1782 1928 1800 cum
1955 1770 2038 1799 illam
2067 1768 2192 1806 effigiem

241 1820 420 1853 emitterent,
457 1815 538 1855 quod
568 1816 648 1853 apud
678 1815 794 1844 nullum
824 1816 914 1844 alium
945 1820 1095 1844 auctorem
1120 1815 1269 1854 scriptum
1293 1815 1433 1853 reperias,
1465 1813 1569 1844 Scal.
1614 1815 1747 1844 Priorem
1771 1814 1882 1844 Manilii
1903 1812 2076 1842 sententiam
2098 1810 2193 1849 tangit

244 1861 328 1889 Ovid.
345 1862 378 1890 V.
400 1861 477 1888 Fast.
523 1858 579 1886 Sed
603 1859 748 1894 Saturno,
773 1868 832 1886 non
856 1858 917 1886 Diti
940 1858 979 1886 ait
1000 1858 1167 1886 immolatos
1191 1858 1281 1886 fuisse
1304 1859 1509 1895 (625.seqq):
2198 1863 2199 1866 ’

775 1900 868 1929 Fama
891 1907 985 1935 vetus,
1011 1908 1080 1929 tunc
1103 1912 1167 1929 cum
1190 1899 1332 1928 Saturnia
1356 1907 1431 1928 terra
1454 1907 1560 1929 vocata
1583 1907 1633 1936 est,

824 1941 914 1971 Talia
926 1940 1059 1983 fatidici
1080 1942 1162 1971 dicta
1175 1942 1266 1983 fuere
1286 1943 1379 1971 senis:

772 1983 924 2024 Falcifero
948 1984 1043 2013 libata
1064 1986 1126 2013 seni
1147 1984 1206 2013 duo
1230 1995 1370 2024 corpora,
1391 1992 1498 2023 gentes,

820 2027 950 2065 ,Mittite’‚
980 2039 1053 2067 quae
1079 2028 1184 2056 Tuscis
1205 2028 1394 2065 excipiantur
1415 2027 1508 2066 aquis.

777 2068 878 2098 Donec
901 2071 931 2098 in
954 2069 1026 2098 haec
1047 2071 1123 2098 venit
1149 2069 1320 2108 Tirynthius
1342 2080 1430 2106 ιιι-να,-
1461 2070 1617 2108 quotannis

825 2111 936 2140 Tristia
959 2111 1113 2141 Leucadio
1136 2123 1222 2140 sacra
1241 2119 1362 2150 peracta
1385 2110 1481 2140 modo.

779 2151 869 2182 Illum
895 2155 1067 2183 stramineos
1089 2155 1119 2183 in
1141 2165 1249 2193 aquam
1273 2154 1383 2182 misisse
1407 2153 1533 2191 Quirites

822 2195 963 2225 errcuIis
985 2195 1120 2236 exemplo
1143 2207 1267 2235 corpora
1282 2195 1374 2237 falsa
1396 2197 1463 2225 iaci.

250 2237 290 2263 De
315 2235 418 2272 Argeis
442 2234 600 2262 comitibus
623 2235 756 2264 Herculis
780 2237 849 2266 vide
873 2239 903 2266 in
919 2239 1014 2277 Argei
1037 2243 1066 2267 et
1079 2238 1205 2278 Argeos.
1229 2238 1317 2267 Dae.
1356 2238 1412 2267 Per
1430 2246 1548 2278 pontem
1572 2246 1732 2278 coeperunt.
1769 2238 1809 2267 De
1833 2238 1990 2276 pontibus,
2015 2236 2066 2274 qui
2088 2234 2124 2264 ab
2148 2243 2195 2262 se-

250 2279 307 2316 ptis
330 2276 527 2305 comitialibus
551 2276 586 2303 fid
613 2277 814 2308 Diribitorium
839 2286 867 2309 et
891 2281 991 2310 viltam
1014 2281 1164 2320 publicam
1188 2281 1382 2319 suffragantes
1405 2281 1618 2316 traducebant,
1640 2286 1709 2309 nota
1734 2291 1781 2309 res
1803 2285 1856 2311 est.
1879 2278 1987 2309 Idem.
2022 2277 2110 2307 Cuius
2131 2287 2195 2305 sen-

251 2322 364 2348 tentiae.
409 2320 445 2347 Et
469 2319 554 2346 Ovid.
573 2318 606 2345 V.
631 2318 705 2348 Fast.
726 2321 848 2354 (v.637.
863 2326 952 2361 seq.):

783 2361 856 2391 Pars
875 2372 977 2402 putat,
1000 2372 1031 2393 ut
1045 2364 1162 2406 ferrent
1186 2365 1298 2394 iuvenes
1320 2365 1467 2406 suffragia
1489 2363 1547 2394 soli

828 2404 969 2434 Pontibus
991 2408 1123 2446 infirmos
1147 2409 1354 2446 praecipitasse
1375 2419 1462 2437 senes.
