2263 2668
370 157 444 191 236
994 156 1134 193 SEXTI
1160 159 1360 194 POMPEII
1386 160 1525 195 FESTI

215 262 251 288 Ὗ.
270 262 361 289 fustes.
369 252 434 286 suri
451 256 560 285 autem
578 254 654 284 sunt
671 254 772 284 rustes
783 252 808 294 *,
836 254 869 284 et
886 249 1153 297 hypocoristicos
1176 255 1306 289 surculi.
1360 255 1508 299 Reque
1536 265 1664 299 eapse
1684 253 1800 299 Scipio
1819 255 2008 300 Africanus,
2035 258 2145 291 Paulli

370 305 469 343 filius,
496 313 572 335 cum
598 313 661 346 pro
689 303 774 335 aede
798 302 941 336 Castoris
968 304 1066 346 dixit,
1092 304 1159 339 hac
1185 307 1427 351 compositione
1453 319 1529 340 usus
1556 312 1620 340 est:
1648 307 1798 349 quibus
1826 306 1876 339 de
1903 306 2145 344 hominibus

369 365 448 399 ego
475 364 623 398 saepe,
669 359 797 397 atque
830 354 870 386 in
903 355 1045 388 multis
1072 356 1181 390 locis
1214 369 1364 403 opera,
1409 359 1553 398 factis,
1600 358 1816 398 consiliis,
1861 369 1990 403 reque
2016 372 2145 405 eapse

221 413 255 437 Ἰ.
273 412 343 442 siem,
369 405 546 449 (saepe)
580 405 868 438 benemeritus
895 408 1043 450 spem‘,
1083 408 1120 441 id
1147 415 1195 441 est
1221 421 1256 442 re
1283 409 1364 454 ipsa.
1425 407 1743 454 Respublicas1
1771 409 1949 443 multarum
1976 411 2144 445 civitatum

210 464 242 488 ⁸5.
255 463 341 489 Penni.
367 456 541 501 pluraliter
576 456 657 488 dixit
684 456 724 491 C.
752 457 928 491 Gracchus
954 459 988 491 in
1015 471 1072 501 ea,
1115 472 1215 503 quam
1250 461 1443 505 conscripsit
1471 461 1514 494 de
1549 462 1627 506 lege
1654 473 1689 505 p.
1753 461 1862 493 Enni*
1889 466 1922 494 et
1948 464 2143 507 peregrinis,

367 519 443 542 cum
471 507 531 540 ait:
585 519 656 540 eae
689 509 902 550 nationes,
948 521 1037 544 cum
1064 511 1167 545 aliis
1194 513 1318 545 rebus
1346 524 1422 556 per
1449 513 1689 554 avaritiam,
1734 517 1862 556 atque
1890 514 2143 556 stultitiam,

365 571 431 592 res
458 559 661 604 publicas
688 571 781 594 suas
807 561 1046 595 amiserunt.
1101 564 1231 596 Recto
1260 564 1403 597 fronte
1430 570 1598 597 ceteros
1625 564 1742 607 sequi
1769 564 1802 596 si
1828 564 1948 597 norit.
2003 564 2088 598 Cato
2110 567 2144 598 in

366 610 593 643 dissertatione
614 612 811 645 consulatus.
840 613 993 656 antiquae
1012 614 1048 646 id
1068 615 1310 648 consuetudinis
1329 616 1408 659 fuit,
1436 622 1472 649 ut
1491 628 1568 649 cum
1588 617 1633 648 ait
1650 615 1774 648 Ennius
1800 627 1936 659 quoque
1963 628 1982 648 a
2009 617 2144 661 stirpe

211 669 245 693 ἰζ
264 668 584 707 feminasupremO,
613 667 645 695 et
668 663 749 695 Ilia
777 664 843 696 dia
871 675 1011 709 nepos.
1040 670 1072 699 et
1098 667 1218 711 lupus
1245 667 1398 701 foeta*.
1428 674 1460 700 et
1486 667 1602 700 nulla
1630 672 1771 700 metus.
1799 667 1897 700 etiam
1917 667 1949 699 in
1969 678 2143 701 commen—

217 717 252 741 's-
271 716 333 742 haec
363 714 452 747 tariis
479 724 649 747 sacrorum
676 716 920 758 pontificalium
945 717 1136 760 frequenter
1164 724 1211 751 est
1236 718 1308 753 hic
1335 719 1447 761 ovis,
1493 724 1525 752 et
1552 719 1657 752 haec
1685 730 1835 764 agnus,
1879 719 1942 753 ac‘
1968 730 2140 764 porcus.

364 777 450 809 quae
476 777 541 798 non
568 770 603 798 ut
629 766 724 808 vitia,
761 767 820 800 sed
849 772 885 800 ut
911 768 1077 812 antiquam
1105 770 1375 803 consuetudinem
1403 771 1571 811 testantia,
1611 770 1773 803 debemus
1801 770 1965 814 accipere.
2017 771 2142 804 Reci-

363 814 466 861 pie2
492 816 583 861 apud
608 816 790 859 Catonem,
835 830 899 863 pro
933 821 1109 865 recipiam,
1153 827 1188 854 ut
1222 822 1285 854 alia
1321 822 1484 855 eiusmodi
1516 822 1703 866 complura.
1764 821 2142 866 Redemptitavere

363 868 462 909 item,
490 874 524 901 ut
551 868 762 903 clamitavere
785 869 869 903 Cato
898 871 1021 916 (idem)
1048 873 1082 905 in
1110 884 1164 914 ea,
1195 884 1261 916 qua
1289 874 1359 918 egit
1386 874 1429 907 de
1457 873 1557 918 signis
1585 878 1618 906 et
1643 873 1783 906 tabulis:
1810 872 2015 906 honorem
2040 878 2142 907 tem·

192 920 587 964 ·t·.emptita-ptavere*‚
633 921 694 962 ait,
740 922 761 954 l.
788 922 967 956 efecta**
994 924 1237 957 benefactis
1271 936 1350 957 non
1384 925 1761 969 redemptitavere.
1821 924 2058 969 Repulsior
2089 937 2142 958 se-

203 964 344 1015 “sizim-
364 972 474 1005 cunda
506 971 694 1006 conlatione
729 973 811 1005 dixit
837 973 921 1006 Cato
954 975 988 1007 in
1021 987 1078 1017 ea,
1122 987 1208 1019 quae
1235 982 1282 1009 est
1308 982 1423 1010 contra
1450 977 1644 1010 Cornelium
1671 976 1761 1021 apud
1789 976 1966 1021 populum.
2000 976 2140 1016 haec†

226 1024 309 1074 sssacta
363 1023 456 1067 quis
483 1023 712 1065 incultior,
747 1025 1022 1070 religiosior,
1066 1027 1301 1070 desertior,
1344 1028 1537 1073 publicis
1564 1028 1753 1073 negotiis
1779 1027 2008 1072 repulsior.
2061 1029 2141 1061 Ra-

231 1076 235 1090 ¹
254 1060 271 1083 ξ’
291 1067 320 1084 ‘³⁶
362 1075 527 1107 tissima
549 1086 685 1119 quoque
705 1076 747 1108 ab
769 1075 820 1109 his
833 1079 894 1118 Η,
922 1089 1007 1121 quae
1028 1084 1098 1111 rata
1120 1079 1268 1113 dicimus.
1296 1081 1386 1113 unde
1405 1080 1502 1114 etiam
1522 1080 1664 1112 rationes
1685 1079 1806 1113 dictae.
1859 1078 1944 1112 Cato
1967 1079 1999 1112 in
2019 1080 2141 1123 quam*

190 1093 568 1159 'f††({'-llllls·’i‘Thermum:
595 1127 709 1172 Erga
736 1139 861 1173 remp.
884 1130 1017 1163 multa
1044 1131 1259 1165 beneficia
1286 1132 1501 1165 ratissima
1529 1136 1655 1175 atque
1681 1131 1940 1176 gratissima.
1993 1131 2140 1175 Regil—

205 1162 434 1221 Rlffmrcggg's'lis,
462 1178 578 1211 tunicis
599 1178 699 1220 albis,
727 1184 757 1212 et
781 1180 925 1213 reticulis
946 1181 1042 1214 luteis
1064 1182 1210 1226 utrisque
1263 1209 1270 1215 .
1324 1209 1331 1216 .
1385 1210 1392 1217 .
1446 1183 1505 1218 ctis
1518 1186 1557 1224 **,
1591 1183 1686 1216 textis
1707 1194 1818 1215 susum
1841 1178 2022 1231 versssum
2061 1181 2139 1229 [97]

189 1231 224 1261 †s·
240 1231 380 1264 virginesa
401 1230 558 1263 stantibus
585 1230 695 1273 pridie
721 1232 911 1275 nuptiarum
938 1232 1027 1266 diem
1056 1233 1222 1279 virginis†
1242 1233 1378 1268 indutae
1405 1235 1552 1268 cubitum
1580 1235 1671 1268 ibant
1698 1234 1814 1267 ominis
1841 1245 1957 1276 causa,
1984 1238 2020 1267 ut
2042 1234 2140 1267 etiam

360 1281 393 1313 in
419 1281 494 1313 totis
519 1281 665 1313 virilibus
693 1281 810 1315 dandis
837 1284 1003 1317 observari
1028 1285 1123 1319 solet.

524 1333 585 1365 Ra
593 1333 635 1377 pi
662 1333 833 1366 simulatur
860 1336 956 1380 virgo
984 1347 1024 1369 ex
1050 1337 1181 1382 gremio
1209 1338 1338 1370 matris:
1373 1342 1444 1381 aut,
1472 1339 1499 1370 si
1526 1350 1565 1371 ea
1592 1349 1658 1370 non
1686 1342 1750 1379 est,
1779 1349 1820 1370 ex
1844 1336 1996 1382 proxima
2023 1346 2140 1370 neces-

189 1381 519 1424 ‘s-traduci-situdine.
565 1395 641 1418 cum
669 1385 712 1417 ad
739 1386 845 1418 virum
871 1387 1010 1420 traditur
1021 1389 1044 1429 *,
1080 1388 1173 1432 quod
1199 1389 1355 1422 videlicet
1382 1401 1420 1422 ea
1447 1401 1498 1421 res
1525 1389 1666 1422 feliciter
1691 1388 1842 1421 Romulo
1869 1388 1975 1421 cessit.
2027 1387 2138 1432 Rapi

187 1419 350 1483 turffieulrt'ra-
360 1434 446 1467 solet
472 1435 546 1476 fax,
591 1447 657 1479 qua
690 1437 907 1480 praelucente
942 1450 1028 1472 nova
1061 1444 1165 1485 nupta
1200 1440 1345 1473 deducta
1372 1445 1420 1473 est
1446 1441 1489 1474 ab
1516 1441 1662 1484 utrisque
1674 1443 1701 1458 **
1729 1439 1860 1482 amicis,
1902 1450 1945 1472 ne
1971 1443 2028 1472 aut
2053 1449 2139 1472 uxor

187 1488 205 1496 ”
215 1487 231 1511 f.
257 1487 433 1518 utrius-eam
461 1486 521 1519 sub
548 1487 638 1520 lecto
666 1488 726 1520 viri
753 1500 791 1521 ea
818 1494 916 1524 nocte
943 1495 1065 1535 ponat,
1110 1496 1167 1524 aut
1191 1492 1240 1524 vir
1266 1492 1298 1524 in
1325 1492 1480 1536 sepulcro
1508 1491 1772 1526 comburendam
1800 1494 1911 1532 curet,
1948 1501 2017 1534 quo
2043 1495 2138 1524 utro-

187 1531 425 1586 &filliam-‘lue
459 1549 548 1570 mors
578 1539 768 1583 propinqua
803 1542 936 1575 alterius
970 1543 1102 1582 utrius†
1126 1543 1254 1587 captari
1288 1549 1431 1588 putatur.
1492 1544 1617 1577 Ritus
1652 1548 1700 1577 est
1734 1554 1807 1576 mos
1840 1542 2079 1586 comprobatus
2105 1543 2138 1574 in

238 1595 302 1616 trum
358 1588 625 1623 administrandis
648 1591 824 1625 sacrificiis.
878 1593 1096 1639 Receptus
1123 1606 1196 1629 mos
1223 1599 1289 1638 est,
1325 1607 1426 1638 quern
1453 1606 1511 1628 sua
1537 1599 1656 1640 sponte
1683 1594 1795 1628 civitas
1819 1593 1964 1627 alienum
1989 1592 2137 1627 adscivit.

359 1640 461 1673 Reli
470 1641 583 1686 giosi
617 1642 789 1686 dicuntur,
834 1644 891 1687 qui
916 1644 1163 1688 faciendarum,
1208 1647 1647 1690 praetermittendarumque
1672 1658 1782 1679 rerum
1808 1644 1993 1679 divinarum
2018 1656 2138 1678 secun-

360 1691 441 1725 dum
467 1704 595 1726 morem
623 1694 763 1727 civitatis
789 1694 959 1729 delectum
990 1697 1134 1739 habent,
1177 1709 1239 1731 nec
1274 1709 1309 1731 se
1342 1699 1629 1742 superstitionibus
1661 1698 1846 1742 implicant.
1904 1696 2137 1730 Renovati-

359 1754 449 1777 vum
483 1745 600 1789 fulgur
634 1752 789 1787 vocatur,
835 1758 912 1780 cum
947 1759 987 1780 ex
1020 1749 1133 1792 aliquo
1165 1749 1301 1794 fulgure
1326 1750 1453 1784 functio
1478 1751 1550 1783 fieri
1577 1750 1707 1794 coepit,
1752 1749 1778 1783 si
1805 1749 1933 1782 factum
1959 1752 2007 1780 est
2031 1747 2138 1780 simile

359 1794 493 1840 fulgur,
538 1796 630 1839 quod
657 1797 748 1830 idem
775 1798 948 1843 significet.
1010 1801 1186 1833 Referri
1219 1801 1308 1834 diem
1335 1801 1546 1846 prodictam,
1587 1801 1623 1834 id
1650 1806 1698 1834 est
1724 1800 1898 1841 anteferri,
1939 1799 2135 1844 religiosum

360 1851 424 1885 est,
468 1853 501 1880 ut
527 1849 571 1880 ait
593 1848 752 1882 Veranius
778 1850 812 1882 in
839 1861 899 1892 eo,
944 1851 1002 1895 qui
1029 1857 1077 1885 est
1103 1852 1326 1896 auspiciorum
1354 1853 1398 1886 de
1424 1853 1581 1895 comitiis,
1622 1852 1727 1896 idque
1753 1851 1910 1896 exemplo
1936 1851 2137 1895 comprobat

358 1896 396 1928 L.
419 1897 483 1930 luli
509 1905 542 1931 et
564 1900 600 1932 P.
623 1899 729 1934 Licini
752 1900 955 1943 Cenwrum,
984 1903 1041 1946 qui
1067 1903 1102 1936 id
1130 1904 1280 1938 fecerunt
1306 1896 1373 1938 sine
1398 1905 1471 1938 ullo
1498 1904 1636 1938 decreto
1659 1905 1855 1949 Augurum,
1891 1907 1924 1936 et
1946 1902 1992 1935 ob
2019 1902 2054 1935 id
2081 1902 2136 1935 lu-

358 1952 457 1981 strum
485 1961 604 1993 parum
631 1952 713 1985 felix
739 1953 846 1986 fuerit.
906 1954 1094 1999 Regalia
1128 1960 1202 1989 exta
1230 1956 1462 2001 appellantur,
1509 1968 1596 2000 quae
1622 1956 1813 2001 potentibus
1837 1955 2042 1999 insperatum
2067 1952 2136 1986 ho-

359 2007 473 2031 norem
499 2002 718 2044 pollicentur:
761 2005 897 2049 privatis
928 2010 962 2038 et
994 2006 1244 2048 humilioribus,
1288 2006 1508 2047 hereditates3
1550 2008 1622 2040 filio
1656 2007 1820 2047 familiae,
1863 2005 2134 2039 dominationem.

362 2047 597 2092 Respicere
623 2060 731 2087 autem
761 2059 817 2088 et*
841 2057 874 2089 in
901 2058 1125 2102 auspicando,
1171 2059 1260 2092 unde
1286 2059 1358 2103 quis
1385 2071 1480 2093 avem
1506 2059 1698 2104 prospexit,
1744 2069 1820 2092 cum
1849 2057 1970 2091 eodem
1995 2056 2136 2090 reverti-

362 2102 423 2129 tur.
475 2101 749 2148 Religiosum
777 2119 815 2139 ac
844 2119 973 2142 sacrum
1003 2115 1067 2152 est,
1095 2115 1129 2143 ut
1155 2112 1282 2156 templa
1310 2111 1438 2151 omnia,
1475 2116 1575 2154 atque
1602 2110 1720 2151 aedes,
1751 2121 1838 2154 quae
1865 2109 1964 2142 etiam
1988 2113 2136 2143 sacratae

362 2147 523 2183 dicuntur.
551 2155 617 2185 ad*
640 2158 732 2198 quod
760 2170 820 2202 per
847 2171 881 2193 se
907 2160 1102 2205 religiosum
1130 2168 1196 2205 est,
1212 2159 1233 2211 [1
1250 2174 1317 2196 non
1343 2163 1457 2207 utique
1483 2173 1626 2196 sacrum
1655 2166 1722 2204 est,
1758 2165 1795 2195 ut
1820 2160 2004 2207 sepulcra,
2050 2157 2133 2206 [98]

361 2200 453 2242 quod
481 2212 519 2234 ea
546 2214 610 2236 non
635 2217 759 2250 sacra,
785 2211 850 2243 sed
875 2212 1048 2257 religiosa
1074 2218 1162 2249 sunt.

206 2039 233 2062 Ὗ.
255 2047 335 2071 avem,

254 2078 292 2098 est

232 2145 267 2169 Ἴ.
286 2151 313 2170 at

360 2332 549 2363 Solitaurilia.
587 2336 667 2366 Urs.
688 2353 729 2360 —
758 2340 786 2381 1)
812 2344 1040 2385 Respublicas.]
1065 2348 1168 2378 Cicero
1190 2349 1221 2377 iu
1273 2349 1320 2377 Ur
1330 2361 1353 2378 s.
1368 2365 1410 2371 -
1432 2347 1461 2389 Ξ)
1486 2349 1630 2388 ΒεείΡίε.]
1653 2348 1686 2376 11¹
1707 2346 1869 2385 exemplari
1891 2350 1950 2382 est,
1969 2345 2129 2390 Recil’fem‘·

361 2374 469 2423 ΒΓΡῑθξ
493 2377 705 2424 C3G1¹sscchum
722 2385 790 2410 tuus
811 2388 929 2420 gentilis
944 2389 1035 2418 Brute
1054 2390 1091 2419 M.
1106 2392 1222 2419 Pennus
1273 2393 1354 2421 Urs.
1376 2392 1523 2420 Nimirum
1540 2391 1598 2420 hoc
1617 2390 1807 2420 retinendum
1826 2397 1889 2418 esse
1903 2387 1982 2416 haud
2006 2385 2129 2414 dubium

361 2422 483 2453 agitavit
513 2430 541 2448 m
567 2420 737 2450 Tribunatis
767 2426 885 2462 paulurn
909 2435 1002 2460 aetate
1036 2434 1223 2462 antecedens.
1267 2439 1318 2465 est.
1333 2451 1376 2456 —
1398 2435 1429 2471 3)
1447 2433 1603 2473 Rustica]
1621 2431 1818 2463 Var1·olib.5.
1842 2430 1879 2458 de
1893 2430 1975 2466 Ling.
1991 2429 2052 2456 Lat.
2076 2427 2129 2455 vi-
