2263 2668
505 174 567 206 DE
594 170 983 206 StGNtFchTtONE
1016 171 1297 206 VERBORUM.
1350 170 1496 205 LIBER
1521 170 1628 203 xvu.
1966 173 2038 207 717

91 267 141 295 alii
158 271 274 294 autores
292 266 417 294 tradant.
453 267 542 295 Pon-o
566 276 688 303 augures
710 265 739 293 in
763 263 822 292 suis
846 263 964 302 templis
989 263 1195 301 designandis,
1219 275 1267 302 ea,
1293 274 1420 303 quorum
1445 263 1571 292 altitudo
1594 261 1767 302 impediret,
1791 264 1948 301 quominus
1966 266 2040 294 liber

91 314 167 338 esset
190 313 341 347 aspectus,
367 309 504 337 demoliri
527 308 677 337 iubebant.
722 307 812 335 Dae.

257 367 332 397 Sex
358 367 491 396 Vestae
513 366 739 396 sacerdotes.
763 365 821 404 (Ad
843 375 870 403 P·
884 364 969 401 265.)
994 366 1049 394 Sed
1075 367 1175 405 primis
1197 367 1401 405 temporibus,
1428 371 1462 394 ut
1485 370 1614 403 quatuor
1636 369 1750 393 tantum
1774 370 1969 402 caperentur,
1991 366 2040 394 in-

90 411 186 439 stituit
209 411 321 445 Numa,
346 411 484 448 cepitque
508 410 681 447 Geganiam,
707 408 877 443 Vei-aniam,
902 408 1072 436 Canuleiani
1095 414 1124 437 et
1146 410 1312 447 Tarpeiam.
1347 410 1425 437 Duas
1448 412 1550 446 postea
1574 406 1691 435 addidit
1714 406 1831 435 Priscus
1854 407 2041 446 Tarquiniae,

91 459 120 482 et
142 452 191 481 hic
215 463 356 481 uumerus
380 463 498 490 semper
521 453 636 480 mansit.
660 452 748 480 Dae.
787 452 829 480 Cf.
856 450 1025 488 Nieupoort.
1050 451 1118 480 Ritt.
1144 453 1225 480 Rom.
1239 452 1292 486 IV,
1315 452 1358 486 II,
1385 454 1432 482 17.
1458 460 1520 488 pag.
1536 451 1608 480 351.
1647 447 1682 477 In
1702 450 1813 488 primos
1836 449 2041 490 secundosque.

91 495 147 523 Hic
169 496 263 534 partis
289 496 374 523 unius
398 505 505 522 nomen
530 495 630 522 deesse
652 494 746 523 videri
770 494 878 531 possit,
915 494 994 530 quod
1019 504 1077 521 non
1101 495 1180 523 deest
1204 500 1309 523 tamen.
1354 494 1426 522 Nam
1451 503 1503 531 per
1530 492 1693 527 Tutienses,
1726 490 1873 528 Ramnes,
1906 491 2041 528 Luceres,

91 542 220 576 quatuor
245 538 327 565 nubi>
354 543 451 576 partes
474 537 698 574 intelliguntur,
736 546 810 574 quae
833 548 846 563 a
870 535 943 563 locis
967 536 1139 571 Suburana,
1179 537 1349 575 Esquilina,
1384 535 1516 572 Collina,
1552 534 1682 562 Palatina
1706 533 1804 561 dictae
1825 540 1902 564 sunt.
1949 535 2041 564 Varro

90 580 141 608 lib.
155 580 203 608 IV.
226 580 262 608 de
288 582 314 609 L.
338 581 367 608 L.
392 580 454 616 (V,
478 582 507 612 9.
533 590 597 617 pag.
613 582 663 610 61.
688 581 774 617 Sp.):
803 578 887 617 Ager
908 576 1063 606 Romanus
1083 580 1209 617 primum
1235 579 1344 608 divisus
1367 581 1395 607 in
1417 585 1517 616 partes
1539 584 1610 612 tre-³,
1643 587 1661 604 a
1684 587 1741 615 quo
1764 574 1856 604 tribus
1877 576 2043 616 appellatae

93 622 290 658 Tatiensium‚
315 621 491 655 Emanium,
516 621 678 658 Lucerum,
704 622 885 657 nominatae,
908 628 939 648 ut
961 622 1004 648 ait
1028 619 1154 655 Ennius,
1182 622 1330 650 Tutienses
1353 633 1371 649 a
1398 621 1501 656 Tatio,
1526 617 1706 648 Ramnenses
1727 629 1746 646 a
1768 616 1914 653 Romulo,
1938 618 2042 648 Luce—

91 676 149 701 res,
173 672 203 693 ut
226 666 267 693 ait
292 664 408 699 Iunius,
432 675 449 692 a
473 663 652 692 Lucumone.
687 663 747 692 Sed
769 664 867 692 omnia
889 662 959 691 haec
981 662 1127 691 vocabula
1155 664 1269 700 Tusca,
1294 671 1325 692 ut
1345 662 1539 697 Volumnius,
1562 661 1613 700 qui
1634 658 1802 699 tragoedias
1827 660 1940 689 Tuscus
1962 663 2042 689 scri-

88 709 162 747 psit,
186 706 309 736 dicebat.
348 706 400 735 Ab
425 706 480 735 Ιιοο
503 717 617 745 quoque
639 715 765 746 quatuor
786 713 883 745 partes
906 704 986 733 urbis
1009 704 1101 733 tribus
1124 704 1238 738 dictae.·
1264 705 1302 734 ab
1326 705 1401 734 locis
1424 703 1597 738 Suburana,
1625 701 1795 742 Esquilina,
1821 700 1954 739 Collina,
1978 702 2042 731 Pa-

90 749 196 779 latina.
235 749 325 778 Dac.

255 807 439 837 Salinum.
472 807 537 848 (Ad
562 820 589 847 p.
604 808 695 848 265.)
728 810 805 844 Quia
832 809 993 836 salinorum
1018 808 1206 846 impositione
1229 818 1330 836 sacrae
1354 808 1462 836 fiebant
1487 816 1613 835 mensae.
1660 806 1770 834 Arnob.
1793 805 1842 834 lib.
1853 804 1893 834 L:
1933 804 2043 833 Sauras

85 849 192 891 facitis
214 862 326 880 mensas
348 850 508 879 salinorum
534 853 669 890 appositu
694 859 720 879 et
741 850 909 880 simulacris
931 851 1068 879 Deorum.
1115 850 1187 879 Vide
1211 852 1240 879 iu
1263 850 1382 880 Mensa.
1426 851 1463 879 Et
1487 849 1556 877 iude
1582 853 1641 883 est,
1680 858 1733 875 cur
1756 847 1837 885 figuli
1859 848 1991 875 Salinum
2012 849 2044 875 in

90 904 189 922 mensa
213 904 322 932 ponere
346 895 432 922 veriti
457 895 531 930 siut,
562 904 597 921 ue
622 894 736 922 scilicet
758 894 883 929 iteruin,
910 894 950 922 titi
973 893 1060 921 semel
1086 894 1194 921 sactum
1220 899 1278 928 est,
1303 904 1370 921 cuui
1394 891 1610 932 praetereuntis
1635 890 1788 918 cuiusdam
1811 890 1973 928 petulantia
1998 900 2043 917 sa-

92 937 183 965 linum
207 947 222 964 e
245 946 344 964 mensa
370 937 450 974 siguli
474 937 503 964 iii
528 938 675 964 fornacem
701 937 866 965 coniectum
891 936 961 971 suit,
987 935 1101 974 polluta
1125 936 1284 974 religione,
1308 935 1396 963 simili
1420 945 1514 974 poena
1540 935 1569 961 in
1593 933 1704 961 curiam
1729 933 1851 961 luerent.
1875 932 1960 961 Dac.
2004 932 2044 960 De

90 978 193 1007 eodem
218 979 286 1006 loco
312 979 378 1008 vide
403 989 477 1017 quae
498 979 557 1007 iam
581 989 670 1018 supra
693 984 761 1007 suut
785 984 893 1007 notata.

255 1037 549 1068 Sacramentum.
595 1038 650 1066 Hic
679 1039 764 1066 locus
794 1048 872 1066 nuuc
902 1037 1030 1076 primum
1062 1043 1141 1066 recte
1172 1038 1268 1066 editus
1292 1043 1345 1067 est.
1390 1038 1423 1066 In
1448 1038 1512 1066 aliis
1536 1047 1606 1065 vero
1632 1037 1713 1065 libris
1738 1037 1766 1063 iii
1791 1035 1924 1064 diversas
1947 1038 2044 1072 partes

89 1079 248 1109 distractus
270 1081 327 1110 fuit
350 1087 474 1120 propter
497 1082 630 1110 ordinem
654 1081 842 1109 immutatum
867 1080 1050 1118 quarundam
1075 1081 1248 1119 paginarum
1271 1081 1458 1118 exemplaris.
1499 1080 1538 1108 l)e
1563 1084 1746 1108 sacramento
1771 1077 1866 1106 Varro
1889 1077 1940 1105 lib.
1953 1076 1987 1105 V.
2008 1076 2045 1104 de

90 1123 119 1151 L.
138 1123 169 1151 L.
193 1122 281 1162 (pag.
298 1126 366 1155 179.
392 1124 460 1161 Sp.)
483 1125 522 1152 ita
547 1124 665 1152 scribit:
704 1123 747 1152 Ea
772 1124 914 1162 pecunia,
952 1134 1025 1163 quae
1046 1124 1075 1151 in
1100 1122 1240 1151 iudicium
1263 1124 1339 1151 venit
1361 1124 1390 1150 in
1415 1121 1530 1157 litibus,
1568 1128 1781 1151 sacramentum
1805 1131 1821 1147 a
1845 1130 1940 1148 sacro.
1988 1117 2046 1156 Qui

87 1164 202 1204 petebat
226 1173 251 1194 et
275 1167 326 1205 qui
348 1166 549 1205 infitiabatur,
590 1166 625 1194 cie
654 1165 722 1194 aliis
744 1165 827 1194 rebus
848 1173 966 1205 uterque
987 1166 1158 1205 quingentos
1180 1167 1255 1194 aeris
1278 1163 1359 1204 apud
1382 1164 1554 1203 Pontfficem
1579 1163 1776 1203 deponebant,
1814 1161 1850 1190 de
1871 1160 1942 1190 aliis
1963 1160 2046 1189 rehu-s·

88 1209 154 1236 item
180 1216 257 1237 certo
279 1207 340 1237 alio
365 1208 493 1247 legitimo
517 1220 635 1237 numero
659 1210 779 1237 assium.
828 1208 886 1245 Qui
914 1206 1026 1236 iudicio
1048 1209 1173 1243 vicerat,
1210 1219 1292 1236 suum
1316 1215 1529 1235 sacramentum
1553 1218 1571 1234 a
1593 1217 1679 1235 sacro
1702 1204 1873 1246 auferebat3
1911 1204 1983 1233 victi
2003 1201 2046 1231 ad

87 1251 233 1279 aerarium
258 1250 382 1279 redibat.
406 1251 494 1281 Ant.
518 1252 611 1290 Aug.
658 1252 741 1278 Cei-iu
767 1256 796 1279 et
818 1251 946 1287 legitima
970 1251 1114 1288 pecuniae
1137 1260 1268 1285 sumnia,
1309 1260 1382 1287 quae
1405 1250 1441 1277 ab
1464 1254 1564 1278 actore
1588 1254 1616 1277 et
1638 1259 1689 1277 reo
1713 1247 1918 1286 deponebatur
1941 1246 1972 1274 in
1995 1256 2044 1274 sa-

88 1303 158 1330 cro,
190 1298 223 1321 ut
247 1294 297 1331 qui
322 1294 419 1321 xictus
444 1298 473 1321 et
495 1293 652 1321 damnatus
675 1299 768 1329 esset,
805 1295 829 1321 is
852 1293 978 1330 prcunia
1003 1303 1053 1321 sua
1078 1293 1269 1328 multaretur,
1303 1303 1377 1330 quae
1400 1293 1430 1320 iu
1454 1293 1600 1320 aerarium
1626 1292 1760 1325 cederet,
1792 1295 1820 1317 et
1843 1289 1893 1328 qui
1917 1289 2044 1323 vicisset,

88 1345 170 1364 suam
193 1341 394 1374 recuperaret.
425 1336 501 1363 Hinc
526 1337 627 1364 Cicero
643 1336 663 1363 I.
688 1339 723 1363 de
747 1338 872 1363 Oratore
895 1337 1023 1372 (e.10.):
1047 1335 1178 1374 Agerent
1200 1336 1273 1363 enim
1298 1342 1390 1364 tecum
1414 1333 1475 1373 lege
1494 1336 1621 1373 primum
1640 1332 1818 1373 Pythagorei
1840 1342 1937 1360 omnes
1959 1338 2045 1370 atque

87 1377 295 1413 Democritici‚
328 1379 470 1417 ceterique
492 1379 521 1406 in
544 1389 596 1406 suo
617 1389 718 1417 genere
741 1377 876 1417 Physici,
914 1376 1154 1417 vindicarenique
1177 1378 1276 1406 ornati
1297 1378 1327 1405 in
1349 1376 1473 1406 dicendo
1495 1384 1521 1404 et
1540 1387 1662 1415 graves,
1698 1374 1868 1414 quibuscum
1892 1372 1947 1401 tibi
1967 1374 2044 1401 iusto

87 1428 270 1449 sacramento
293 1419 464 1449 contendere
486 1431 543 1448 non
566 1419 672 1449 liceret.
699 1420 784 1448 Dac.
820 1420 1008 1448 Plebiseitum
1034 1421 1222 1458 Papirianum
1245 1421 1285 1448 ita
1309 1419 1388 1454 lego:
1416 1417 1655 1456 QUEICUMQ.
1679 1414 1890 1446 PRAETOR
1913 1414 2043 1444 POST-

86 1461 185 1492 HAC
207 1461 381 1491 FACTUS
405 1461 526 1496 ERIT,
568 1462 673 1500 QUEI
697 1461 832 1490 INTER
859 1461 1027 1491 CEIVEIS
1050 1461 1154 1491 IOUS
1177 1460 1310 1492 DICET
1332 1460 1443 1490 TRES
1469 1459 1604 1490 VIROS
1628 1457 1894 1489 CAPITALEIS
1916 1456 2045 1486 POPO·

85 1503 191 1534 LUM
213 1503 418 1541 ROGATO,
457 1504 582 1542 IIOUE
607 1503 847 1533 TRESVJREI
868 1503 1134 1534 CAPITALEIS
1157 1503 1451 1542 QUEICUMOUE
1472 1501 1682 1532 POSTHAG
1700 1499 1865 1531 FACTEI
1884 1498 2044 1535 ERUNT,

88 1545 401 1576 SACRAMENTA
424 1546 656 1575 EXIGUNTO
680 1545 970 1583 IUDICANDOO.
990 1545 1182 1583 EODEMQ.
1204 1545 1344 1575 IOURE
1364 1544 1528 1581 SUNTO,
1558 1543 1662 1574 UTEI
1680 1544 1744 1573 EX
1763 1541 1905 1571 LEGJB.
1925 1540 2044 1571 PLEI-

86 1588 197 1627 BEIQ.
224 1587 392 1618 SCITEJS
421 1587 630 1624 ΕᾸἿΘΕΕΕ,
668 1587 887 1617 IUDICARE
912 1588 1085 1626 ESSEQU.
1112 1587 1323 1617 OPORTET.
1357 1587 1458 1618 Scal.
1505 1588 1562 1616 Sed
1588 1597 1682 1625 neque
1707 1585 1778 1614 mihi
1801 1585 1889 1624 plane
1912 1585 1951 1613 ita
1975 1583 2044 1611 satis

87 1632 168 1662 facit.
214 1632 334 1669 Quippe
357 1631 528 1668 legendum:
563 1630 744 1671 Quicumque
763 1639 883 1670 praetor
902 1630 1028 1670 posthoc
1040 1630 1152 1672 factus
1173 1632 1244 1667 esit,
1275 1631 1341 1670 quei
1363 1632 1437 1659 inter
1458 1631 1545 1659 civeis
1567 1631 1632 1659 ious
1655 1628 1744 1664 dicet,
1778 1635 1833 1656 tres
1855 1629 1932 1656 viros
1954 1626 2044 1664 capi-

87 1672 175 1711 tales,
205 1673 345 1713 populum
371 1681 490 1712 rogato,
518 1674 596 1713 iique
618 1681 674 1701 tres
696 1674 752 1702 viri
775 1672 934 1712 capitales,
966 1674 1154 1713 queicumque
1178 1674 1289 1712 rogati,
1309 1671 1398 1712 facti
1419 1684 1437 1701 a
1457 1671 1568 1712 populo
1590 1679 1672 1700 esunt
1696 1677 1881 1701 sacramenta
1902 1669 2043 1707 exigunto

86 1721 142 1746 etc.
180 1716 346 1745 Videndum
372 1721 485 1751 tamen,
513 1716 608 1754 inquit
633 1716 756 1744 Doctiss.
779 1715 1004 1750 Hotomamms,
1035 1726 1071 1743 an
1096 1726 1150 1753 pro
1175 1714 1318 1754 capitales
1341 1713 1499 1744 monetales
1523 1714 1679 1752 legendum
1702 1714 1757 1749 sit,
1788 1722 1854 1739 cum
1878 1711 1948 1739 satis
1971 1720 2044 1738 con-

87 1764 145 1788 stet
167 1770 181 1787 a
206 1759 384 1796 Capitaliuui
410 1759 586 1787 trevirorum
611 1760 821 1796 procuratione
845 1759 971 1787 alienum
993 1757 1050 1786 hoc
1075 1759 1224 1796 negotium
1251 1758 1349 1786 fuisse.
1375 1757 1461 1787 Dac.
1504 1757 1574 1785 Tres
1597 1767 1663 1785 vero
1687 1752 1836 1795 capitales.
1874 1753 1947 1782 Vide
1970 1754 2043 1781 Rae-

86 1802 213 1830 vardum
230 1801 264 1829 ll.
291 1802 372 1830 Varr.
393 1804 439 1832 18.
465 1806 493 1829 et
520 1805 566 1833 12.
582 1801 609 1829 ῙΓ.
634 1802 671 1829 de
696 1801 810 1838 oiigiue
833 1802 914 1829 iuris.
965 1799 1068 1830 Goth.

253 1859 510 1890 Sextantarii.
535 1859 593 1899 (Ad
618 1871 645 1898 p.
659 1860 743 1898 265.)
767 1861 841 1890 Ptin.
866 1861 915 1889 lib.
931 1861 1072 1889 xxxtlt.
1096 1871 1159 1899 cap.
1175 1863 1222 1891 3,;
1263 1859 1392 1899 Populus
1416 1857 1473 1888 Ro.
1499 1870 1534 1887 ne
1557 1866 1677 1897 argento
1701 1856 1817 1897 quidem
1840 1856 1956 1895 signato
1977 1861 2044 1882 anic

87 1903 230 1945 Pyrrhum
255 1915 346 1942 regem
372 1902 514 1931 devictum
540 1915 607 1931 usus
629 1911 678 1931 est.
724 1902 875 1936 Libralis,
913 1902 989 1932 unde
1017 1904 1183 1932 etiamnunc
1212 1901 1314 1931 libella
1345 1901 1455 1930 dicitur
1483 1909 1508 1929 et
1539 1900 1697 1939 dipondius
1721 1897 1940 1939 appendebatur
1960 1897 2043 1925 assis.

89 1948 125 1976 Et
147 1951 266 1986 postea:
292 1945 402 1974 Librae
423 1953 516 1973 autem
539 1944 654 1985 poncius
678 1947 753 1974 aeris
776 1946 959 1974 imminutum
985 1944 1061 1974 hello
1085 1945 1196 1974 Punico
1216 1946 1329 1984 primo,
1355 1955 1419 1973 cum
1444 1945 1580 1982 impensis
1603 1955 1673 1982 resp.
1698 1953 1755 1971 non
1778 1940 1938 1982 sufficeret,-
1965 1949 2043 1967 con-

85 1990 289 2029 stitutumque.
326 1996 356 2016 ut
386 1999 462 2016 asses
490 1989 675 2017 sextantario
703 1987 830 2026 pondere
847 1988 1012 2029 jerit-entur
1033 1992 1087 2016 etc.
1133 1986 1236 2016 Postea
1260 1985 1432 2016 Hannibale
1456 1993 1573 2025 urgente
1598 1984 1625 2023 Q
1657 1984 1752 2013 Fabio
1775 1983 1868 2012 Maoe.
1890 1981 2043 2010 Dictatore

86 2043 164 2060 asses
186 2029 317 2060 unciales
330 2030 417 2072 jacti
440 2036 495 2059 etc.
528 2030 612 2060 Mox
635 2028 694 2070 lege
710 2030 830 2069 Papiria
854 2029 1045 2059 semunciales
1067 2041 1144 2058 asses
1157 2027 1252 2070 facti.
1287 2030 1328 2057 Ex
1352 2028 1399 2056 his
1422 2028 1522 2057 verbis
1545 2033 1668 2066 apparet
1686 2027 1804 2055 Festum
1828 2024 1910 2053 aliud
1933 2024 2040 2056 dicere,

86 2084 174 2113 quam
197 2073 333 2102 Plinium.
365 2073 436 2101 Nam
461 2073 656 2101 semanim—ios
681 2073 755 2101 alter
778 2073 856 2101 bello
882 2073 992 2101 Punico
1018 2073 1130 2110 primo,
1154 2073 1229 2100 alter
1252 2072 1331 2100 bello
1355 2071 1487 2100 secundo
1511 2071 1605 2099 factos
1628 2069 1740 2098 scribit.
1774 2068 1847 2096 Item
1870 2065 1918 2094 hic
1941 2070 2041 2094 noster

85 2117 240 2155 septennio
264 2116 387 2143 durasse
412 2121 441 2144 et
465 2126 522 2143 non
548 2115 674 2153 amplius
699 2117 874 2154 processisse
897 2116 926 2144 in
950 2115 1091 2144 maiorem
1116 2125 1287 2151 numerum,
1311 2115 1363 2142 ille
1387 2114 1509 2142 durasse
1533 2114 1570 2142 ad
1592 2113 1773 2141 Dictaturam
1792 2110 1827 2145 Q.
1844 2107 1941 2143 Fabii,
1966 2116 2039 2144 quae

85 2170 101 2187 a
124 2159 180 2188 fine
202 2158 273 2186 belli
300 2159 401 2186 Punici
426 2158 513 2196 primi
537 2158 591 2185 fuit
613 2158 706 2187 XXV.
730 2159 813 2186 annis
838 2159 1001 2198 posterior,
1040 2163 1066 2186 et
1097 2158 1226 2186 unciales
1257 2162 1345 2195 atque
1376 2156 1571 2185 semunciales
1599 2159 1703 2194 postea
1734 2163 1813 2182 asses
1843 2152 1936 2180 factos
1966 2159 2037 2176 esse.

85 2200 157 2230 Mihi
181 2200 260 2238 quod
286 2200 397 2228 Plinius
420 2201 539 2235 scribit,
564 2200 756 2229 verisimilius
780 2201 897 2229 xideinr
920 2206 946 2228 et
972 2201 999 2228 iii
1025 2200 1122 2229 verbis
1146 2200 1222 2228 Festi
1246 2201 1389 2228 videntur
1412 2209 1474 2227 esse
1497 2198 1642 2237 quaedam
1666 2196 1814 2225 mendosa.
1856 2192 1927 2222 Vide
1946 2189 2040 2219 Grave

85 2255 141 2272 aes.
164 2243 253 2272 Ani.
276 2242 369 2282 Aug.
407 2243 466 2270 Iani
491 2254 579 2281 supra
604 2243 632 2270 in
661 2241 755 2271 Grave
777 2254 842 2271 aes:
867 2242 927 2272 Sal
951 2242 1027 2272 hello
1051 2242 1164 2272 Punico
1185 2241 1312 2282 populus
1335 2240 1491 2270 Romanus
1511 2251 1627 2280 pressus
1650 2251 1714 2268 aere
1735 2237 1831 2267 alieno
1854 2245 1893 2264 ex
1915 2230 2039 2279 singtilis

84 2285 199 2315 assibus
222 2284 352 2314 librariis
375 2297 458 2314 senos
476 2286 573 2326 fecit,
610 2286 661 2325 qui
684 2284 851 2314 tantundem
877 2285 1011 2314 valerent.
1056 2286 1111 2313 Ubi
1135 2284 1210 2313 bello
1234 2284 1344 2313 Punico
1368 2288 1490 2314 tautum.
1537 2284 1573 2311 At
1595 2281 1644 2310 hic
1667 2280 1798 2311 secundo
1822 2278 1898 2306 bello
1925 2276 2037 2303 Punico

84 2327 281 2357 sextantarios
305 2337 382 2356 asses
405 2328 499 2356 factos
522 2327 631 2356 scribit.
659 2327 711 2356 Da
722 2339 745 2357 c.
795 2327 883 2365 Quod
902 2336 1021 2367 propter
1044 2326 1150 2356 bellum
1176 2327 1267 2363 Pun.;
1297 2325 1377 2366 quod
1397 2337 1448 2365 per
1471 2324 1577 2354 bellum
1605 2323 1673 2354 Pun.
1698 2327 1737 2352 ita
1761 2322 1830 2359 legit
1855 2317 2037 2350 Hermolaus.

89 2369 192 2400 Goth.
220 2370 340 2399 Eri-asse
364 2370 452 2399 docet
474 2371 592 2399 Festum
616 2370 761 2399 Harduiii.
785 2372 822 2399 ad
849 2372 921 2401 Plin,
947 2371 1020 2400 llist.
1043 2370 1110 2400 Nat.
1123 2372 1179 2407 33,
1205 2372 1252 2401 13.

249 2428 448 2459 senacula.
473 2430 533 2467 (Ad
557 2432 684 2469 p.265.)
712 2430 784 2460 Vide
809 2430 844 2459 ad
869 2429 1055 2460 senaculum.
