2263 2668
510 96 575 129 DE
600 92 989 129 SIGNIFICATIONE
1016 93 1301 130 VERBORUM.
1361 93 1507 128 LIBER
1532 92 1641 127 xvn.
1978 98 2050 132 713

100 200 185 229 quem
207 186 335 218 natalem
359 187 453 218 Servii
477 187 572 218 Tullii
594 187 815 218 existimabant.
863 185 922 225 Qui
944 198 1031 226 quum
1054 189 1195 218 incertum
1218 196 1302 225 esset,
1340 199 1397 228 quo
1422 199 1515 216 mense
1537 194 1623 216 natus
1644 194 1728 222 esset,
1767 188 1851 216 nonis
1874 195 1967 218 tamen
1992 201 2051 218 na-

99 239 161 260 tum
183 243 242 260 esse
267 238 426 268 constaret,
463 242 561 260 omnes
590 242 683 260 nonas
711 229 816 259 celebri
844 229 949 258 notitia
966 229 1210 270 frequentabant.
1257 232 1307 259 Est
1336 231 1424 259 etiam
1453 230 1515 259 dies
1543 239 1697 259 servorum
1721 228 1884 268 Sigillaria,
1923 242 1998 270 quae
2020 233 2052 260 in

101 274 264 303 continenti
288 279 356 312 post
377 275 544 303 Saturnalia
566 273 800 302 celebrabantur.
846 271 1001 300 Lucillius:

656 333 697 338 —
742 333 778 336 —
826 313 979 343 Servorum
995 314 1090 354 fesiu’
1114 314 1175 344 dies
1197 323 1246 352 est,

661 357 751 397 Quem
772 356 861 396 plane
883 355 1054 385 hexametro
1077 369 1159 386 versu
1180 369 1238 387 non
1263 356 1357 387 dicere
1378 358 1481 397 possis.

101 399 175 429 Nam
199 399 365 429 hexametri
388 401 435 430 lex
458 410 517 429 non
539 400 670 430 admittit
691 400 845 437 Sigillaria.
890 398 1036 428 Ausonius
1060 400 1158 437 (ldyll.
1178 399 1256 439 26.):

659 442 781 472 Aediles
803 442 888 470 eiiam
908 439 1003 480 plebi,
1026 443 1169 482 eliamque
1191 441 1304 471 curules

700 484 786 514 Festa
810 483 982 523 Sigillorum
1006 485 1120 512 nomine
1143 484 1224 513 dicta
1248 483 1355 514 colunt.

102 524 203 556 Soal.
235 526 363 555 Pessime
387 527 477 556 verba
501 527 579 556 Festi
602 528 814 566 interpretatus
837 531 880 555 est
904 526 1087 564 Epitomista.
1131 527 1232 565 Neque
1256 528 1332 556 enim
1356 526 1458 555 Festus
1482 525 1555 554 dicit
1578 524 1678 553 Idibus
1702 529 1804 553 natum
1828 526 1975 563 Tullium,
1999 527 2051 556 sed

101 568 203 598 Idibus
226 578 293 597 eum
316 569 419 598 aedem
444 570 551 598 Dianae
578 570 771 600 dedicavisse.
817 569 959 604 Quamvis
990 570 1075 597 etiam
1100 569 1247 598 Plutarch.
1271 570 1301 598 in
1326 569 1446 604 Quaest.
1470 569 1550 596 Rom.
1568 570 1636 599 100.
1661 577 1695 596 eo
1719 567 1766 595 die
1789 573 1892 596 natum
1915 569 2051 598 Servium

101 614 197 650 putat.
243 609 315 649 Cur,
350 612 461 650 inquit,
497 611 600 641 Idibus
623 612 755 650 sextilis,
790 613 841 652 qui
862 622 939 640 nunc
960 611 1111 649 Augustus
1135 611 1259 648 dicitur,
1288 611 1389 653 feriae
1411 617 1476 639 sunt
1499 610 1646 649 utriusque
1667 621 1757 638 sexus
1778 611 1884 648 servis,·
1921 610 2053 641 mulieres

101 660 197 682 autem
227 660 286 682 tum
316 655 449 683 maxime
477 653 577 683 lauare
605 663 630 683 et
656 666 784 694 purgare
813 654 911 694 capita
941 652 1075 690 studen15
1111 665 1147 682 an
1172 654 1228 683 hoc
1252 654 1339 682 servis
1363 652 1463 681 datum
1487 651 1567 692 quod
1589 663 1620 680 ea
1644 651 1691 680 die
1713 651 1830 680 Servius
1853 663 1908 681 rex
1930 661 2016 681 natus
2038 665 2052 682 e

102 696 221 735 captiva
234 695 304 738 suit
325 695 462 726 ancilla?
492 697 611 736 Optime
633 698 722 735 igitur
745 698 847 726 Festus
871 706 1023 725 servorum
1048 696 1124 724 diem
1149 697 1255 725 festum
1280 696 1379 724 Idibus
1403 695 1504 734 pouit,
1530 695 1608 732 quod
1634 704 1667 722 eo
1690 693 1738 723 die
1761 696 1822 723 Ser.
1845 695 1976 732 Tullius,
1999 696 2051 733 qui

102 748 118 767 e
141 739 231 767 Serva
255 743 341 766 natus
364 744 423 775 est,
453 739 554 768 aedem
580 741 687 768 Dianae
711 739 892 768 dedicaverit
914 739 944 766 in
968 738 1122 766 Aventino.
1162 739 1244 767 Unde
1269 744 1296 767 et
1320 738 1423 766 eodem
1448 738 1495 765 die
1517 738 1579 765 eius
1603 747 1685 765 sacra
1709 737 1933 775 peragebantur.
1975 738 2053 766 Mar-

102 780 163 809 11'31·
188 781 285 819 EPlgF-
301 781 373 818 ΧΠ,
396 783 464 813 68.;
500 782 646 821 Augustis
674 781 748 811 redit
771 781 874 811 Idibus
896 781 1005 809 Diana.
1039 780 1124 811 Dae.
1171 781 1204 810 A
1227 792 1348 821 (suorum
1373 779 1517 809 celeritate
1531 778 1683 819 fugitivos
1704 786 1805 808 vocent
1827 791 1931 809 servos.
1976 781 2053 818 Lege

101 829 204 852 vocent
226 833 324 852 cervos
347 828 379 852 ut
401 824 431 852 in
454 829 511 853 vet.
536 825 601 853 cod.
643 825 691 853 Sic
715 826 818 853 Graeci
841 824 998 861 fugitivum
1022 823 1135 859 ἔλαφον
1159 828 1273 853 vocant.
1321 824 1355 853 Et
1381 824 1475 851 facete
1500 821 1714 860 Aristophanes
1739 823 1821 857 (353.
1838 824 1911 860 seq.)
1934 822 1974 851 ait
1996 833 2052 851 nu-

102 865 154 895 bes
177 875 244 894 cum
268 865 426 903 fugitivum
451 867 614 906 aspiciunt,
644 878 799 897 cervorum
823 866 952 906 speciem
975 865 1161 894 assimulare:

524 908 613 940 Ταῦτ’
638 909 711 949 ἄρα,
746 913 836 941 ταῦτα
862 906 1041 948 Κλεώνυμον
1064 904 1152 938 αὗται
1174 906 1225 939 τὸν
1249 909 1398 947 ῥίψασπιν
1422 905 1492 946 χθὲς
1516 907 1633 937 ἰδοῦσαι

507 949 577 983 ‘'On
601 952 766 984 δειλότατον
788 955 896 983 τοῦτον
920 950 1039 992 ἑώρων,
1071 951 1176 990 ἔλαφοι
1200 950 1250 981 διὰ
1273 947 1356 981 τοῦτ’
1381 951 1526 990 ἐγένοντο.

102 993 193 1024 Dac.
230 993 306 1023 Vide
328 994 473 1023 Crinitum
489 995 571 1023 XIX.
596 1007 659 1034 cap.
674 998 723 1028 13.
773 994 876 1024 Goth.

269 1035 359 1066 Sero
382 1038 539 1077 sapiunt
562 1037 733 1078 Phryges.
759 1038 818 1076 (Ad
842 1048 870 1076 p.
885 1037 970 1074 262.)
997 1037 1054 1064 Cic.
1074 1036 1165 1074 Epist.
1185 1036 1236 1064 lib.
1251 1036 1320 1071 Vll,
1346 1037 1409 1066 16.:
1434 1033 1468 1062 In
1492 1044 1564 1073 equo
1590 1033 1721 1062 Troiano
1744 1033 1801 1061 scis
1821 1044 1894 1069 esse,
1917 1044 1979 1062 sero
2002 1044 2054 1062 sa-

101 1079 195 1117 pium.
226 1078 267 1106 De
289 1079 441 1117 Troianis,
466 1080 516 1118 qui
540 1091 607 1109 cum
632 1081 742 1109 ultimis
764 1085 987 1119 premerentur,
1010 1079 1088 1107 velle
1112 1083 1272 1117 coeperant
1295 1078 1434 1106 Helenam
1458 1076 1591 1106 reddere.
1631 1075 1731 1112 Dictys
1755 1075 1902 1104 Cretensis
1923 1075 1976 1104 lib.
1987 1076 2053 1105 1V.:

105 1118 235 1150 Ceterum
261 1121 400 1158 Troiani,
430 1121 481 1150 ubi
502 1122 593 1151 hostis
614 1124 705 1152 muris
726 1123 864 1164 infestus,
894 1123 989 1161 magis
1010 1122 1160 1161 magisque
1182 1122 1284 1156 saevit,
1315 1132 1403 1160 neque
1426 1120 1484 1148 iam
1509 1116 1660 1147 resistendi
1681 1117 1829 1146 moenibus
1850 1129 1913 1157 spes
1935 1117 2055 1147 ulterius

103 1170 162 1199 est,
185 1170 238 1192 aui
259 1164 332 1192 vires
353 1163 469 1199 valent,
495 1167 593 1195 cuncti
613 1176 745 1204 proceres
766 1164 934 1194 seditionem
957 1162 1094 1193 adversus
1116 1163 1267 1192 Priamum
1291 1161 1440 1191 eoelollunt
1462 1169 1549 1201 atque
1570 1162 1630 1188 eius
1653 1159 1783 1199 regulos,-
1814 1158 1936 1200 denique
1957 1161 2054 1190 accito

103 1205 205 1234 Aenea
222 1203 359 1246 filiisque
381 1206 556 1244 Antenoris,
597 1207 752 1237 decernunt
780 1208 854 1237 inter
876 1219 919 1243 se,
959 1207 1001 1235 uti
1024 1204 1138 1235 Helena
1162 1217 1225 1235 cum
1249 1204 1310 1240 lzis,
1347 1215 1422 1244 quae
1444 1202 1545 1232 ablata
1568 1210 1664 1238 erant,
1705 1201 1746 1230 ad
1767 1200 1936 1231 DIenelaum
1960 1201 2055 1231 duce—

104 1254 190 1277 retur.
235 1247 290 1277 Da
301 1260 325 1278 c.

270 1290 447 1331 Sispiiem
471 1290 660 1321 Iunonem.
684 1292 746 1329 (Ad
769 1303 798 1331 p.
814 1292 900 1328 262.)
924 1292 997 1319 Nam
1020 1291 1160 1329 sospitem
1184 1301 1237 1328 pro
1262 1294 1411 1318 servatore
1435 1288 1585 1317 dixerunt.
1624 1287 1696 1315 Vide
1719 1285 1832 1325 Sospes.
1872 1286 1945 1315 Inde
1966 1287 2055 1325 sispes

105 1336 135 1360 et
157 1343 254 1373 sospes
277 1331 352 1363 Iuno
376 1345 450 1372 quae
468 1335 611 1371 Ciceroni,
636 1335 764 1371 Ovidio,
788 1334 873 1362 Livio
895 1334 1005 1372 sospita
1032 1332 1105 1362 Iuno
1129 1333 1245 1362 dicitur.
1277 1333 1309 1361 In
1333 1331 1572 1360 numismatibus:
1596 1329 1670 1358 Iuno
1692 1329 1804 1368 sispiia.
1839 1327 1937 1368 Sispes
1958 1333 2055 1357 autem

103 1385 159 1413 pro
182 1385 292 1413 sospes.
325 1376 431 1407 isidor.
455 1377 486 1405 in
510 1377 621 1407 Gloss.:
646 1376 758 1416 Sispes,
783 1387 895 1415 sospes,
918 1387 1015 1405 sanus.
1040 1375 1128 1405 Dac.
1175 1376 1217 1403 Cf.
1241 1385 1331 1413 supra
1355 1385 1429 1413 quae
1453 1378 1551 1402 notata
1576 1377 1644 1401 sunt
1667 1373 1701 1400 ad
1726 1381 1753 1399 v.
1777 1370 1917 1400 Persicus.

269 1416 401 1447 Saliis.
446 1419 586 1448 Mendose
610 1421 720 1458 scripta
743 1419 783 1447 ita
808 1418 1044 1454 emendavimus,
1067 1423 1116 1454 ut,
1141 1418 1210 1446 licet
1228 1418 1330 1446 Festus
1354 1417 1385 1445 id
1409 1427 1465 1445 non
1489 1416 1657 1454 scripserit,
1682 1413 1762 1452 quod
1786 1423 1852 1441 cum
1876 1414 1980 1442 fecisse
2003 1414 2056 1441 ali-

104 1459 210 1497 quibus
234 1459 352 1489 indiciis
376 1461 595 1498 existimamus,
619 1468 717 1491 tamen
742 1462 771 1490 id
794 1461 907 1499 ipsum,
931 1461 1012 1499 quod
1035 1461 1227 1499 scripsimus,
1251 1461 1344 1488 lector
1363 1470 1421 1488 non
1439 1463 1622 1497 aspernetur.
1654 1457 1758 1485 Cicero
1775 1456 1805 1484 in
1823 1456 1948 1485 Oratore
1965 1457 2056 1493 (45.):

103 1500 242 1530 Libenter
263 1503 350 1532 etiam
375 1503 543 1543 copulando
566 1504 653 1533 verba
675 1503 846 1543 iungebant,
870 1511 901 1532 ut
923 1501 1008 1531 sodes
1027 1514 1082 1542 pro
1104 1504 1130 1531 si
1152 1502 1259 1541 audes,·
1283 1503 1322 1531 sis
1341 1513 1396 1541 pro
1419 1503 1445 1530 si
1463 1502 1516 1530 vis.
1547 1499 1612 1528 Iam
1636 1501 1665 1528 in
1688 1509 1745 1528 uno
1769 1499 1866 1537 capsis
1888 1500 1946 1527 tria
1970 1497 2057 1528 verba

103 1551 178 1572 tunt.
209 1544 280 1573 Vide
295 1544 397 1574 Sedes.
420 1546 510 1574 Ant.
533 1546 632 1585 Aug.
667 1547 740 1584 Lege
762 1546 855 1582 iufra,
879 1550 911 1573 ut
933 1545 990 1573 viri
1015 1546 1113 1573 docti:
1138 1543 1187 1573 Ῑια
1209 1552 1239 1573 ut
1263 1544 1325 1574 alia
1346 1552 1426 1581 sunt,
1452 1542 1552 1579 sodes,
1577 1543 1603 1571 si
1625 1541 1734 1578 audes,-
1757 1542 1812 1577 sis,
1835 1541 1862 1569 si
1884 1542 1944 1578 vis-‚-
1967 1539 2057 1577 ilicet,

104 1586 146 1615 ire
168 1584 253 1623 lica,-
278 1586 377 1624 illico,
402 1589 431 1616 in
454 1587 538 1625 loco,·
562 1588 690 1625 scilicet,
713 1589 791 1617 scias
814 1587 890 1616 licet.
925 1587 998 1615 Vide
1023 1584 1124 1615 Series.
1169 1586 1258 1615 Dac.

270 1628 406 1660 Serius.
453 1631 555 1659 Scribe
580 1630 681 1660 Secius
710 1631 757 1658 vel
780 1629 913 1670 Sequius.
958 1629 1077 1667 Alioqui
1105 1630 1239 1667 ineptum
1270 1633 1313 1656 est
1341 1628 1526 1666 proscribere
1551 1627 1634 1655 nobis
1657 1625 1772 1661 Serius,
1810 1630 1947 1663 tanquam
1970 1624 2057 1662 igno-

104 1675 168 1698 tum
191 1671 333 1708 verbum,
364 1673 443 1710 quod
467 1673 704 1711 vulgatissimum
728 1677 779 1701 est.
824 1672 907 1700 Adde
930 1672 1011 1709 quod
1035 1672 1064 1699 in
1088 1672 1182 1700 veteri
1204 1671 1352 1709 scriptura
1375 1671 1473 1698 variat
1494 1670 1600 1705 lectio,
1627 1679 1693 1697 cum
1718 1672 1870 1697 exaratum
1893 1667 1931 1696 sit
1953 1665 2057 1703 Setius,

104 1723 166 1742 non
189 1713 288 1743 serius.
334 1715 501 1753 Legendum
527 1726 613 1754 ergo:
648 1714 748 1745 Secius
771 1726 789 1743 a
811 1726 891 1744 secus
914 1713 1028 1743 videtur
1051 1713 1169 1743 dicium.
1203 1712 1304 1743 Scal.
1348 1713 1434 1741 Errat
1456 1713 1532 1742 Scal.
1571 1712 1643 1740 Nam
1667 1721 1704 1740 ex
1727 1710 1825 1740 verbis
1848 1710 1919 1738 Attii
1942 1713 2058 1737 constat

104 1755 261 1794 legendum
284 1758 383 1786 serius.
427 1758 516 1788 Dae.

271 1798 414 1829 Sedum.

271 1841 422 1881 Specus.
453 1842 516 1882 (Ad
540 1853 569 1882 p.
582 1841 673 1881 263.)
705 1842 790 1870 Ennii
821 1852 923 1870 versus
954 1842 1011 1870 suit
1033 1842 1110 1870 XVI.
1135 1841 1239 1870 Annal.
1265 1846 1295 1869 ut
1325 1840 1415 1869 refert
1444 1840 1584 1870 Priscian.
1608 1840 1658 1868 lib.
1674 1839 1718 1867 VI.
1742 1837 1853 1874 (c.14,
1877 1837 1928 1868 75.
1952 1834 2058 1863 tom-I-

105 1885 257 1922 pag-269.
280 1885 368 1922 Kr.):
407 1886 480 1914 Tum
509 1896 582 1914 cava
609 1884 661 1914 sub
690 1892 786 1913 monte
814 1883 873 1913 late
897 1896 998 1924 specus
1020 1886 1098 1913 intus
1120 1883 1248 1923 patebat.
1293 1883 1349 1912 Sed
1375 1883 1479 1911 melius
1503 1883 1632 1911 refertur
1655 1894 1669 1910 a
1695 1881 1790 1910 Nonio
1816 1880 1899 1918 (pag.
1913 1880 1984 1910 222-
1999 1886 2058 1914 seq·

106 1926 232 1965 Mete.):
260 1925 396 1957 Concava
418 1927 470 1957 sub
493 1935 603 1957 montes
626 1926 687 1956 late
707 1938 808 1966 specus
830 1928 907 1956 intus
927 1926 1056 1966 patebat.
1078 1927 1165 1956 Ani.
1188 1926 1284 1965 Aug.
1331 1926 1477 1954 Pacuvius
1502 1925 1630 1964 Chryse:

597 1968 650 1999 Est
672 1968 715 1998 ibi
736 1968 788 1997 sub
812 1980 844 1998 eo
867 1980 946 1998 saxo
966 1971 1080 2008 penitus
1102 1976 1197 1997 strata
1219 1979 1308 1996 arena
1330 1968 1431 2007 ingens
1453 1979 1563 2007 specus,

600 2010 682 2041 Solis
702 2022 777 2051 quae
799 2019 905 2040 exortu
927 2012 1051 2051 capessit
1074 2010 1245 2046 candorem,
1271 2021 1380 2039 occasu
1402 2011 1503 2049 nigret.

599 2053 682 2083 Illud
704 2054 815 2093 incipio
837 2065 944 2082 saaeum
969 2061 1082 2083 tentans
1104 2052 1253 2083 escendere
1274 2053 1407 2082 verticem

598 2095 634 2125 Ῑη
656 2107 818 2134 summum3
841 2094 944 2124 deinde
966 2098 996 2125 in
1019 2096 1113 2125 omnis
1132 2103 1231 2135 partes
1252 2102 1437 2134 prospectum
1458 2104 1582 2133 aucupo.
1883 2131 1887 2135 .
1915 2130 1920 2134 .
1947 2128 1952 2133 ι

107 2137 209 2168 Scal.
248 2138 313 2167 Hoc
335 2149 443 2168 nomen
467 2139 555 2168 trium
581 2149 721 2177 generum
746 2138 818 2173 suit3
847 2139 969 2169 mascul.
993 2144 1026 2167 ut
1051 2139 1161 2167 Ennius
1184 2139 1214 2166 in
1239 2138 1349 2176 Lytris:
1380 2135 1511 2177 Inferum
1534 2143 1632 2165 vastos
1654 2144 1773 2173 specus,·
1802 2132 1967 2160 faem1n1n1:
2001 2128 2056 2155 Pa-

106 2190 172 2209 cuv.
188 2181 220 2209 in
237 2181 366 2220 Niptris:
388 2180 526 2210 Advenio
548 2180 751 2221 scrupulosam
774 2192 909 2220 specum‚·
933 2182 1044 2210 neutri:
1062 2181 1166 2219 virgil.
1183 2182 1228 2211 Vl.
1248 2182 1319 2209 Aen.
1338 2179 1414 2219 (Vll,
1439 2178 1540 2217 568.):
1564 2177 1626 2207 Hic
1650 2187 1750 2215 specus
1767 2171 1949 2204 horrendum.
1969 2169 2054 2198 Dac.

108 2221 216 2261 Specus
228 2222 389 2264 feminino.
435 2224 519 2253 Adde
542 2224 560 2254 l.
578 2227 604 2255 1.
630 2226 695 2261 §.3.
710 2223 740 2252 fl‘.
766 2223 802 2252 de
825 2224 907 2253 rivis.
957 2222 1064 2254 Goth.

273 2264 475 2305 Spondere.
522 2267 596 2295 Vide
620 2277 709 2304 supra
733 2276 799 2305 pag.
813 2269 885 2298 697.

272 2306 463 2337 subditus.
507 2309 619 2338 Paulus
641 2309 672 2337 in
696 2309 724 2336 L.
750 2314 876 2339 mortuo.
903 2309 932 2336 Ι).
957 2307 994 2336 de
1019 2306 1127 2336 ludim
1152 2306 1276 2336 Mortuo
1300 2304 1412 2342 iudice,
1435 2303 1515 2345 quod
1537 2315 1600 2332 eum
1623 2301 1755 2332 iudicare
1778 2302 1958 2338 oporstl‘rffl,
1982 2305 2054 2329 eum,

107 2350 158 2389 qui
180 2347 313 2378 subditus
335 2358 392 2386 est,
415 2351 497 2391 sequi
519 2359 640 2391 oporiet.
664 2351 753 2380 Dac.
790 2351 821 2381 V.
845 2351 863 2380 l.
877 2352 927 2382 60.
943 2350 970 2379 ff.
994 2350 1031 2379 de
1053 2349 1186 2386 iudiciis,
1210 2350 1259 2378 ubi
1283 2349 1356 2379 dixi.
1403 2346 1507 2377 Goth.

154 2399 322 2429 GRAMMAT·
342 2411 410 2430 LAT.
435 2402 467 2430 ll.
1529 2399 1558 2431 X
1574 2409 1592 2430 x
1608 2409 1626 2429 x
1642 2408 1660 2428 x
