2263 2668
410 134 474 168 DE
503 133 774 168 VERBORUM
800 130 1185 168 SIGNIFICATIONE
1212 130 1523 168 FRAGMENTA.
1820 130 1895 164 213

55 250 61 253 <
116 231 269 275 delegit,
297 233 329 263 et
355 229 405 263 sic
432 228 646 273 appellavit,
677 239 819 271 quorum
844 228 1001 269 consilio,
1029 232 1129 270 atque
1151 225 1344 271 prudentia
1371 227 1570 272 respublica
1598 226 1899 267 administraretur,

115 287 214 326 atque
240 281 504 327 gubernaretur
513 293 524 319 ;
567 280 692 324 quique
717 291 876 325 agrorum
903 285 1013 324 partes
1040 277 1275 311 adtribuerent
1302 279 1513 312 tenuioribus
1538 278 1678 323 perinde
1706 288 1745 311 ac
1771 277 1892 319 liberis,

114 345 160 367 ac
179 333 351 378 pecunias
377 332 575 365 dividerent
583 345 595 371 ,-
623 331 747 364 etenim
773 332 923 365 solebant
950 332 1013 363 iam
1040 330 1117 362 inde
1140 341 1159 361 a
1181 329 1331 362 Romulo
1357 331 1505 363 rzummis
1531 330 1612 363 auri
1636 333 1739 374 atque
1762 329 1892 373 argenti

113 385 233 429 signati
260 383 503 417 ultramarinis
529 383 598 415 uti:
624 383 662 415 id
689 383 783 427 quod
809 383 982 427 publicae,
1009 386 1042 414 et
1065 382 1213 426 privatae
1237 381 1388 413 rationes
1410 381 1736 415 commentariorum
1758 380 1890 414 docent.

112 437 296 470 Publica
324 432 547 480 pondera⁵
571 433 694 478 quibus
715 435 871 479 populus
890 434 991 467 Rom.
1013 433 1063 466 uti
1082 433 1187 474 solet,
1225 443 1265 464 ex
1291 444 1331 465 ea
1357 443 1453 465 causa
1476 433 1585 466 Iunius
1612 433 1644 465 in
1698 457 1705 464 .
1760 459 1767 466 .
1820 456 1827 463 .
1882 457 1890 465 .

111 488 211 521 dicta
236 488 287 521 sic
313 488 382 527 ait,
420 486 512 530 quod
540 485 608 518 duo
636 485 738 518 Silli*
767 487 805 520 P.
834 491 866 519 et
891 485 941 520 M.
964 480 985 533 ΙΙ
1007 485 1101 517 Trib.
1135 484 1226 528 pleb.
1261 484 1410 528 rogarint
1442 483 1494 516 his
1533 485 1656 518 verbis:
1698 483 1756 515 Ex
1809 480 1889 529 [56]

110 539 379 584 ponderibus
413 537 621 582 publicis,
668 538 821 581 quibus
856 537 934 571 hac
960 541 1220 580 tempestate
1247 536 1432 579 populus
1460 537 1601 569 oetier
1629 535 1732 579 (qui)
1760 535 1890 575 solet,

110 591 170 624 uti
197 587 490 634 coaequetur⁶
518 589 734 629 sedulum,
788 594 830 621 ut
854 589 928 622 hi*
955 587 1215 632 quadrantal
1243 587 1329 619 vini
1363 587 1588 631 octoginta
1624 585 1765 631 pondo
1801 585 1888 618 siet.

110 643 296 686 congius
323 641 408 674 vini
435 639 649 684 decemp.⁷
677 640 736 672 is*
764 652 832 673 sex
858 640 1016 673 sextari
1051 639 1228 683 congius
1255 638 1334 671 siet
1360 637 1471 671 in**3
1499 638 1579 671 duo
1607 639 1656 671 de
1682 637 1890 681 quinqua-2

108 694 228 738 ginta
256 692 417 726 sextari
444 691 706 735 quadrantal
734 692 813 724 siet
846 692 940 724 vini.
1002 691 1222 724 Sextarius
1257 701 1413 733 aequus
1448 693 1616 733 aequo†
1642 700 1730 723 cum
1758 688 1888 721 libra-

108 745 202 778 rio*
232 745 319 778 siet.
355 754 425 777 sex
459 744 511 777 de
544 743 752 787 quique**
780 743 916 777 librae
942 743 981 776 in
1007 743 1152 775 modio
1180 742 1299 775 sient.
1336 741 1367 774 si
1394 741 1487 784 quis
1514 741 1789 786 magistratus
1817 739 1886 772 ad-

106 808 250 829 versus
277 795 401 834 hac†.
432 795 465 827 d.
489 807 531 828 m.
559 794 769 839 pondera,
816 795 1091 838 modiosque,
1138 805 1321 837 vasaque
1348 792 1542 837 publica,
1585 792 1770 833 modica,
1815 792 1885 824 mi-

105 859 229 889 nora,
265 847 485 880 maiorave
510 846 639 888 faxit,
672 846 795 879 iussit
820 857 919 880 vere
946 844 1085 887 fieri9,
1124 845 1326 878 dolumve
1353 844 1523 884 adduit,
1550 844 1661 887 quod
1689 856 1734 876 ea
1761 842 1884 884 fiant,

107 911 196 933 eum
223 900 313 943 quis
339 898 458 931 volet
485 898 739 943 magisratus
766 895 1112 940 multaretur*1⁰,
1140 897 1234 930 (lum
1263 897 1443 937 minore,
1473 896 1633 939 patri**
1657 891 1883 927 familiasll

105 956 241 992 taxat,
278 951 429 988 liceto;
465 950 552 983 sive
579 950 669 993 quis
695 950 767 988 in†
792 961 952 983 sacrum
979 949 1172 983 iudicare
1200 948 1406 989 voluerit,
1442 947 1585 980 liceto.
1638 943 1882 987 Pecuu1n12‚

105 1014 183 1036 cum
209 1002 292 1035 dixit
317 1001 367 1035 M.
396 1001 481 1035 Cato
507 1013 569 1046 per
596 1012 708 1036 casum
736 1002 939 1045 genitivum,
979 1013 997 1034 a
1024 1000 1183 1046 singulari
1210 1012 1302 1034 casus
1329 1000 1411 1033 recti
1437 999 1609 1039 formavit,
1647 1009 1713 1041 quo
1740 998 1882 1030 uteban-

104 1060 157 1087 tur
184 1054 327 1098 antiqui,
362 1053 398 1087 id
425 1058 473 1086 est
499 1064 607 1097 pecu,
640 1063 680 1086 ac
706 1057 807 1095 testu,
842 1054 982 1094 tonitru,
1009 1064 1117 1097 genu,
1144 1064 1243 1093 veru,
1271 1063 1414 1095 quorum
1442 1051 1589 1083 omnium
1617 1049 1778 1094 genitivus
1805 1049 1883 1093 plu-

103 1106 216 1139 raliter
240 1105 389 1151 geminat
415 1116 436 1137 u
463 1105 622 1143 litteram3
657 1115 723 1136 non
751 1105 829 1148 quia
841 1102 872 1126 13
907 1105 1048 1138 dicimus
1075 1115 1198 1148 pecus,
1235 1109 1270 1137 ut
1297 1109 1433 1148 pectus,
1469 1114 1542 1136 eam
1570 1113 1656 1145 quae
1681 1101 1713 1133 in
1740 1111 1800 1133 usu
1827 1105 1884 1140 est,

104 1157 247 1190 formam
274 1158 307 1190 in
335 1156 610 1191 declinationibus
643 1156 821 1199 sequimur.
883 1156 1114 1189 Praeteriti
1140 1156 1318 1189 Senatores
1352 1154 1522 1199 quondam
1547 1154 1579 1186 in
1607 1153 1791 1198 opprobrio
1819 1162 1884 1184 non

103 1214 213 1251 erant,
250 1209 343 1253 quod
371 1215 407 1241 ut
433 1220 531 1253 reges
558 1207 619 1240 sibi
646 1207 825 1251 legebant,
866 1208 1173 1252 sublegebantque,
1209 1219 1293 1250 quos
1320 1207 1352 1239 in
1379 1206 1516 1240 consilio
1544 1205 1684 1250 publico
1711 1203 1884 1243 haberent,

101 1261 146 1293 ita
173 1265 248 1305 post
274 1265 406 1293 exactos
434 1271 508 1301 eos,
554 1259 713 1292 Consules
741 1270 877 1302 quoque
905 1265 938 1292 et
963 1259 1159 1292 Tribunos*
1186 1259 1336 1292 Militum
1363 1257 1529 1292 consulari
1555 1261 1720 1302 potestate
1747 1255 1878 1289 coniun*

100 1313 259 1346 ctis-simos
284 1312 345 1344 sibi
373 1312 535 1355 quoque*
556 1310 792 1355 patriciorum,
825 1315 857 1343 et
884 1310 1005 1344 deinde
1033 1311 1245 1355 plebeiorum
1271 1311 1449 1356 legebant3
1477 1309 1586 1342 donec
1613 1307 1732 1342 Ovinia
1758 1306 1884 1340 Tribu—

99 1364 184 1397 nicia
219 1363 410 1404 intervenit,
458 1374 524 1406 qua
559 1367 709 1395 sanctum
745 1367 810 1401 est,
857 1367 892 1395 ut
919 1362 1082 1396 Censores
1109 1374 1148 1396 ex
1176 1363 1265 1395 omni
1293 1363 1410 1395 ordine
1437 1360 1602 1405 optimum
1628 1370 1796 1403 quemque
1823 1369 1882 1392 cu-

98 1415 197 1448 riati*
220 1415 254 1448 in
280 1420 393 1448 senatu
420 1414 581 1459 legerent.
609 1425 677 1457 quo
705 1413 831 1447 factum
860 1419 924 1456 est,
961 1420 997 1446 ut
1023 1415 1080 1457 qui
1109 1415 1279 1458 praeteriti
1306 1419 1428 1455 essent,
1469 1418 1501 1446 et
1527 1413 1605 1446 loco
1633 1411 1733 1452 moti,
1773 1410 1877 1442 habe-

97 1471 210 1500 rentur
242 1466 464 1511 ignominiosi.
526 1466 607 1499 Pro
643 1476 772 1499 censu
809 1465 959 1499 classis
994 1466 1209 1499 iuniorum
1236 1466 1307 1500 Ser.
1328 1465 1459 1499 Tullius
1486 1475 1562 1498 cum
1591 1463 1670 1496 dixit
1696 1463 1729 1495 in
1755 1460 1879 1495 descri-

96 1519 212 1563 ptione
238 1519 478 1558 centuriarum,
505 1517 614 1562 accipi
640 1516 742 1550 debet
768 1518 801 1550 in
828 1529 947 1558 censu,
975 1523 1010 1550 ut
1037 1518 1081 1550 ait
1103 1518 1154 1551 M.
1176 1518 1283 1551 Varro
1310 1518 1342 1550 in
1370 1518 1409 1550 L.
1433 1516 1491 1550 vl.
1514 1527 1623 1549 rerum
1649 1515 1878 1547 humanarum.

96 1570 191 1603 sicuti
218 1581 280 1614 pro
308 1570 392 1603 aede
418 1569 583 1611 Castoris,
609 1580 673 1613 pro
700 1568 874 1611 tribunali,
902 1580 965 1613 pro
993 1570 1190 1604 testimonio.
1226 1566 1247 1618 [1
1283 1571 1460 1603 Procum
1489 1567 1697 1612 (patricium)
1710 1563 1744 1586 14
1798 1562 1878 1610 [57]

98 1687 216 1717 ruimus.
249 1688 327 1716 Urs.
348 1703 390 1707 —
411 1688 439 1725 5)
462 1685 591 1715 Publica
601 1685 772 1725 pondera.]
800 1687 907 1724 oetier,
927 1698 963 1716 an
1007 1688 1101 1716 Error
1124 1693 1222 1716 autem
1254 1692 1286 1716 ut
1310 1688 1399 1726 patri
1422 1697 1475 1725 pro
1495 1691 1585 1725 parte
1608 1685 1754 1722 scriptum
1777 1681 1876 1716 suerit,

98 1730 187 1757 υίιίεν
208 1729 239 1757 in
261 1729 424 1768 exemplari
447 1730 589 1768 scriptum
613 1729 667 1765 sit,
688 1729 808 1758 difficile
826 1734 869 1758 est
884 1730 963 1759 affir-

95 1782 198 1807 mare,
218 1777 376 1810 propterea
392 1771 473 1810 quod
494 1772 611 1801 litterae
630 1772 774 1810 fugientes
789 1777 866 1801 sunt.
904 1773 962 1802 sed

95 1819 225 1852 utroque
243 1814 330 1842 modo
346 1815 498 1853 scripsisse
515 1815 669 1853 antiquos,
692 1815 859 1843 testimonio
876 1815 961 1845 nobis

95 1861 165 1885 sunt
180 1861 297 1885 vetusta
320 1862 525 1893 monumenta,
556 1858 587 1885 in
610 1857 717 1896 quibus
741 1857 958 1894 COERATOR,

94 1909 150 1937 pro
173 1899 364 1927 CURA'sOR.
394 1904 423 1929 et
446 1911 544 1935 vesus,
585 1911 639 1939 pro
664 1910 755 1936 usu-s,
790 1903 957 1939 reperitur:

94 1943 194 1969 uisum
216 1941 321 1976 ctiam,
346 1951 406 1970 non
423 1953 533 1978 vesum,
556 1947 584 1971 et
601 1944 761 1979 Oinonem,
784 1952 846 1971 non
863 1944 958 1972 Oeno-

93 1994 159 2012 nem
181 1983 319 2023 antiquos
342 1983 468 2021 dixisse,
492 1985 575 2014 testis
598 1991 642 2014 est
664 1986 843 2021 Martianus,
866 1990 893 2014 et
907 1995 957 2014 ve-

92 2027 256 2056 tustissima
279 2026 386 2055 tabella
409 2027 489 2066 apud
511 2037 572 2064 me,
595 2028 625 2056 in
648 2038 705 2066 qua
730 2027 878 2063 OITILE,
900 2038 957 2066 pro

92 2069 183 2106 utile,
213 2069 337 2097 incisum
362 2074 414 2099 est.
459 2069 549 2106 Quod
578 2075 674 2098 autem
697 2070 727 2098 in
750 2080 801 2098 ora
825 2070 957 2108 paginae,

85 2117 178 2150 parte
193 2112 355 2149 fientibus,
381 2123 435 2151 pro
454 2113 542 2151 patri
557 2113 704 2149 familias
727 2113 958 2148 emendavimus,

90 2154 217 2183 fecimus
249 2154 371 2183 adducti
400 2155 467 2183 loco
496 2155 585 2183 simili
613 2165 650 2184 ex
679 2154 813 2183 oratione
836 2155 957 2183 Catonis

89 2207 145 2236 pro
169 2197 388 2226 Rhodiensibus
410 2197 439 2225 in
462 2208 518 2236 qua
540 2198 580 2226 ita
602 2197 749 2236 scriptum
772 2202 836 2233 est,
876 2197 956 2235 apud

89 2239 238 2277 Agellium
269 2240 318 2268 lib.
336 2242 364 2271 7.
395 2250 461 2279 cap.
477 2244 506 2272 3.

88 2281 195 2319 luerit,
219 2282 372 2311 dimidium
399 2282 527 2311 familiae
550 2284 641 2311 multa
663 2287 737 2311 esto.
761 2292 828 2310 nam
852 2281 954 2319 verbo,

89 2324 173 2352 mille
194 2327 343 2361 nammis,
368 2330 439 2354 sunt
461 2325 585 2355 adiecta.
628 2324 709 2353 Infra
733 2324 822 2353 etiam
845 2323 873 2352 in
899 2326 955 2353 Sa-

90 2373 191 2396 cratae
213 2368 308 2405 leges,
345 2368 387 2396 sic
410 2367 545 2396 habetur.
596 2368 684 2396 Sacer
713 2367 803 2396 alicui
831 2366 953 2396 deorum

90 2409 127 2439 sit
158 2419 225 2439 cum
251 2410 369 2439 familia.
393 2411 432 2439 ita
459 2411 537 2440 enim
566 2410 742 2449 legendum,
781 2420 838 2449 pro
861 2410 950 2439 sicut.

561 2239 659 2279 Siquis
681 2239 756 2268 illud
779 2240 874 2268 facere
902 2249 957 2268 vo-

1006 1730 1075 1759 inde
1115 1731 1222 1766 fluxit,
1268 1730 1347 1768 quod
1375 1730 1488 1767 antiqui
1525 1733 1612 1767 parte
1648 1725 1786 1755 dicebant
1820 1733 1875 1762 pro

999 1774 1110 1812 parti,
1158 1772 1237 1801 unde
1275 1773 1351 1801 facta
1383 1772 1549 1800 litterarum
1586 1767 1777 1808 transpositio
1794 1788 1803 1803 ‚
1847 1771 1875 1794 et

998 1817 1087 1854 patri
1099 1816 1244 1854 scriptum
1261 1815 1326 1844 suit.
1351 1814 1398 1842 DE
1412 1814 1560 1842 MAIORE
1575 1812 1698 1841 PARTl.
1711 1807 1871 1843 CONSILI,

1003 1863 1046 1887 est
1082 1858 1112 1886 in
1152 1858 1321 1896 fragmentis
1361 1857 1458 1893 legum
1497 1855 1577 1894 apud
1614 1865 1667 1884 me.

1002 1903 1029 1937 6)
1062 1906 1248 1939 coaequatur
1279 1900 1350 1928 Ven.
1384 1900 1431 1927 Sc.
1472 1915 1514 1920 —
1559 1896 1588 1937 7)
1619 1897 1717 1926 decem
1751 1893 1787 1923 P.
1823 1892 1869 1921 IS.

1002 1944 1089 1971 SEX
1109 1943 1181 1973 Ven.
1206 1943 1253 1970 Sc.
1275 1957 1316 1963 —-
1338 1940 1368 1979 8)
1391 1942 1446 1968 siet
1468 1942 1540 1969 vini.
1563 1939 1654 1968 duod.
1678 1939 1749 1967 Ven.
1772 1938 1866 1965 Sc.—

1000 1987 1028 2022 9)
1044 1986 1134 2023 Lege:
1163 1986 1289 2013 iussitve
1302 1984 1386 2022 fieri.
1408 1999 1450 2005 -—-
1473 1982 1517 2023 10)
1526 1983 1675 2011 multetur
1689 1989 1778 2017 marg.
1795 1977 1866 2006 Ven.

1001 2029 1047 2056 Sc.
1067 2044 1108 2049 -
1136 2028 1180 2064 11)
1204 2028 1308 2065 patris
1331 2026 1479 2063 familias
1510 2026 1581 2056 ven.
1604 2026 1651 2055 Se.
1680 2039 1721 2045 -
1746 2019 1789 2059 12)
1813 2018 1867 2049 Pe-

1001 2069 1116 2108 cuum.]
1140 2070 1235 2098 Locus
1255 2069 1374 2098 Catonis
1393 2079 1429 2097 ex
1452 2069 1587 2097 oratione
1606 2077 1662 2106 pro
1685 2062 1864 2094 Rhodiensi-

1000 2112 1056 2140 bus
1089 2117 1166 2141 extat
1195 2112 1275 2151 apud
1306 2111 1450 2149 Agelliutn
1481 2111 1531 2140 lib.
1549 2115 1576 2142 7.
1610 2120 1674 2148 cap.
1696 2109 1727 2139 3.
1765 2105 1863 2144 Siquis

1001 2155 1142 2183 maiorem
1165 2165 1293 2193 pecuum
1316 2164 1470 2183 numerum
1493 2153 1600 2182 habere
1622 2149 1770 2186 voluerit,
1796 2152 1862 2175 lan·

1000 2202 1064 2226 tum
1087 2197 1207 2226 damnas
1231 2202 1302 2226 esto.
1353 2197 1403 2226 Sic
1425 2198 1502 2226 enim
1525 2196 1630 2234 legitur
1653 2194 1685 2223 in
1714 2190 1863 2221 vetustis-

998 2240 1072 2268 simo
1096 2239 1190 2276 libr0‚
1211 2250 1267 2279 pro
1290 2250 1341 2275 eo,
1367 2241 1448 2279 quod
1471 2244 1515 2268 est
1535 2239 1566 2267 in
1589 2236 1735 2275 vulgatis,
1763 2242 1861 2273 pecu-

998 2282 1087 2319 dum,
1110 2287 1138 2311 et
1161 2282 1269 2313 damni.
1315 2282 1391 2311 Urs.
1413 2299 1456 2304 —
1480 2281 1525 2319 13)
1549 2281 1639 2318 Lege:
1665 2288 1736 2307 nam
1759 2274 1861 2315 quod‚·

996 2325 1058 2354 sive
1080 2336 1152 2353 nam
1176 2335 1278 2364 quum.
1302 2340 1343 2346 —
1366 2325 1414 2363 14)
1436 2323 1566 2354 Procam
1583 2318 1773 2362 patricium]
1788 2318 1859 2358 Opi-

995 2377 1052 2397 nor
1080 2377 1198 2404 vocem,
1228 2368 1417 2406 patricium,
1446 2367 1591 2396 adiectam
1615 2374 1685 2395 esse.
1737 2361 1783 2392 Ad
1807 2360 1859 2389 illa

995 2414 1091 2440 autem
1112 2410 1218 2448 verba,
1249 2411 1281 2440 in
1303 2409 1404 2440 iudice
1426 2408 1603 2440 collocando
1616 2433 1624 2446 ‚
1648 2406 1762 2437 faciunt
1785 2411 1859 2443 quae

1916 490 1925 500 ⁸
1934 488 1953 513 f.
1971 488 2027 514 Silii

1932 590 1941 601 ’
1952 590 1970 614 f.
1990 589 2028 615 uti

1933 641 1961 666 Ὗ.
1983 640 2032 666 siet

1925 674 1971 700 '⁸f.
1992 674 2044 700 vini

1914 709 1955 742 †f.
1974 713 2052 743 atque

1896 745 1929 769 'f.
1950 743 2048 769 vinario

1895 778 1942 805 ⁸·f.
1964 778 2059 805 sexde-

1926 812 2026 846 cimque

1910 848 1953 880 †f.
1972 848 2036 873 haee

1895 891 1925 916 Ἰ,
1942 890 2058 920 multare,

1957 925 1995 951 uti

1910 959 1953 985 ‘’f.
1966 964 2040 994 purte

1928 994 1971 1026 †f.
1990 994 2022 1020 im

1894 1258 1903 1269 ⁸
1913 1255 1930 1280 f.
1943 1255 2055 1281 Tribuni

1895 1308 1902 1318 ⁸
1912 1307 1930 1333 f.
1941 1315 2054 1342 quosque

1890 1408 1917 1433 Ὗ.
1929 1408 2051 1435 curiatim.

1720 1853 1799 1881 Urs.
1829 1853 1885 1872 —'
