2263 2668
211 155 287 191 690
639 150 987 185 COMMENTARH
1011 152 1058 185 IN
1086 150 1230 185 PAULI
1256 149 1454 184 DIACONI
1481 150 1736 186 EXCERPTA

377 244 545 278 Sacrani.
591 241 688 271 Aliter
709 242 802 281 paulo
825 242 948 271 Servius
971 243 1007 272 ad
1032 243 1106 272 illud
1129 244 1207 282 Virg.
1225 244 1287 274 V11.
1311 243 1434 273 Aeneid.
1460 243 1568 282 (796.):

830 292 867 321 Et
891 292 1043 323 Sacranae
1065 295 1142 324 acies
1165 302 1191 323 et
1210 295 1286 335 picti
1307 302 1391 324 scuta
1413 293 1532 325 Labici.

211 352 323 381 Dicunt
345 345 489 388 quendam
515 342 707 383 Corybantem
729 344 838 373 venisse
860 343 900 373 ad
923 344 1044 373 Italiam
1069 353 1094 373 et
1117 346 1238 374 tenuisse
1261 345 1343 382 loca,
1368 357 1441 385 quae
1463 356 1541 374 nunc
1563 344 1630 374 urbi
1651 346 1749 374 vicina
1770 353 1855 382 sunt,
1879 353 1905 374 et
1927 357 1967 376 ex
1988 356 2021 375 eo
2040 346 2167 386 populos

212 393 345 423 ducentes
367 388 506 427 originem
531 386 680 415 Sacranos
702 385 876 426 appellatos.
910 387 990 416 Nam
1013 390 1123 417 sacrati
1145 395 1211 417 sunt
1233 390 1321 418 matri
1345 388 1435 416 Deum
1462 386 1645 428 Corybantes.
1680 387 1751 417 Alii
1772 387 1924 417 Sacranas
1945 390 2023 418 acies
2039 388 2167 419 Ardeo-

211 446 273 464 rum
295 431 413 467 volunt,
444 430 496 470 qui
516 427 697 469 aliquande,
723 440 786 458 cum
808 429 974 468 pestilentia
997 429 1181 468 laborarent,
1213 443 1264 461 nec
1286 442 1401 460 sacrum
1424 439 1578 467 voverunt,
1609 429 1686 459 unde
1706 431 1827 459 sacrani
1849 429 1932 460 dicti.
1956 431 2043 461 Dac.
2091 431 2168 461 Vere

209 485 292 505 sacro
315 474 386 504 nati.
427 473 501 502 Vide
525 473 602 500 infra
629 471 689 500 Ver
709 482 837 501 sacrum.
863 471 968 501 Goth.
1016 472 1091 501 Vere
1112 484 1206 502 sacro.
1245 474 1309 503 Mos
1332 473 1414 501 Italis
1438 473 1508 509 suit,
1532 479 1564 501 ut
1587 484 1690 511 magno
1715 474 1850 512 periculo
1874 473 1998 503 adducti
2019 479 2166 504 voverent

209 526 403 557 quaecunque
427 515 565 555 proximo
590 525 660 543 vere
684 514 744 543 nati
767 519 866 544 essent
888 516 967 554 apud
991 526 1021 544 se
1044 516 1181 544 animalia
1205 516 1421 545 immolaturos.
1465 516 1585 544 Servius
1609 516 1689 545 dicto
1712 517 1787 546 loco.
1834 515 1947 545 Idem.

372 566 563 607 Sagmina.
607 566 714 594 Mirum
738 565 829 594 alium
853 577 971 594 versum
996 566 1097 595 Naevii
1121 578 1136 595 a
1160 567 1264 603 Festo,
1289 567 1379 595 alium
1402 578 1417 595 a
1441 567 1612 596 mutilatore
1636 567 1729 597 citari.
1776 567 1945 605 Legendum
1967 578 2056 598 vero:
2086 567 2165 598 Sco-

205 622 261 651 pas
283 617 371 650 atque
391 609 539 638 verbenas.
583 608 656 637 Nam
681 619 789 647 scopae
812 609 841 637 iu
864 609 956 637 sacris
980 609 1121 637 dicuntur
1151 611 1231 648 apud
1255 610 1383 638 Plinium
1415 614 1443 637 et
1473 610 1546 638 alios
1575 610 1730 641 verbenae.
1777 611 1974 640 Glossarium:
2009 609 2163 649 Sacmina,

205 651 332 689 θαλλός,
357 653 498 683 σπονδεῖα
522 648 626 690 α’ρχῆς.
673 652 762 689 Lege:
794 650 955 692 Sagmina,
987 649 1113 689 θαλλός,
1142 653 1304 688 σπονδεῖα,
1332 651 1538 691 Sagminarius
1562 650 1787 692 σπονδειάρχης.
1833 653 1890 681 Sed
1913 658 2044 692 praestat
2066 654 2165 692 legere

208 695 331 736 Scapos.
377 694 469 734 Scupi
490 699 559 722 sunt
580 695 697 725 θαλλοί.
744 694 889 733 Apuleius
913 695 962 723 lib.
977 694 1011 723 II.
1035 694 1113 733 (pag.
1126 695 1203 732 265,
1227 697 1277 726 23.
1303 694 1466 733 Elmenh.):
1510 694 1649 732 Thallos,
1687 695 1842 732 verbenas,
1879 694 2009 725 corollas
2023 695 2163 735 ferentes.

207 738 288 774 Quin
310 748 431 776 scapum
455 747 561 775 caepae
584 737 748 765 Columella
772 737 848 776 (XI,
873 737 920 776 3.)
945 735 1070 766 thallum
1094 743 1189 766 vocat.
1217 737 1316 767 Scal.
1363 738 1426 766 Liv.
1441 738 1539 769 XXX.
1564 738 1710 776 cap.43.:
1748 736 1879 767 Frciales
1902 749 1990 778 quum
2012 739 2044 767 in
2066 738 2164 780 Afri-

206 792 271 811 cam
291 779 333 808 acl
343 777 458 819 foedus
471 777 645 819 feriendum
669 780 710 808 ire
731 779 910 816 iuberentur,
934 780 1005 819 ipsis
1027 778 1245 818 postulantibus
1267 778 1549 808 senatusconsultum
1573 781 1603 808 in
1626 779 1698 809 haec
1719 780 1806 808 verba
1819 779 1945 821 factum
1967 788 2024 817 est,
2048 788 2079 810 ut
2096 782 2165 822 pri·-

204 834 256 852 vos
278 820 408 861 lapides,
441 821 539 850 silices
558 822 715 862 privasque
737 821 873 851 verbenas
895 833 989 851 secum
1004 822 1140 863 ferrent.-
1179 824 1221 851 uti
1240 830 1358 862 praetor
1379 821 1467 851 Rom.
1494 821 1539 851 lzis
1560 823 1732 862 imperaret,
1764 830 1795 851 ut
1809 821 1923 863 foedus
1936 820 2084 864 ferirent,
2117 822 2165 853 illi

202 871 364 904 praetorem
394 864 529 903 sagmina
554 872 714 903 poscerent.
759 864 879 893 Her-bae
901 863 933 893 id
953 876 1044 904 genus
1066 876 1106 894 ex
1129 876 1196 894 arce
1217 872 1360 904 sumptum
1385 864 1453 893 dari
1467 864 1636 907 fecialibus
1659 864 1739 895 solet.
1787 864 1931 904 Sagmina
1953 876 1968 892 a
1991 866 2163 906 sanciendo,

205 907 287 945 quasi
309 907 487 936 sancimina.
509 906 601 936 Dac.
640 907 673 937 V.
698 908 717 936 l.
732 909 761 939 8.
787 909 809 944 §.
825 911 851 938 1.
868 907 897 935 ff.
922 907 959 936 de
982 917 1082 936 rerum
1105 907 1193 938 divis.
1222 906 1325 938 Goth.
1363 908 1398 936 Et
1421 907 1589 936 Macrobius
1614 907 1767 936 verbenas.
1802 908 1876 936 Vide
1900 907 2031 938 Glossas.
2053 907 2164 939 Idem.

203 948 403 978 Arcebantur.
433 949 469 977 Id
491 954 535 977 est
557 949 743 987 petebantur.
773 950 841 978 Dixi
865 950 903 978 ad
926 950 1064 981 Nonium.
1088 949 1140 980 Id.
1164 949 1214 979 Ius
1236 957 1395 980 sacratum.
1428 950 1549 980 Cicero:
1577 949 1697 990 Ofides
1719 949 1810 987 alma,
1833 957 1906 990 apta
1925 950 2026 989 pinnis
2047 958 2075 982 et
2096 952 2164 981 ius-

203 990 361 1021 iurandum
386 989 474 1021 Iovis.
519 990 629 1024 Idem.

367 1032 536 1073 Sagaces
558 1042 585 1063 et
608 1033 717 1074 Saga.
760 1033 823 1064 Nec
846 1035 943 1063 minus
965 1034 1038 1064 haec
1059 1036 1188 1063 animum
1212 1045 1385 1074 cognoscere
1404 1046 1489 1075 posse
1511 1045 1656 1075 sagacem.
1701 1035 1749 1063 Sic
1773 1035 1929 1064 Lucretius
1953 1034 2043 1075 (LII,
2067 1035 2162 1076 838.),

202 1081 235 1104 ut
258 1076 381 1114 opinor,
404 1077 534 1115 scripsit.
559 1076 647 1106 Ant.
671 1076 764 1116 Aug.
801 1077 904 1107 Cicero
927 1077 977 1108 lib.
990 1077 1012 1108 I.
1036 1078 1073 1106 de
1097 1078 1225 1107 Divinat.
1250 1080 1396 1116 cap 31.:
1425 1076 1531 1117 Sagire
1553 1078 1627 1106 enim
1650 1079 1754 1106 sentire
1774 1085 1859 1106 acute
1879 1084 1936 1114 est,
1963 1089 2003 1107 ex
2025 1088 2083 1118 quo
2105 1089 2163 1107 sa—

199 1129 256 1157 gae
278 1129 366 1155 anus,
396 1120 467 1158 quia
489 1118 583 1149 multa
604 1120 678 1149 scire
699 1119 800 1149 volunt
823 1128 849 1149 et
871 1131 992 1159 sagaces
1016 1118 1090 1149 dicti
1112 1131 1197 1149 canes
1220 1124 1276 1149 etc.
1318 1120 1393 1149 Vide
1415 1119 1597 1159 Praesagire.
1638 1120 1747 1150 Versus
1769 1121 1834 1151 ille:
1862 1119 1993 1150 Invictus
2015 1120 2098 1151 canis
2119 1121 2162 1150 sic

202 1161 278 1190 forte
300 1161 458 1200 legendus:

783 1202 915 1234 Invictus
937 1204 1020 1234 canis
1042 1211 1129 1244 atque
1150 1215 1250 1243 sagax
1272 1211 1298 1233 et
1320 1203 1432 1233 viribus
1443 1203 1554 1245 fretus.

202 1245 273 1274 Vel:

782 1287 986 1331 Invictusque,
1008 1300 1122 1329 sagax,
1145 1288 1256 1318 validis
1277 1297 1304 1318 et
1326 1290 1437 1319 viribus
1454 1289 1562 1331 fretus.

200 1337 374 1367 Necessario
399 1339 476 1367 enim
500 1339 546 1368 vel
570 1339 654 1367 canis
677 1339 825 1376 abundat,
850 1342 899 1370 vel
921 1339 953 1372 τὸ
977 1342 1030 1378 (v.)
1052 1340 1170 1370 validis.
1206 1341 1292 1369 Prius
1314 1341 1400 1369 malo.
1446 1341 1543 1370 Infra:
1571 1340 1652 1381 Saga
1675 1351 1789 1381 quoque
1811 1339 1921 1371 dicitur
1942 1339 2047 1370 mulier
2064 1343 2161 1381 perita

200 1390 352 1410 sacrorum
375 1388 402 1409 et
424 1382 469 1410 vir
490 1382 606 1420 sapiens
630 1386 685 1412 etc.
709 1383 877 1411 inauditum
900 1389 945 1412 est
968 1384 1064 1412 virum
1089 1384 1250 1422 sapientem
1273 1394 1377 1422 sagam
1402 1383 1471 1411 dici.
1508 1384 1607 1419 Quare
1630 1383 1848 1422 supplendum:
1871 1383 1908 1412 Et
1930 1394 2019 1423 sagus
2039 1385 2085 1416 vir
2105 1395 2161 1413 sa-

198 1423 281 1462 piens
304 1428 360 1453 ete.
390 1423 478 1454 Dae.
522 1424 595 1453 Vide
618 1435 711 1463 supra
734 1424 866 1454 Piatrix.
912 1427 1041 1455 Glossis:
1072 1425 1181 1465 Sagax
1204 1425 1353 1465 ἐχέφρων,
1385 1423 1541 1466 ἀγχίνους,
1570 1428 1759 1466 πανοῦργος,
1788 1424 2022 1467 προγνωστικός.
2053 1424 2159 1458 Goth.

202 1465 294 1504 Saga.
330 1465 406 1495 Vide
430 1466 558 1495 Nonium
584 1464 663 1506 (pag.
677 1470 728 1499 22.
754 1468 859 1508 merc.)
884 1469 913 1497 in
938 1468 1044 1508 Sagae.
1093 1466 1197 1496 Goth.

367 1516 535 1547 Sanates.
560 1516 620 1556 (Ad
644 1517 771 1558 p.252.)
798 1519 903 1547 Festus
926 1519 1070 1547 retulerat
1092 1518 1250 1547 doctorum
1275 1519 1408 1546 virorum
1433 1518 1588 1556 opiniones
1610 1518 1647 1546 de
1670 1518 1842 1555 Sanatibus,
1879 1518 1959 1556 quod
1980 1518 2107 1548 verbum
2128 1518 2159 1547 in

200 1557 266 1587 ΧΠ.
288 1558 397 1588 tabulis
420 1560 510 1588 fuisse
532 1561 625 1589 refert
648 1562 733 1589 etiam
758 1561 833 1590 Gell.
858 1562 909 1590 lib.
922 1561 1000 1589 XVI.
1025 1571 1088 1599 cap.
1103 1564 1151 1592 10.
1176 1562 1265 1589 Ant.
1285 1561 1377 1599 Aug.
1424 1561 1627 1598 Quaecunque
1650 1561 1680 1588 in
1704 1561 1840 1599 Epitoma
1861 1560 2024 1597 habentur,
2053 1571 2086 1590 ea
2109 1560 2160 1590 de-

200 1601 369 1630 siderantur
392 1602 422 1630 in
446 1602 579 1640 reliquiis
602 1603 688 1632 Festi.
734 1604 838 1641 ltaque
869 1603 1070 1642 supplendum
1101 1613 1136 1631 ex
1160 1603 1297 1641 Epitoma
1327 1603 1444 1631 initium
1473 1603 1590 1632 illarum
1620 1603 1826 1641 reliquiarum.
1871 1603 1954 1638 Quae
1981 1609 2158 1642 sequuntur,

200 1643 230 1671 in
251 1643 330 1672 hanc
352 1645 528 1673 sententiam
551 1645 746 1684 concipienda
769 1651 852 1674 sunt:
886 1647 1038 1684 Sulpicius
1062 1650 1158 1674 autem
1182 1647 1306 1674 sanates
1328 1650 1358 1674 et
1381 1645 1511 1682 Opillius
1534 1647 1619 1675 aiunt
1640 1645 1699 1674 dici
1721 1645 1873 1674 inferioris
1895 1645 1956 1675 loci
1975 1651 2094 1684 gentes,
2125 1652 2160 1676 ut

202 1685 340 1715 Tiburtes
363 1692 392 1716 et
414 1687 504 1724 alios,
545 1688 595 1726 qui
625 1698 692 1716 cum
716 1689 830 1727 populo
854 1689 1013 1717 Tiburtino
1036 1688 1208 1717 habitarent.
1230 1689 1260 1716 in
1285 1698 1356 1726 agro
1379 1688 1513 1725 Tiburti,
1551 1688 1582 1717 id
1606 1693 1649 1717 est
1672 1699 1773 1717 omnes
1797 1688 1969 1727 peregrinos
1991 1688 2159 1718 inferioris-

202 1738 258 1766 que
281 1730 350 1759 loci.
384 1729 487 1768 Itaque
510 1731 656 1769 scriptum
680 1741 743 1760 esse
766 1732 795 1759 in
819 1732 903 1760 X11.:
926 1732 1010 1760 Nexo
1034 1732 1210 1769 solutoque,
1235 1732 1323 1760 forcti
1347 1731 1499 1768 senatique
1522 1731 1599 1760 idem
1623 1731 1669 1760 ius
1693 1736 1771 1767 esto,
1795 1731 1826 1759 id
1849 1735 1892 1759 est
1913 1731 1992 1760 bono
2014 1732 2158 1769 Romano,

201 1770 277 1799 idem
306 1777 335 1801 et
362 1772 535 1811 peregrim,
572 1773 624 1811 qui
654 1778 683 1802 et
710 1774 851 1802 inferiore
879 1775 947 1803 loco
976 1779 1029 1803 est.
1075 1775 1152 1803 Sunt
1181 1774 1231 1812 qui
1256 1774 1423 1810 intelligant
1449 1774 1599 1808 colonias,
1632 1783 1708 1812 quae
1732 1778 1802 1803 sunt
1824 1773 1969 1803 deductae
1991 1774 2020 1802 in
2044 1774 2160 1812 priscos

203 1812 319 1842 Latinos
343 1826 358 1843 a
380 1815 543 1853 Tarquinio
567 1816 684 1853 Prisco,
712 1826 785 1854 quas
806 1817 931 1854 inegerit.
953 1817 1116 1846 secundum
1140 1827 1220 1845 mare
1243 1817 1319 1845 infra
1344 1817 1467 1844 Romam
1490 1817 1520 1846 in
1544 1817 1677 1846 civitates
1701 1817 1886 1845 Latinorum:
1916 1826 2026 1854 eosque
2048 1817 2159 1848 sanatis

204 1861 376 1893 propterea,
411 1857 492 1895 quod
515 1863 637 1897 praeter
659 1859 831 1898 opinionem
855 1870 904 1888 eos
927 1861 1096 1898 pacavisset
1117 1860 1357 1897 sanavissetque,
1386 1864 1415 1887 et
1437 1870 1505 1887 cum
1528 1859 1568 1887 eis
1593 1859 1701 1898 pacisci
1725 1859 1886 1898 potuisset,
1915 1858 2095 1895 nominavit,
2121 1864 2159 1889 nt

206 1902 340 1926 auctores
367 1905 436 1928 sunt
459 1901 579 1929 Cincius
608 1901 684 1930 libro
701 1902 736 1930 ΙΙ.
758 1901 795 1930 de
818 1902 914 1931 officio
937 1902 1159 1937 Iurisconsulti,
1194 1902 1232 1930 M.
1258 1902 1392 1930 Valerius
1416 1902 1541 1930 Messala
1564 1902 1595 1929 in
1619 1912 1651 1930 ea
1674 1901 1703 1930 in
1728 1902 1792 1930 Xll.
1816 1901 2034 1940 explanatione.
2077 1902 2158 1931 Idem

204 1942 301 1966 tamen
322 1941 353 1968 in
375 1952 410 1969 eo
434 1943 526 1980 libro,
550 1953 637 1982 quem
661 1944 698 1973 de
720 1944 808 1974 dictis
830 1945 966 1973 involute
988 1945 1142 1981 inscribit,
1165 1944 1271 1973 forctis
1294 1949 1322 1972 et
1344 1944 1453 1973 sanatis
1477 1944 1519 1973 ait
1543 1944 1616 1974 duas
1639 1944 1734 1981 gentis
1757 1943 1895 1973 finitimas
1917 1944 2008 1973 mari:
2029 1943 2068 1974 de
2089 1945 2159 1984 qui-

204 1979 260 2008 bus
284 1982 373 2018 legem
395 1983 472 2012 hanc
496 1986 670 2025 inscriptam
693 1997 755 2016 esse
784 1987 895 2016 videri:
932 1988 975 2016 uti
1004 1987 1081 2016 duae
1110 1987 1273 2016 maritimae
1302 1987 1397 2025 gentis
1420 1986 1525 2017 eodem
1547 1997 1615 2017 eum
1638 1987 1669 2017 P.
1688 1988 1722 2017 R.
1743 1986 1925 2016 haberentur
1945 1987 2026 2023 iure3
2062 1997 2158 2026 neque

205 2020 279 2051 alios
300 2033 388 2061 quam
412 2027 519 2056 forctes
540 2033 571 2057 et
593 2034 708 2058 sanates
730 2030 824 2068 legem
848 2029 926 2059 hanc
956 2030 1122 2067 significare
1153 2030 1302 2059 existimat
1331 2030 1389 2058 hoc
1416 2029 1580 2059 intellectu.
1625 2029 1711 2060 Multi
1740 2034 1825 2065 sunt,
1861 2029 1970 2066 quibus
1991 2029 2040 2066 id,
2075 2030 2158 2068 quod

204 2065 346 2104 plui-ibus
368 2067 495 2105 placuit,
526 2070 700 2110 displiceat,
734 2078 764 2101 et
787 2072 872 2102 aliter
894 2073 924 2101 in
948 2074 1013 2103 xli.
1038 2072 1132 2101 sanati
1155 2073 1245 2101 forcti
1266 2073 1521 2111 interpretentur,
1550 2072 1610 2101 hoc
1632 2077 1675 2101 est
1697 2072 1809 2109 sanati,
1837 2071 1945 2102 insani.
1990 2072 2157 2110 Propemo-

206 2107 278 2136 dum
301 2117 333 2136 ea
356 2108 473 2138 videtur
495 2112 573 2141 Festi
595 2116 737 2144 sententia
761 2126 834 2145 esse.
858 2114 960 2146 Scal.
993 2116 1066 2145 Vide
1084 2114 1243 2145 Horetum.
1274 2116 1355 2144 Infra
1377 2119 1445 2154 post
1467 2115 1562 2153 legem
1586 2115 1651 2145 ΧΗ.
1673 2115 1870 2144 Tabularum:
1893 2114 1984 2143 Nemo
2003 2113 2158 2156 solutoque

203 2147 281 2190 fimi
301 2150 455 2190 sanatione
475 2152 550 2182 idem
572 2156 616 2184 ius
637 2164 712 2193 esto,
736 2157 769 2186 id
790 2165 831 2187 est
853 2157 955 2189 honor.
990 2158 1135 2187 Emenda:
1159 2156 1192 2186 id
1215 2165 1270 2194 est,
1295 2157 1381 2187 bono.
1416 2157 1501 2192 Quae
1523 2162 1592 2186 sunt
1614 2157 1704 2186 verba
1721 2158 1799 2187 Festi
1821 2157 2045 2196 interpretantis
2067 2157 2157 2186 verba

206 2192 294 2240 legis:
326 2190 407 2221 Idem
429 2193 475 2221 ius
496 2203 554 2223 esto
573 2197 664 2236 forti,
693 2200 723 2228 id
748 2205 807 2237 est,
836 2200 927 2231 bono,
970 2200 1058 2239 Quod
1079 2201 1191 2236 sanati,
1216 2200 1246 2229 id
1270 2205 1313 2229 est
1335 2203 1503 2239 peregrino.
1542 2200 1579 2228 Et
1600 2200 1658 2228 iam
1680 2210 1772 2239 supra
1794 2200 1897 2230 docuit
1906 2199 2024 2241 fortem
2043 2199 2157 2229 bonum

207 2234 386 2282 ⁸¹g-mfiml'e3
413 2235 464 2282 *De
493 2237 633 2275 coloniis,
670 2251 741 2278 quas
762 2244 881 2272 Priscus
903 2244 1084 2282 Tarquinius
1112 2244 1144 2271 in
1167 2243 1285 2272 Priscos
1309 2243 1427 2271 Latinos
1456 2243 1597 2278 deduxit,
1631 2242 1708 2272 nihil
1730 2243 1811 2282 apud
1833 2243 1908 2272 alios
1929 2247 2068 2272 auctores
2089 2243 2156 2281 legi.

207 2277 301 2306 Prisci
323 2277 421 2306 Latini
443 2278 540 2307 dictae
563 2281 711 2318 coloniae,
739 2295 814 2322 quae
837 2296 852 2313 a
876 2287 980 2315 Latino
1002 2287 1096 2315 Silvio
1119 2286 1277 2315 deductae.
1323 2286 1397 2314 Vide
1419 2284 1545 2316 Priscae.
1588 2285 1680 2319 Dae.

373 2318 514 2366 sarpta
535 2322 654 2350 vinea.
698 2324 822 2364 Sarpere
843 2333 886 2356 est
905 2337 1024 2367 putare,
1050 2329 1130 2358 unde
1152 2336 1255 2368 sarpta
1276 2329 1361 2357 vinea
1384 2333 1413 2357 et
1433 2335 1582 2357 sarmenta
1603 2328 1718 2357 surculi
1741 2327 1896 2367 amputati.
1932 2327 1970 2360 Et
1991 2326 2154 2365 θηρία-1139

208 2361 314 2398 falces,
338 2361 446 2400 quibus
467 2364 543 2391 vites
566 2365 749 2402 putabantur
771 2373 799 2395 et
820 2370 949 2400 arbores.
996 2370 1110 2410 Sar-pas
1132 2371 1224 2400 hodie
1246 2381 1402 2407 vocamus,
1432 2372 1517 2399 cuius
1540 2370 1751 2400 diminutivum
1773 2370 1953 2408 snrpioulae,
1976 2373 2010 2398 ut
2031 2368 2152 2408 pavicu-

207 2404 254 2433 lae
277 2415 292 2432 a
315 2403 474 2443 paviendo.
518 2405 638 2444 Postea,
674 2412 709 2436 ut
736 2409 857 2438 solenne
884 2412 942 2440 fuit
963 2413 1075 2441 Latinis
1098 2423 1117 2441 a
1138 2418 1253 2442 mutare
1280 2413 1312 2442 in
1334 2425 1349 2442 ε
1371 2418 1401 2442 et
1423 2413 1449 2450 i,
1478 2411 1639 2452 serpiculae
1657 2418 1689 2443 et
1708 2412 1867 2453 sirpiculae
1883 2412 1983 2446 dictae
2004 2416 2074 2440 sunt
2093 2419 2152 2449 pro
