2263 2668
437 137 502 170 DE
536 136 811 171 VERBORUM
843 134 1233 171 SIGNIFICATIONE
1268 135 1581 173 FRAGMENTA.
1827 139 1902 174 267

122 232 416 276 ‹lucidi-angulum,
446 231 652 276 oblongum,
680 232 771 275 quod
799 233 831 264 in
859 232 970 277 capite
996 230 1160 275 Virgines
1190 230 1338 263 Vestales
1366 242 1442 265 cum
1470 233 1655 267 sacrificant
1681 244 1813 277 semper
1834 233 1902 267 Ιια-

119 284 205 316 ber-e
229 283 356 324 solent,
396 282 499 326 idque
526 283 630 315 fibula
659 284 965 328 comprehenditur.
1021 281 1212 315 Silentia
1238 293 1428 327 surgere
1455 284 1506 317 ait
1533 285 1621 326 dici,
1659 284 1717 317 ubi
1740 285 1800 328 qui
1826 292 1903 330 post

121 335 266 368 mediam
293 338 428 368 noctem
453 335 657 379 auspicandi
684 346 782 369 causa
809 346 849 368 ex
874 334 997 368 lectulo
1025 344 1084 365 suo
1111 334 1242 366 silentio
1268 334 1433 378 surrexit,
1461 342 1493 368 et
1515 336 1672 369 liberatus
1696 348 1715 368 a
1736 337 1843 378 lecto,
1869 337 1902 370 in

122 386 231 419 solido
258 398 296 420 se
317 387 451 432 posuit,
485 386 666 429 sedetque,
708 399 750 420 ne
777 387 857 430 quid
886 397 926 419 eo
952 391 1106 429 tempore
1134 385 1274 426 deiciat,
1316 396 1503 430 rursusque
1529 399 1563 421 se
1589 388 1623 421 in
1648 388 1772 422 lectum
1799 399 1903 433 repo-

122 438 202 471 suit:
238 438 305 472 hoc
332 438 418 471 enim
446 443 495 470 est
514 439 664 483 proprie
688 439 878 479 silentium,
913 437 1018 470 omnis
1040 436 1109 469 vitii
1134 437 1167 469 in
1194 436 1347 481 auspiciis
1373 434 1448 486 val}
1465 439 1577 472 cuitas.
1630 440 1739 473 Vera·
1793 438 1900 486 [156]

119 491 195 523 -nius
222 490 283 527 ait,
319 501 386 522 non
412 490 527 533 utique
554 501 594 522 ex
620 490 729 533 lecto,
774 490 832 524 sed
860 500 902 522 ex
927 488 1047 531 cubili,
1084 491 1151 521 ne*
1174 500 1282 521 rursus
1310 500 1344 521 se
1371 489 1404 521 in
1430 489 1553 523 lectum
1579 503 1744 536 reponere
1769 502 1903 525 necesse

124 553 202 574 esse.
256 541 513 585 Sarpiuntur
538 541 671 583 vineae,
698 542 734 575 id
762 547 809 575 est
834 546 1007 585 putantum
1034 540 1127 573 utin
1149 540 1240 573 XIL:
1276 540 1544 585 Quandoque
1570 547 1733 588 sarpta,
1766 542 1901 577 donec

123 593 297 638 dempta
325 598 451 625 erunt.
504 593 809 636 Summanalia,
836 593 904 625 liba
930 593 1097 626 farinacea
1123 592 1155 624 in
1182 592 1321 625 modum
1344 597 1437 626 rotae
1458 594 1610 627 finctae&
1662 594 1898 636 Suffuerat,

123 645 184 677 sub
213 644 334 677 eodem
363 650 450 677 tecto
479 644 596 677 fuerat.
650 646 867 679 Scribtum
895 644 1045 689 lapidem
1074 655 1142 677 esse
1170 644 1231 684 ait,
1260 649 1292 677 et
1317 644 1363 676 ita
1389 646 1521 686 vocari,
1547 646 1704 680 Antistius
1726 646 1844 679 Labeo
1866 646 1900 678 in

123 706 208 740 agro
236 695 449 728 Menullino*
477 696 623 729 divinam
650 708 719 730 rem
749 697 924 730 faceret**.
985 696 1037 729 Se
1071 707 1278 739 quamque
1312 707 1459 730 seorsum
1493 708 1669 741 quamque.
1722 698 1900 731 Sanates

119 747 204 780 ›dicti
224 752 315 785 sunt„
343 748 399 790 qui
426 759 525 792 supra
549 748 702 792 infraque
732 749 878 781 Romam
904 747 1144 780 habitaverunt.
1173 747 1264 790 quod
1292 759 1415 780 nomen
1441 748 1492 781 his
1518 749 1596 791 fuit,
1631 749 1707 793 quia
1733 761 1810 782 cum
1838 749 1898 782 de-

123 799 278 832 fecissent
300 811 318 831 a
341 800 522 840 Romanis,
549 800 642 832 brevi
668 805 744 845 post
770 800 938 833 redierunt
961 799 994 832 in
1019 799 1215 842 amicitiam,
1242 799 1334 842 quasi
1357 805 1470 832 sanata
1491 806 1611 835 mente.
1637 801 1749 844 itaque
1768 802 1801 834 in
1824 801 1898 835 XII.

124 857 255 882 cautum
284 856 349 891 est,
394 856 428 884 ut
454 852 544 883 idem
574 852 652 884 iuris
677 856 761 885 esset
784 852 959 884 Sanatibus
986 851 1078 894 quod
1102 851 1280 885 Forctibus
1306 850 1340 883 id
1369 856 1418 884 est
1444 852 1555 893 bonis,
1590 857 1622 885 et
1648 853 1705 895 qui
1731 864 1898 896 nunquam

123 902 318 936 defecerant
344 914 363 934 a
389 903 425 935 P.
450 903 492 935 R.
555 903 794 937 Sublucare
830 903 965 936 arbores
998 908 1046 936 est
1076 914 1186 935 ramos
1217 913 1329 935 earum
1356 909 1558 947 supputare,
1604 908 1636 936 et
1661 904 1761 937 veluti
1787 910 1900 948 suptus

122 954 234 987 lucem
260 955 410 993 mittere3
446 954 624 988 conlucare
650 960 778 996 autem,
816 955 947 988 succisis
973 955 1145 987 arboribus
1172 955 1284 988 locum
1311 955 1452 998 implere
1479 956 1562 989 luce.
1615 955 1822 999 Spurcum
1850 956 1901 988 vi-

122 1016 201 1037 num
230 1011 295 1046 est,
338 1005 432 1049 quod
459 1007 557 1039 sacris
584 1006 738 1039 adhiberi
764 1017 829 1038 non
855 1007 953 1048 licet,
995 1009 1031 1039 ut
1058 1007 1102 1038 ait
1134 1006 1252 1039 Labeo
1275 1006 1431 1039 Antistius
1458 1006 1480 1038 l.
1503 1007 1544 1041 X.
1572 1007 1799 1039 commentarii
1826 1007 1902 1039 iuris

123 1057 302 1100 pontificii,
345 1057 398 1090 cui
432 1069 518 1101 aqua
549 1058 696 1091 admixta
729 1063 795 1098 est,
840 1058 1072 1091 defructumve
1084 1062 1107 1096 *,
1152 1063 1206 1090 aut
1232 1058 1311 1103 igne
1337 1063 1462 1091 tactum
1490 1065 1556 1101 est,
1602 1063 1787 1091 mustumve
1814 1064 1899 1097 ante,

122 1120 223 1151 quam
247 1108 464 1143 defervescat.
517 1109 824 1154 Septimontio,
852 1115 888 1142 ut
914 1110 959 1142 ait
980 1109 1139 1142 Antistius
1160 1111 1278 1142 Labeo
1305 1109 1397 1143 hisce
1424 1111 1592 1143 montibus
1614 1110 1731 1143 feriae:
1758 1110 1898 1150 Palatio,

123 1161 177 1194 cui
205 1161 420 1202 sacrificium,
448 1161 541 1204 quod
568 1162 623 1202 fit,
650 1162 806 1194 Palatuar
832 1161 969 1197 dicitur;
1000 1161 1111 1194 vilae*
1134 1162 1188 1194 cui
1214 1162 1293 1194 item
1320 1161 1537 1200 sacrificium3
1564 1161 1759 1206 Faguali**,
1786 1161 1896 1194 Subu-

122 1223 198 1253 rae,
227 1211 384 1245 Cermalo
396 1215 435 1253 †,
469 1212 605 1257 Oppio,
641 1213 759 1246 Coelio
785 1214 908 1254 monti,
943 1212 1058 1257 Cispio
1085 1213 1199 1246 monti.
1252 1212 1387 1258 Oppius
1414 1218 1523 1247 autem
1552 1213 1742 1258 appellatus
1768 1217 1832 1253 est,
1867 1218 1902 1245 ut

123 1264 168 1296 ait
195 1263 302 1296 Varro
334 1275 444 1298 rerum
478 1264 701 1298 humanarum
726 1266 747 1298 l.
773 1265 863 1300 V111.
892 1265 935 1298 ab
958 1265 1062 1310 opita
1074 1267 1117 1304 ††
1144 1264 1261 1309 Oppio
1287 1266 1500 1303 Tusculano,
1546 1265 1602 1308 qui
1629 1276 1705 1298 cum
1733 1263 1900 1308 praesidio

123 1315 388 1348 Tusculanorum
415 1317 531 1349 missus
557 1316 600 1349 ad
624 1317 770 1350 Romam
796 1317 974 1358 tuendam,
1007 1316 1090 1349 dum
1111 1317 1232 1350 Tullus
1250 1317 1410 1350 Hostilius
1432 1317 1532 1350 Veios
1561 1320 1790 1361 oppugnaret,
1818 1326 1900 1349 con—

123 1366 254 1399 sederat
285 1367 318 1399 in
345 1367 490 1409 Carinis,
537 1373 570 1400 et
602 1369 650 1401 ibi
685 1374 793 1402 castra
827 1368 1000 1401 habuerat.
1041 1369 1189 1402 similiter
1215 1365 1236 1418 Η
1260 1368 1423 1402 Cisitum*
1446 1381 1465 1401 a
1485 1369 1598 1401 Laevo
1623 1368 1738 1412 Cispio
1792 1365 1898 1412 [157]

120 1418 320 1463 Anagnino,
363 1420 421 1463 qui
455 1419 603 1453 eiusdem
629 1420 677 1453 rei
703 1431 801 1454 causa
828 1432 902 1453 eam
929 1425 1060 1464 partem
1082 1420 1324 1464 Esquiliarum,
1369 1432 1455 1464 quae
1481 1421 1566 1453 iacet
1594 1419 1637 1452 ad
1663 1420 1772 1452 vicum
1796 1418 1901 1451 Patri-

122 1470 210 1503 cium
237 1481 368 1510 versus,
410 1471 443 1503 in
471 1483 536 1515 qua
562 1472 700 1517 regione
728 1477 775 1505 est
802 1472 894 1505 aedis
914 1471 1060 1512 Mefitis,
1103 1473 1201 1505 tuitus
1229 1478 1285 1505 est.
1338 1472 1498 1505 Sistere
1529 1471 1626 1503 fana
1657 1482 1733 1505 cum
1758 1470 1792 1502 in
1818 1470 1901 1503 urbe

122 1521 301 1554 condenda
328 1523 465 1563 dicitur,
508 1523 674 1567 significat
706 1524 781 1556 loca
808 1523 840 1555 in
867 1523 997 1568 oppido
1024 1524 1211 1557 futurorum
1238 1525 1391 1556 fanorum
1419 1523 1626 1556 constituere.
1662 1522 1785 1566 quam*
1805 1521 1901 1555 Anti-

124 1573 201 1605 stius
220 1573 337 1606 Labeo
364 1574 409 1605 ait
434 1575 468 1606 in
495 1576 735 1607 commentario
756 1575 828 1607 XV.
856 1575 933 1608 iuris
959 1576 1139 1619 pontificii,
1169 1576 1244 1608 fana
1271 1576 1381 1607 sistere
1409 1587 1478 1608 esse
1505 1574 1703 1607 lectisternia
1729 1574 1825 1607 certis
1846 1573 1900 1605 lo—

124 1624 171 1656 cis
197 1630 230 1657 et
256 1625 319 1657 diis
346 1624 483 1661 habere.
546 1626 786 1671 Subigere*
808 1626 943 1659 arietem
971 1627 1003 1658 in
1032 1626 1152 1660 eodem
1181 1628 1267 1660 libro
1294 1627 1451 1660 Antistius
1477 1637 1546 1658 esse
1573 1626 1618 1658 ait
1645 1626 1725 1658 dare
1752 1625 1900 1665 arietem,

125 1676 183 1717 qui
208 1686 272 1719 pro
299 1687 333 1708 se
359 1681 495 1720 agatur,
537 1677 705 1712 caedatur.
759 1678 871 1710 Bene
899 1679 1082 1722 sponsis,
1121 1679 1274 1722 beneque
1300 1678 1443 1711 volueris
1468 1677 1500 1710 in
1527 1678 1722 1721 precatione
1748 1675 1901 1721 augurali

125 1725 269 1759 Messala
293 1738 401 1772 augur
427 1728 471 1760 ait
495 1729 682 1773 significare
708 1729 944 1774 spoponderis,
982 1730 1134 1763 volueris.
1189 1730 1378 1774 Serpula
1407 1729 1576 1773 serpserit,
1620 1729 1663 1760 ait
1689 1728 1781 1760 idem
1803 1727 1898 1761 Mes-

126 1865 169 1887 est
199 1860 326 1888 reticulo
354 1861 482 1898 quodam
519 1872 624 1897 aeneo,
662 1863 691 1890 in
716 1873 776 1900 quo
801 1864 904 1899 tubae,
936 1874 987 1892 seu

126 1901 190 1930 tubi
214 1902 309 1930 relicti
333 1909 433 1938 erant,
465 1915 519 1942 per
548 1915 620 1943 quos
645 1905 781 1933 manibus
811 1917 893 1934 sacia
924 1911 988 1934 tan-

125 1954 193 1981 gere
216 1944 332 1975 licebat.
359 1951 447 1984 atque
467 1946 638 1975 huiusmodi
661 1948 805 1986 secespita
830 1949 989 1977 utebantur

126 1993 188 2015 tum
211 1987 241 2015 in
265 1988 418 2024 sacrariis,
452 1999 526 2027 quae
547 1995 631 2019 erant
652 1991 681 2018 in
705 1991 842 2028 templis,
873 1996 934 2019 tum
958 1992 988 2019 in

1033 1870 1083 1892 tur
1112 1864 1228 1892 duobus
1252 1862 1359 1892 modis.
1390 1872 1456 1890 nani
1482 1862 1518 1889 de
1539 1861 1698 1899 secespita,
1731 1870 1806 1898 quae
1829 1860 1896 1888 cul-

1032 1912 1111 1934 trum
1135 1906 1297 1944 significat,
1327 1905 1370 1933 sic
1398 1903 1554 1932 suetonius
1583 1904 1611 1931 in
1641 1903 1778 1931 Tiberio:
1822 1903 1895 1930 Nam

1031 1949 1110 1976 inter
1140 1948 1295 1977 Pontifices
1326 1946 1501 1975 sacrificanti
1530 1946 1618 1975 simul
1657 1956 1710 1984 pro
1742 1945 1895 1983 secespita,

1034 1991 1203 2029 plumbeum
1233 1990 1363 2018 cultrum
1392 1989 1597 2018 subiciendum
1627 1988 1751 2016 curavit.
1802 1985 1896 2015 Reda·-

125 2030 175 2064 iis,
200 2040 273 2068 quae
303 2036 387 2059 erant
408 2042 438 2060 iu
460 2032 525 2059 aliis
548 2033 631 2062 locis.
662 2039 803 2070 erantque
829 2034 988 2072 secespitae

125 2073 210 2101 velut
231 2073 371 2111 repagula
394 2074 548 2111 quaedam.
594 2076 683 2110 Quod
706 2082 802 2104 autem
826 2078 858 2103 ίιι
880 2077 988 2114 templo

124 2117 233 2143 Bonae
255 2114 326 2143 deae
348 2116 535 2152 addidimus,
557 2117 786 2156 intelligendum
806 2123 848 2146 est
869 2129 930 2146 non
953 2118 990 2146 de

125 2168 256 2186 sacrario
282 2159 380 2187 Bonae
403 2159 493 2196 deae,
531 2159 611 2197 quod
634 2161 710 2189 ultra
736 2160 866 2188 Bovillas
889 2163 919 2189 in
942 2161 989 2189 vis

124 2201 221 2239 Appia
244 2201 318 2236 suit,
341 2201 426 2230 cuius
449 2212 502 2240 pro
518 2202 625 2231 Milone
648 2204 749 2231 Cicero
773 2203 915 2239 meminit,
938 2203 989 2232 sed

125 2242 161 2273 de
184 2243 314 2272 sacrario
337 2253 389 2280 eo,
413 2244 493 2282 quod
515 2244 573 2273 fuit
595 2245 625 2273 in
649 2245 722 2274 aede
744 2245 843 2273 Bonae
867 2245 938 2274 deae
959 2245 989 2274 in

123 2286 289 2322 Aventino,
312 2286 398 2314 cuius
421 2287 452 2315 P.
468 2287 572 2315 Victor
594 2288 664 2316 facit
687 2288 874 2316 mentionem.
892 2293 988 2326 potest

125 2329 210 2358 etiam
226 2328 274 2357 hic
297 2329 381 2357 locus
403 2330 444 2358 ita
466 2330 620 2358 resarciri:
644 2334 690 2359 est
703 2331 844 2368 secespita
866 2330 896 2358 in
914 2336 985 2359 tem-

125 2371 169 2410 pli
190 2372 345 2401 sacrariis.
376 2372 428 2400 sed
451 2377 480 2400 et
507 2374 538 2400 in
563 2373 628 2401 aliis
650 2373 738 2401 locis:
776 2378 804 2400 et
833 2377 877 2402 est
906 2373 987 2401 velut

125 2413 269 2444 clathrata
293 2414 419 2444 fenestra
442 2415 595 2453 quaedam.
621 2416 660 2444 ita
690 2415 853 2454 secespitae
877 2415 983 2444 dicun-

1031 2034 1099 2060 culo
1125 2044 1177 2071 pro
1200 2033 1325 2060 reticulo
1349 2033 1378 2060 in
1407 2031 1568 2070 exemplari
1598 2035 1748 2059 exaratum
1772 2033 1815 2057 est
1845 2039 1895 2057 an-

1032 2081 1115 2113 tiqua
1139 2076 1188 2104 illa
1211 2075 1424 2104 cousuetudine
1447 2073 1580 2113 ponendi
1603 2073 1621 2101 d
1645 2083 1700 2111 pro
1723 2077 1752 2108 t,
1775 2071 1813 2100 de
1836 2081 1895 2109 qua

1032 2128 1132 2156 supra.
1167 2118 1256 2146 tubae
1284 2117 1387 2155 etjam,
1423 2128 1483 2146 non
1507 2123 1540 2145 ut
1565 2116 1596 2143 in
1619 2115 1682 2144 aliis
1714 2113 1895 2144 editionibus

1029 2161 1145 2196 nubae,
1182 2161 1213 2188 in
1242 2160 1346 2189 eodem
1377 2159 1541 2199 exemplari
1561 2158 1708 2196 scriptum
1731 2162 1783 2186 est.
1806 2156 1896 2186 tubae

1032 2208 1130 2232 autem
1153 2213 1208 2242 pro
1232 2203 1311 2232 tubis
1335 2203 1463 2241 positum
1485 2206 1536 2231 est.
1559 2200 1692 2229 cancella
1718 2200 1750 2229 :in
1771 2199 1893 2238 supple-

1031 2251 1163 2274 mentum
1185 2244 1273 2274 huius
1296 2245 1454 2283 fragmenti
1480 2243 1579 2273 nescio
1601 2243 1751 2281 quomodo
1772 2251 1894 2270 amanu-

1031 2289 1108 2317 ensis
1131 2288 1220 2327 culpa
1248 2288 1378 2327 irrepsit.
1403 2298 1458 2316 nos
1487 2290 1565 2316 certe
1593 2285 1690 2314 locum
1718 2285 1893 2315 reconditae

1029 2331 1213 2369 antiquitatis
1251 2341 1344 2369 paene
1380 2329 1508 2360 tenebris
1546 2327 1686 2357 obrutum
1700 2349 1708 2364 ‚
1749 2331 1891 2367 quantum

1026 2374 1196 2412 potuimus,
1235 2373 1266 2402 in
1292 2374 1389 2402 lucem
1415 2372 1631 2402 revocavimus.
1681 2371 1759 2399 Urs.

1561 2464 1654 2497 Ll*

1942 501 1951 512 ⁸
1957 501 1977 528 f.
1994 510 2040 528 nec

1909 594 1941 620 ·f.
1950 594 2021 627 ficta,
2034 598 2074 621 vel

1950 629 2031 656 facta.

1910 698 1918 707 “
1927 698 1946 723 f.
1964 700 1984 723 Α
2013 700 2055 724 ubi

1944 733 2042 759 scribae

1908 766 2072 793 ''f.sacereiit.

1908 1063 1917 1072 '
1925 1062 1943 1086 f.
1969 1062 2056 1088 defru-

1940 1100 2025 1123 tumve

1911 1160 1945 1185 ⁸1.
1975 1161 2072 1193 Veliae,

1911 1196 1951 1221 '’f.
1970 1195 2057 1229 Fagn—

1967 1230 2021 1260 tali,

1926 1264 1968 1296 -Η,
1988 1264 2056 1289 Gen-

1954 1299 2028 1329 malo,

1909 1332 1945 1364 ††
1951 1333 1968 1358 f.
1979 1333 2073 1367 Opitre

1909 1376 1918 1387 ⁸
1927 1377 1946 1403 f.
1970 1375 2073 1410 Cispius

1945 1520 1984 1544 ⁸f.
2005 1519 2038 1550 Q.

1909 1622 1938 1648 ·f.
1950 1621 2073 1648 Subicere
