2263 2668
959 128 1104 162 LIBER
1150 130 1194 164 Π.

1971 147 2044 183 193

96 217 253 263 simplici,
287 216 381 262 quod
418 222 466 252 est
497 218 612 253 tertiae
646 221 909 269 coniugationis,
943 227 1207 269 componuntur,
1237 229 1348 262 tamen
1381 234 1417 263 ut
1455 230 1657 276 deponentia
1691 235 1821 279 primae
1852 243 1926 272 sunt
1959 252 2041 275 con-

96 269 282 315 iugationis.

269 334 328 370 15.
379 337 419 371 In
444 341 479 371 to
507 337 706 381 desinentia,
732 330 946 386 Quotcunque
972 342 1035 375 sint
1060 343 1284 386 syllabarum,
1311 358 1509 393 quacunque
1531 352 1640 385 vocali
1670 354 1725 387 vel
1752 361 1953 391 consonante
1979 371 2035 392 an-

94 387 286 429 tecedente,
313 389 479 433 primitiva
507 401 563 422 seu
585 390 783 434 derivativa,
810 394 938 438 primae
962 398 1035 427 sunt
1057 395 1316 440 coniugationis‚
1343 403 1378 432 ut
1404 404 1472 443 sto,
1499 406 1587 445 stas,
1609 409 1771 449 praesto,
1794 411 1904 450 resto,

95 443 179 473 nalo
191 437 227 482 ²⁰,
253 439 372 485 virgil.
397 441 473 473 llll.
496 441 666 475 Aeneidos
692 443 778 477 libro
791 441 832 478 ²¹:

323 507 439 541 Natat
464 511 571 541 uncta
603 511 739 546 carina.

1932 410 2039 454 obsto,

102 574 205 619 Veto,
232 586 291 617 as,
317 576 404 618 vito,
431 575 568 617 dubito,
595 578 732 623 cogito,
757 582 854 621 noto,
874 584 999 626 porto,
1025 586 1131 625 muto,
1152 587 1252 629 puto,
1278 588 1420 631 reputo,
1446 586 1570 633 refuto.
1622 590 1782 636 Virgilius
1808 592 1864 627 lib.
1893 595 1986 630 Xll.:

322 643 412 678 Fors
437 644 535 678 dicta
560 645 690 691 refutet
706 644 740 681 ²².

100 692 267 740 consuto,
294 706 355 739 as,·
382 696 558 729 Terentius
584 698 617 729 in
645 697 866 732 Phormione:

327 746 530 792 Confutavit
556 748 672 782 verbis
698 750 892 783 admodum
918 750 1047 785 iratum
1068 756 1214 797 patrem
1234 750 1268 786 ²³.

99 794 263 839 Occulta,
291 799 435 840 exsulto,
463 800 621 833 ausculto
637 797 671 842 ²⁴,
698 805 814 842 vasto,
840 805 960 847 gesto,
986 803 1175 850 manifesto
1183 818 1194 845 ,·
1221 804 1344 840 Statius
1371 805 1541 840 Thebaid.
1568 806 1624 840 lib.
1651 808 1708 843 11.:

324 849 464 883 Ramus
489 850 693 896 manifestat
726 852 840 886 olivae

321 900 502 946 Legatum
512 899 538 920 ²⁵
565 921 631 947 —,

94 948 236 984 Ovidius
261 950 585 997 Metamorphoseon
611 954 667 987 lib.
694 950 842 987 x111.²⁶=

322 1002 479 1038 Insidias
500 1005 630 1050 prodet
656 1004 962 1050 manifestabitque
980 1001 1005 1022 ²⁷
1031 1006 1205 1040 latentem.

95 1050 248 1095 Erzwto,
275 1064 334 1095 as,
363 1055 473 1096 lacto,
497 1059 620 1100 rapto,
649 1060 772 1101 capto,
799 1057 901 1098 salto,
929 1061 1042 1100 canto,
1069 1062 1166 1099 arto;
1192 1059 1347 1093 Lucanus
1374 1059 1431 1093 lib.
1460 1059 1556 1096 1111.:

326 1105 511 1140 Continuos
535 1107 654 1140 multis
676 1107 874 1140 subitarum
898 1111 1033 1143 tractus
1059 1121 1234 1156 aquarum

320 1156 464 1190 Artavit
491 1158 682 1203 clausitque
709 1156 910 1192 animumffl.

93 1209 225 1254 Lact05
249 1208 386 1242 Terent.
412 1209 445 1241 in
472 1209 614 1242 Andria:

321 1259 457 1293 Eorum
483 1261 622 1294 animas
647 1261 762 1294 lactas
778 1257 814 1294 ²⁹.

92 1310 189 1345 Idem
214 1310 247 1344 in
275 1310 412 1345 eodem:

319 1361 398 1397 Nisi
422 1374 478 1396 me
504 1362 674 1397 lactasses
700 1366 878 1396 amantem
892 1359 926 1396 ³⁰.

93 1412 247 1456 Marito,
273 1423 324 1447 αθ.

93 1531 151 1562 IV.
187 1531 220 1561 P.
259 1531 336 1561 libro
373 1538 482 1572 quarto
507 1533 586 1562 Cam.
616 1533 712 1563 Locus
742 1537 786 1562 est
812 1531 882 1561 libri
906 1531 987 1562 tertii
1016 1542 1045 1562 v.

92 1576 164 1607 301.
209 1574 284 1603 Tum
306 1574 377 1604 Cod.
400 1586 458 1604 nec
471 1576 570 1612 falsa.
595 1576 674 1607 Cam.
693 1577 723 1606 P.
742 1586 777 1604 ne
788 1575 883 1613 falsa
900 1585 968 1604 cum
984 1575 1045 1604 edi-

91 1617 132 1646 tis
151 1616 238 1645 Statii
254 1617 348 1646 libris.
369 1634 412 1640 —
435 1620 484 1655 12)
509 1619 582 1648 Cod.
599 1629 651 1647 nec
670 1620 781 1647 incesse
795 1629 891 1646 mores
908 1628 975 1647 cum
991 1618 1046 1647 du-

90 1659 165 1699 plici
183 1659 366 1689 correctione
385 1671 502 1689 morum
522 1661 558 1690 ab
581 1662 700 1700 antiqua
721 1671 828 1698 manu,
858 1665 887 1689 et
908 1671 1011 1689 moras
1029 1671 1046 1689 a

91 1712 152 1732 rec.
174 1701 271 1731 Locus
293 1707 338 1731 est
360 1703 433 1732 Stat.
452 1703 545 1733 Theb.
573 1703 625 1733 lib.
644 1704 700 1741 XI,
723 1705 795 1735 389.
819 1713 879 1742 seq.
901 1704 953 1732 ubi
970 1703 1046 1741 legi-

91 1749 141 1773 tur
162 1755 197 1772 ne
213 1746 323 1773 incesse
340 1756 450 1776 moras.
476 1763 512 1767 —
539 1749 583 1784 13)
605 1747 679 1777 Stat.
702 1745 793 1775 Theb.
814 1746 873 1780 XI,
900 1748 972 1779 361.
995 1745 1045 1774 ubi

91 1786 200 1825 legitur
227 1789 442 1816 incessentem.
471 1788 543 1818 Cod.
565 1799 581 1817 a
600 1799 646 1828 pr.
675 1799 712 1817 m.
734 1789 874 1817 mendose
898 1794 1045 1817 tactam

92 1830 301 1868 incessantem,
324 1831 375 1859 sed
397 1841 473 1861 corr.
496 1848 535 1852 —
561 1832 609 1868 14)
637 1832 710 1860 Viso
735 1842 852 1870 quoque
876 1832 952 1859 visis
973 1830 1044 1859 cod.

94 1881 213 1910 quoque
232 1882 289 1901 om.
310 1873 390 1904 Cam.
414 1874 444 1903 P.
467 1890 507 1896 —
538 1877 580 1908 15)
605 1874 724 1902 Persius
747 1874 777 1907 Ι,
803 1875 853 1905 58.
875 1889 917 1895 -·
940 1876 983 1908 16)
1008 1872 1044 1901 In

89 1915 191 1953 primo
211 1916 317 1952 posuit
340 1915 411 1945 hist.
436 1916 512 1944 libro
539 1916 610 1947 Cod.
635 1918 666 1945 in
690 1917 713 1945 I.
744 1916 796 1946 lib.
813 1917 922 1954 posuit
945 1915 1043 1942 histo-

94 1958 213 1985 riarum
235 1957 315 1985 Cam.
340 1957 371 1985 P.
395 1959 505 1987 Locum
520 1968 536 1986 a
560 1958 718 1987 Gerlachio
744 1969 805 1987 non
826 1958 913 1987 video
939 1961 1044 1985 enota-

93 2003 168 2028 tum.
195 2014 238 2020 -
270 1999 316 2035 17)
348 2000 471 2038 Quoque
496 2000 596 2029 addidi
621 2011 636 2029 e
659 2001 733 2031 Cod.
761 2016 804 2022 —
835 1997 880 2038 18)
910 1999 947 2027 Ut
968 1997 997 2026 h.
1023 1998 1043 2026 l.

94 2042 291 2080 interponunt
316 2041 393 2071 Cam.
420 2042 451 2071 P.
479 2043 638 2080 Sequentia
671 2043 714 2072 sic
746 2043 882 2080 leguntur
913 2041 943 2068 in
971 2039 1042 2068 Cod.

95 2094 221 2119 causor,
259 2085 463 2120 commisor,
497 2096 638 2122 grassor,
681 2094 850 2119 conversor,
891 2081 1042 2119 diver-§07⁴3

95 2127 164 2155 licet
187 2130 243 2155 cet.
267 2125 324 2153 Sed
341 2126 418 2154 Cam.
431 2125 563 2156 exhibet:
586 2138 723 2163 accusor,
746 2135 930 2161 comme-mor,
950 2134 1043 2162 gras-

94 2180 160 2206 sor,
195 2178 366 2203 conversor,
394 2167 553 2204 discissor,
584 2170 718 2197 diversor
753 2169 829 2195 licet.
858 2166 891 2194 In
925 2167 957 2196 P.
983 2166 1044 2195 sic:

95 2221 238 2247 caasser,
262 2211 451 2247 commissor,
470 2222 614 2249 grassor,
644 2221 760 2247 versor,
783 2209 933 2246 diversor,
955 2219 1044 2237 aver-

95 2264 162 2290 sor,
184 2252 345 2288 adversor,
376 2253 452 2282 lic-et.
485 2268 526 2275 —
556 2253 600 2293 19)
625 2254 680 2282 Vel
702 2263 721 2279 (ι
748 2257 846 2279 vertor
866 2252 928 2280 sola
950 2251 979 2282 P.
1004 2267 1044 2274 -

95 2294 143 2335 20)
168 2296 235 2332 Sto,
256 2301 335 2331 slas,
359 2295 458 2331 obsto,
482 2295 599 2331 obstas,
619 2300 759 2334 praesto,
782 2299 875 2328 resto,
899 2299 970 2321 nuto
985 2292 1043 2321 hoc

96 2338 203 2367 ordine
224 2338 286 2365 sola
303 2337 334 2367 P.
357 2352 399 2359 —-
420 2335 466 2375 21)
485 2337 569 2375 Vir-g.
585 2337 655 2366 IIII.
670 2335 819 2365 Aeneidos
836 2336 911 2364 libro
932 2336 1042 2366 Codex.

101 2380 213 2419 Virgil.
236 2380 290 2409 IV.
315 2379 366 2407 lib.
389 2378 514 2407 Aeneas.
541 2380 618 2408 Cam.
642 2380 674 2408 P.
707 2379 760 2408 Est
779 2389 881 2408 versus
903 2379 975 2412 398.
997 2395 1040 2402 -

138 2431 301 2460 ΟηΛΜΜΛτ.
323 2440 391 2460 LAT.
416 2429 436 2460 Ι.

1087 1533 1136 1571 22)
1159 1532 1240 1572 Virg.
1260 1533 1330 1565 Aen,
1353 1532 1423 1570 XlI,
1447 1534 1497 1564 41.
1523 1549 1559 1554 -—-
1584 1533 1632 1571 23)
1655 1533 1770 1566 Terent.
1786 1534 1903 1565 Phorm.
1926 1536 1984 1575 111,
2009 1540 2037 1574 1,

1090 1577 1138 1607 13.
1160 1576 1212 1605 ubi
1233 1577 1330 1606 Bentl.
1351 1586 1366 1604 e
1384 1575 1454 1603 Cod.
1471 1575 1570 1604 Bemb.
1593 1577 1727 1615 reposuit
1744 1588 1839 1606 senem
1860 1589 1915 1618 pro
1931 1590 1960 1609 v.
1974 1590 2039 1618 pa-

1088 1623 1170 1647 trem.
1193 1635 1236 1641 —
1262 1618 1308 1660 24)
1333 1618 1403 1646 Cod.
1427 1617 1544 1645 asculto
1566 1617 1585 1647 i.
1610 1628 1633 1646 e.
1662 1621 1823 1657 ausculto,
1854 1621 1935 1659 quod
1963 1622 2040 1651 dedi.

1087 1662 1217 1697 Exulto,
1241 1672 1294 1697 as,
1314 1660 1395 1688 culto
1419 1659 1494 1687 male
1511 1659 1589 1688 Cam.
1609 1661 1640 1689 P.
1663 1677 1706 1683 —
1726 1663 1776 1699 25)
1799 1664 1872 1693 stat.
1895 1663 1986 1692 Theb.
2001 1664 2038 1698 Π,

1089 1706 1159 1736 389.
1178 1713 1238 1741 seq.
1260 1718 1301 1725 —
1328 1704 1373 1734 26)
1396 1701 1628 1740 Aletamorplzos.
1654 1703 1706 1733 lib.
1733 1704 1787 1732 IV.
1816 1705 1847 1732 P.
1870 1706 2040 1733 Metamor-

1083 1747 1217 1784 plwseou
1240 1744 1316 1772 libro
1348 1743 1419 1773 IIII.
1450 1744 1529 1772 Cam.
1560 1745 1837 1783 stletamorplioseon
1866 1747 1919 1776 lib.
1948 1749 2039 1777 XIII.

1087 1792 1168 1816 recte
1193 1786 1264 1816 Cod.
1286 1786 1339 1814 Est
1358 1785 1408 1815 lib.
1428 1785 1517 1822 XIII,
1540 1796 1570 1815 v.
1592 1789 1661 1818 106.
1683 1804 1726 1809 —
1753 1788 1802 1826 27)
1820 1789 1947 1817 Prodit
1969 1801 2039 1819 ma-

1087 1831 1199 1866 nisesta
1211 1829 1264 1856 vit
1275 1839 1331 1866 que
1352 1828 1381 1856 P.
1391 1827 1515 1866 prodet
1540 1829 1840 1869 manifestabitque,
1865 1832 1936 1862 cod.
1959 1834 2036 1863 Cam.

1087 1876 1121 1899 ut
1143 1875 1186 1899 est
1204 1872 1282 1909 apud
1304 1869 1391 1898 Ovid.
1413 1870 1445 1898 ln
1472 1870 1544 1899 Cod.
1563 1870 1682 1909 prodit
1703 1882 1757 1903 ser.
1773 1884 1813 1902 m.
1836 1889 1877 1896 —-
1899 1877 1943 1908 28)
1962 1877 2037 1904 Lu-

1087 1924 1155 1944 can.
1172 1912 1224 1941 lib.
1246 1911 1302 1943 IX.
1329 1912 1513 1941 Continuus
1534 1929 1576 1935 -
1602 1925 1750 1945 amnem.
1775 1916 1856 1946 Cam.
1876 1916 1908 1945 P.
1928 1917 2035 1948 Lucan.

1085 1955 1136 1984 lib.
1154 1955 1216 1984 1111.
1240 1956 1411 1983 continuos
1429 1971 1470 1976 —
1486 1965 1629 1984 amnem
1652 1967 1667 1985 a
1684 1968 1729 1996 pr.
1750 1967 1787 1988 m.
1803 1958 1874 1989 cod.
1892 1959 1943 1987 sed
1959 1971 2036 1990 corr.

1086 1997 1121 2025 ab
1149 1997 1269 2036 antiqua
1289 2007 1378 2025 manu
1400 1998 1548 2027 animum.
1590 1999 1642 2027 Est
1666 1999 1751 2028 locus
1772 2000 1881 2031 Lucan.
1899 2001 1948 2039 IV,
1965 2005 2035 2035 368.

1086 2039 1136 2077 qui
1156 2039 1198 2067 ita
1219 2050 1251 2068 se
1274 2038 1376 2068 habet:
1402 2038 1572 2069 Continuus
1593 2042 1701 2069 multis
1720 2042 1893 2071 subitarum
1913 2050 2033 2073 trac-tus

1086 2092 1238 2120 aquarum
1260 2082 1342 2111 Aera
1368 2092 1427 2110 non
1442 2093 1558 2121 passus
1573 2085 1677 2112 vacuis
1689 2084 1856 2114 discurrere
1870 2088 1953 2114 venis
1966 2088 2036 2116 Ar·-

1085 2126 1163 2152 tavit
1183 2125 1350 2163 clausitque
1375 2126 1536 2155 animam.
1563 2126 1698 2156 Ceterum
1723 2128 1830 2156 retinui
1852 2131 2033 2167 continuos,

1088 2166 1168 2205 quod
1183 2167 1307 2195 sortasse
1324 2167 1489 2196 masculino
1506 2173 1534 2197 et
1553 2169 1738 2198 nominativo
1757 2181 1818 2198 non
1840 2171 1938 2200 minus
1960 2172 2034 2201 beno

1087 2209 1248 2247 aliquando
1271 2209 1441 2246 dicebatur,
1465 2221 1552 2249 quam
1576 2216 1681 2240 neutro
1707 2214 1911 2250 continuom,
1935 2219 1963 2243 et
1985 2225 2032 2242 ae-

1087 2252 1230 2282 cusativo.
1252 2267 1295 2273 —
1328 2250 1374 2291 29)
1396 2252 1543 2282 Animas
1565 2254 1631 2282 dedi
1654 2265 1669 2283 e
1687 2254 1758 2284 cod.
1781 2255 1875 2294 Vulgo
1898 2261 1929 2284 ut
1952 2256 2031 2295 apud

1086 2293 1200 2322 Terent.
1231 2296 1373 2325 animos,
1401 2296 1534 2324 Lactas
1566 2296 1717 2325 Bentleius
1755 2298 1835 2336 apud
1862 2298 2030 2326 Terentium

1085 2336 1173 2365 scribi
1196 2336 1297 2373 iussit,
1322 2347 1413 2376 quum
1434 2338 1476 2366 ibi
1494 2338 1583 2377 vulgo
1604 2339 1750 2376 legeretur
1771 2340 1832 2367 lact
1841 2350 1911 2369 (cns.
1934 2341 2028 2367 Locus

1081 2383 1126 2408 est
1147 2379 1213 2409 Ter.
1237 2379 1312 2409 And.
1341 2380 1377 2419 V,
1398 2380 1424 2418 4,
1440 2383 1469 2414 9,
1493 2397 1534 2404 —
1555 2379 1603 2420 30)
1621 2382 1737 2411 Terent.
1757 2381 1848 2411 Andr.
1862 2381 1910 2417 IV,
1935 2384 1961 2417 1,
1977 2383 2024 2412 24.

1533 2424 1596 2457 Bb
