2263 2668
261 158 335 192 320
906 150 1232 185 PRAEFATIO
1275 150 1555 185 EDITORIS.

262 249 476 291 cemibus.
541 245 603 287 Cs.
635 244 778 285 Ebert.
811 242 1019 284 Biblioth.
1055 242 1243 301 Guelph.
1276 242 1415 286 Codd.
1446 241 1576 284 MSS.
1606 256 1703 300 pag.
1739 247 1835 287 129.
1875 259 1944 286 no,
1972 247 2069 290 665.
2103 250 2202 292 666.

260 337 359 378 667.
389 336 486 375 668.
552 327 746 370 Gothani
778 325 954 369 Codicis
986 328 1216 379 lectiones,
1263 328 1339 382 qui
1369 326 1534 384 pariter
1567 334 1631 366 est
1662 326 1944 379 chartaceus,
1990 329 2201 371 debemus

261 413 504 458 industriae
535 411 759 462 Diibneri‚
800 410 897 451 Viri
929 408 1190 462 Clarissimi,
1232 411 1308 467 qui
1338 410 1470 451 etiam
1501 411 1620 450 hunc
1653 410 1856 451 codicem
1886 411 1933 451 in
1962 426 2092 453 usum
2122 428 2202 455 no-

261 509 399 541 strum
441 496 624 538 contulit
664 495 1013 551 diligentissime,
1070 495 1235 550 quique
1273 494 1358 534 hac
1397 507 1479 534 sua
1512 492 1735 549 diligentia
1767 495 1928 551 optime
1957 495 2118 536 meruit
2148 497 2201 537 de

265 580 573 624 Grammaticis
614 579 785 621 nostris.
857 577 1010 621 Codex
1047 578 1221 635 ignorat
1253 578 1340 618 duo
1372 577 1522 635 priora
1554 586 1793 634 segmenta,
1847 577 2024 619 tertium
2056 587 2201 620 autem

260 666 383 708 haud
413 665 570 721 procul
604 664 659 704 ab
699 663 821 703 initio
858 662 1014 719 incipit
1053 663 1108 703 ab
1148 662 1216 703 his
1254 660 1418 701 verbis:
1479 660 1881 709 declinationis,
1935 669 1989 702 ut
2027 661 2199 703 Antas

263 757 418 791 antae
449 756 529 788 cet.
592 746 814 788 Libellum
847 746 895 786 cle
921 749 1199 800 aspiratione,
1232 759 1363 800 quem
1386 744 1554 801 primus
1583 744 1780 786 ediderat
1805 744 2066 786 Parrhasius
2095 759 2200 787 cnm

261 834 396 875 Probi
429 830 739 873 Grammaticis
770 829 1136 880 institutionibus,
1177 829 1388 869 exhibent
1418 836 1503 868 tres
1534 829 1672 868 nostri
1703 828 1874 869 codices
1906 842 2078 880 omnes,
2111 844 2197 883 quo

259 919 425 959 factum
460 924 543 966 est,
599 924 646 956 ut
682 913 806 955 haud
835 914 982 970 paullo
1014 912 1284 953 emendatior
1313 926 1432 952 nunc
1466 911 1642 962 edatur,
1692 925 1828 966 quam
1858 913 2045 953 habetur
2076 912 2198 968 apud

259 999 529 1042 Putschium.
593 998 858 1054 Scripsimus
885 996 932 1036 in
966 995 1205 1053 Gymnasio
1239 995 1492 1036 Zittaviensi
1521 994 1628 1036 Non.
1655 994 1813 1036 Novbr.
1846 994 2146 1037 cIoIocccxxx.
