2263 2668
246 135 296 169 80
695 128 840 165 PROBI
866 127 1254 165 INSTITUTIONUM
1289 130 1725 167 GRAMMATICARUM

251 234 299 263 et:

473 277 521 310 Et
550 275 633 308 bene
660 273 759 317 apud
789 283 958 306 memores
984 275 1111 308 veteris
1136 279 1206 308 stat
1218 273 1238 308 ¹.

250 338 295 365 et·
476 378 592 421 Saepe
614 374 753 420 jugam
780 372 930 407 Danai2.

250 442 299 470 et:

473 479 520 512 Et
549 488 656 522 saepe
683 476 828 509 alterins
853 487 972 510 ramos
999 477 1138 523 impune
1162 478 1320 512 videmus

478 530 621 562 J'crtere
647 528 681 560 in
708 524 883 560 allerins³.

250 588 367 623 Media
393 594 472 617 vero
499 582 603 625 longa
630 584 687 612 est.
739 579 910 612 Adverbia
936 589 955 611 o
982 579 1089 612 littera
1116 580 1288 613 terminata
1315 591 1446 623 semper
1474 580 1610 625 longam
1637 579 1779 619 liabent.
1808 586 1858 613 ut:

476 631 677 677 Scipiades,
707 631 844 663 cladem
871 630 1024 674 Libyae,
1046 643 1231 677 parvoque
1252 636 1431 677 potentem

483 678 721 721 Fubricium⁴3

252 740 400 787 quamvis
434 743 466 771 et
499 746 620 768 nomen
654 745 723 766 esse
757 733 860 776 possit
887 732 1038 765 absolute
1064 735 1219 777 positum.
1276 734 1415 767 Caetera
1444 738 1570 770 autem.
1606 744 1691 776 quae
1726 735 1980 767 consonantibus
2017 734 2184 777 finiuntur,

252 791 411 828 adverbia
437 787 626 832 supradicto
654 784 763 829 gradu
790 785 907 817 breves
934 796 1066 828 semper
1092 786 1222 819 ultimas
1248 786 1388 829 syllabas
1416 785 1594 828 recipiunt.
1623 796 1765 827 quorum
1792 786 1857 818 iam
1885 786 2040 829 exempla
2066 798 2185 831 supra-

251 847 341 879 dicta
366 846 447 875 sunt.
501 837 754 882 Comparativus
785 835 908 880 gradus
935 836 967 867 in
994 837 1146 871 omnibus
1174 838 1354 879 adverbiis,
1391 837 1447 880 qui
1474 848 1605 881 semper
1631 837 1684 869 ius
1710 837 1822 870 litteris
1848 838 2039 871 terminatur
2067 844 2100 871 et
2126 849 2185 872 ex-

252 897 408 942 plicatur,
436 901 568 935 semper
594 888 686 921 brevi
711 887 839 931 syllaba
865 887 994 927 finitur,
1022 893 1074 921 ut:

474 941 618 975 Mallius
644 943 676 972 et
702 939 801 971 solito
827 935 1013 970 ⁷11a1'r11m5.

250 1000 455 1031 Postremum
483 993 569 1026 enim
595 991 757 1035 syllabam
784 990 816 1022 in
844 990 1005 1022 adverbiis
1033 986 1205 1022 omuibus⁶
1233 989 1424 1023 consonanti
1450 990 1558 1021 littera
1586 986 1748 1031 fi11ita1n⁷‚
1776 990 1913 1023 brevem
1941 1001 2010 1023 esse
2038 995 2183 1034 oportet.

250 1047 455 1082 paenultima
482 1055 617 1087 quoque
644 1042 773 1085 syllaba
800 1042 1015 1084 comparativi
1042 1043 1110 1074 sive
1137 1042 1327 1085 superlativi
1354 1040 1478 1086 gradus
1507 1040 1759 1079 adverbiorum,
1796 1047 1831 1074 ut
1865 1042 1897 1074 iu
1925 1041 2078 1075 omnibus
2104 1053 2185 1087 gra-

252 1096 385 1137 dimffi,
416 1098 523 1130 brevis
550 1105 681 1138 semper
707 1094 889 1130 invenitur.
918 1098 970 1125 ut:

475 1148 590 1191 Atque
616 1145 674 1178 ubi
701 1145 773 1177 iam
800 1144 1004 1189 breviorque
1032 1144 1108 1177 dies
1135 1148 1165 1177 el
1194 1145 1331 1177 mollior
1359 1140 1515 1180 aestas&

250 1209 297 1235 et:

474 1248 657 1282 lllaxz'mns
684 1247 854 1291 agricolis
875 1247 1081 1292 pelagoque
1103 1246 1295 1291 parabitur
1322 1241 1472 1278 {mbo-¹⁰.

250 1301 475 1348 Superlativus
502 1300 627 1345 gradus
657 1298 908 1338 adverbiorum,
943 1299 998 1342 qui
1026 1299 1183 1331 uniformi
1211 1298 1339 1341 syllaba
1365 1296 1573 1335 terminatur,
1610 1307 1628 1328 c
1654 1296 1797 1329 litteram
1822 1301 2025 1340 postremam
2053 1309 2184 1342 semper

251 1357 387 1400 longam
412 1353 547 1396 recipit3
574 1350 692 1383 eadem
721 1350 807 1382 enim
834 1350 963 1393 syllaba
989 1350 1021 1383 in
1048 1351 1179 1384 nomine
1206 1349 1395 1394 superlativi
1422 1348 1547 1393 gradus
1574 1348 1727 1381 vocativo
1754 1359 1831 1383 casu
1858 1349 1967 1382 brevis
1994 1353 2059 1392 est,
2087 1354 2139 1383 ut:

484 1403 624 1448 Optime
652 1401 900 1446 Graiugenum
909 1396 952 1441 ¹¹,-

253 1463 301 1491 et:

474 1505 636 1538 ,Maxime
668 1503 882 1536 Teucrorum
909 1503 1034 1536 ductor
1044 1500 1076 1534 ¹².

254 1561 346 1604 Ergo
374 1559 405 1590 in
437 1557 602 1590 adverbiis
629 1555 813 1588 necessario
840 1566 896 1588 me
918 1555 1045 1598 syllaba
1072 1555 1115 1587 ad
1143 1553 1375 1587 discretionem
1401 1554 1546 1598 partium
1571 1550 1787 1597 producetur.

415 1633 473 1666 11.

254 1692 381 1720 constat
407 1684 566 1728 spondiO,
592 1690 643 1716 ut:

481 1734 520 1766 Si
547 1745 629 1766 vcro
655 1735 849 1777 vieimnquc
874 1729 1011 1765 sev-63¹³.

525 1633 577 1665 De
604 1631 767 1665 adverbiis
793 1631 988 1676 promiscuis
1020 1631 1214 1675 plenissime
1242 1629 1479 1675 disputandum
1506 1636 1553 1663 est
1581 1641 1620 1664 ex
1647 1629 1842 1663 auctoritate
1870 1629 2029 1664 collectis.

2095 1629 2114 1662 Ῑ
2118 1629 2187 1662 'ero

2058 1730 2187 1777 [1424]

256 1788 343 1821 Sero
371 1785 565 1818 adverbium
593 1790 719 1817 constat
743 1784 903 1827 spondi03
930 1789 962 1817 at
989 1785 1014 1817 si
1041 1795 1161 1817 nomen
1188 1781 1305 1823 fuerit,
1333 1782 1494 1815 constabit
1520 1782 1650 1823 iambo,
1677 1788 1727 1815 ut:

478 1836 592 1868 Pasce
618 1846 695 1868 sero
719 1835 847 1879 pingui
856 1831 889 1869 ¹¹.

260 1888 390 1922 Tamen
417 1892 544 1920 constat
571 1886 786 1931 pyrrhichio,
812 1891 862 1917 ut:

479 1938 553 1971 Bos
579 1942 695 1971 tamen
723 1932 852 1970 haec¹⁵.

340 2067 369 2103 1)
392 2065 472 2101 Virg.
496 2063 566 2092 Aen.
588 2063 638 2100 IV,
655 2063 725 2095 539.
741 2078 783 2084 —
826 2062 856 2099 Ξ)
880 2060 960 2098 Virg.
978 2060 1047 2088 Aen.
1067 2060 1104 2097 ΙΙ,
1127 2063 1195 2093 108.

257 2125 297 2134 ..-
342 2109 372 2146 3)
402 2107 482 2144 Virg.
514 2107 617 2144 Georg.
650 2106 689 2141 ll,
715 2107 764 2137 32.
791 2121 830 2127 —
882 2105 909 2141 4)
941 2102 1020 2140 Virg.
1049 2103 1120 2133 Aen,
1147 2104 1194 2140 VI,

259 2153 331 2185 842,
359 2149 412 2178 ubi
448 2149 544 2177 editur
572 2146 748 2187 Scipiadas.
779 2163 820 2169 ——
858 2144 888 2186 5)
923 2145 1003 2181 Virg.
1030 2144 1100 2172 Aen.
1132 2146 1194 2181 VH,

256 2196 328 2226 357.
378 2192 412 2220 Iu
441 2191 510 2219 cml.
535 2191 679 2228 scriplum
702 2194 746 2218 est
768 2190 825 2218 sic:
856 2196 886 2217 ut
909 2186 1028 2216 mollius
1058 2194 1083 2214 et
1110 2186 1196 2216 solito

257 2248 296 2265 m.
328 2242 523 2274 postremam‚·
557 2243 617 2260 non
652 2232 818 2270 perscripto
847 2241 913 2260 voc.
945 2236 1086 2265 malrum,
1119 2229 1199 2266 quod

257 2277 383 2318 proinde
417 2276 498 2304 abest
538 2275 572 2303 ab
599 2275 665 2302 Asc.
694 2279 722 2302 et
761 2276 790 2302 P.
831 2290 867 2294 —
924 2270 957 2310 6)
995 2269 1030 2299 In
1066 2270 1199 2299 omnibus

258 2318 403 2349 adverbiis
426 2319 490 2346 Asc.
514 2318 543 2347 P.
571 2333 612 2338 —
655 2316 685 2353 7)
708 2316 838 2345 Finitam
862 2315 933 2343 Cod.
960 2314 1025 2342 Asc.
1053 2313 1147 2351 finitis
1170 2314 1199 2341 P.

258 2379 300 2384 ——
351 2361 388 2399 8)
414 2361 503 2397 Lege:
534 2366 564 2388 ut
598 2359 629 2387 in
661 2357 843 2395 nominihus,
880 2357 944 2385 vel:
975 2363 1005 2384 ut
1042 2355 1071 2383 in
1102 2355 1199 2383 nomi-

259 2415 328 2433 num
365 2401 515 2444 gradibus.
574 2401 644 2431 Tale
680 2400 752 2439 quid
786 2400 916 2440 postulat
949 2398 1100 2427 sententia.
1151 2397 1199 2425 Sic

1238 2060 1338 2100 paullo
1359 2059 1451 2088 infra:
1483 2060 1512 2087 in
1535 2060 1649 2088 nomine
1667 2057 1835 2099 superlativi
1857 2057 1976 2099 gradus.
2023 2060 2097 2088 Nam
2114 2070 2187 2099 quae

1239 2107 1404 2141 sequuntur
1437 2102 1590 2140 exempla,
1614 2112 1675 2129 non
1697 2102 1924 2140 adverbiorum,
1948 2102 2000 2131 sed
2021 2102 2186 2131 nominum.

1239 2162 1281 2167 —
1295 2146 1325 2184 9)
1349 2145 1428 2182 Virg.
1449 2145 1553 2181 Georg.
1575 2144 1595 2180 Ι,
1612 2146 1682 2176 312.
1697 2161 1737 2166 —
1782 2145 1828 2182 10)
1848 2145 1927 2182 Virg.
1950 2146 2056 2183 Georg.
2073 2145 2094 2182 Ι,
2115 2146 2187 2177 429.

1240 2203 1280 2210 —
1304 2187 1349 2225 11)
1376 2187 1455 2224 Virg.
1479 2187 1548 2215 Aen.
1573 2186 1648 2223 vlu,
1670 2189 1737 2218 127.
1760 2203 1801 2208 —
1846 2185 1891 2226 12)
1916 2187 1995 2226 Virg.
2017 2188 2088 2216 Aen.
2110 2187 2186 2223 Vllf,

1241 2231 1312 2261 470.
1355 2230 1479 2258 Doctor
1501 2228 1589 2257 habet
1606 2229 1669 2257 Asc.
1692 2244 1732 2251 —
1778 2228 1824 2269 13)
1848 2231 1926 2269 Virg.
1948 2231 2051 2267 Georg.
2073 2229 2095 2266 Ι,
2114 2232 2188 2262 227.

1241 2272 1343 2300 Paullo
1362 2277 1430 2310 post
1452 2272 1483 2299 in
1501 2271 1590 2301 Cod.:
1612 2278 1648 2300 ut
1670 2271 1695 2300 si
1710 2282 1821 2301 nomen.
1840 2289 1877 2294 —
1924 2274 1967 2310 14)
1983 2272 2062 2310 Virg.
2079 2272 2185 2309 Georg.

1240 2314 1289 2350 ΙΙΙ,
1308 2315 1379 2345 406.
1394 2330 1435 2335 —-—
1479 2313 1525 2350 15)
1549 2313 1628 2351 virg.
1642 2314 1704 2343 Ecl.
1724 2314 1758 2351 V,
1774 2316 1824 2346 50.
1840 2331 1881 2336 -—
1926 2313 1971 2354 16)
1988 2315 2068 2352 Virg.
2080 2314 2185 2352 Georg.

1241 2356 1268 2392 l,
1288 2356 1336 2387 55.
1362 2372 1399 2377 -
1446 2355 1489 2394 17)
1514 2355 1592 2392 Virg.
1616 2356 1687 2384 Aen.
1712 2356 1746 2392 V,
1770 2360 1797 2388 1.
1820 2373 1862 2378 --
1903 2356 1947 2397 13)
1972 2357 2051 2395 Virg.
2080 2357 2186 2393 Georg.

1241 2398 1278 2435 11,
1289 2399 1338 2429 83.
1374 2398 1493 2437 Legitur
1508 2397 1538 2425 in
1562 2397 1647 2427 Cod.:
1661 2410 1752 2439 genus
1769 2406 1820 2428 aut
1835 2411 1932 2428 unum.
1962 2399 2029 2428 Asc.
2048 2399 2079 2428 P.
2095 2397 2186 2428 baud.
