2263 2668
496 153 560 187 DE
586 149 973 187 SIGNIFICATIONE
999 150 1281 186 VERBORUM.
1341 149 1485 184 LIBER
1511 148 1617 182 XVII.
1952 151 2026 186 705

83 247 120 276 Et
142 246 236 275 Varro
259 245 295 274 de
316 246 377 275 vita
400 256 470 286 pop.
496 247 548 275 Ro.
571 246 648 274 libro
663 246 700 274 ΙΙ.
724 244 815 283 (apud
839 244 913 272 Non.
935 254 1000 282 pag.
1014 245 1113 281 523,):
1138 244 1301 273 Honestam
1325 254 1443 272 causam
1464 241 1683 282 gloriosamque
1701 241 1885 283 patefecerit,
1909 255 1972 274 cum
1996 247 2027 274 in

83 290 215 329 quintum
235 288 361 327 gradum
381 296 568 328 peruenerant
590 296 676 328 atque
698 286 842 315 habebant
857 285 914 315 IX.
932 297 1039 322 annos,
1065 295 1123 315 rum
1147 286 1269 327 denique
1291 293 1371 315 erant
1389 297 1407 314 a
1422 284 1551 325 publicis
1572 285 1694 323 negotiis
1716 284 1801 314 liberi
1822 293 1909 326 atque
1931 288 2026 324 otiosi,

83 330 149 360 ideo
171 333 200 359 in
221 331 405 370 proverbium
428 331 549 371 quidam
570 338 676 368 putant
699 330 820 365 venisse,
851 335 882 356 ut
905 327 1047 357 diceretur
1068 330 1279 368 seoeagenarios
1301 328 1336 357 de
1354 336 1441 367 ponte
1464 327 1551 356 deiicz'
1573 334 1715 365 oportere,
1741 326 1773 356 id
1796 335 1836 356 est
1858 327 1938 368 quod
1959 329 2028 370 suf-

81 373 215 414 fragium
239 385 296 402 non
315 373 433 414 ferant,
467 372 547 413 quod
566 384 618 411 per
637 379 753 411 pontem
773 370 922 412 ferebant.
964 371 1035 399 Vide
1061 372 1184 400 Victorii
1210 372 1290 400 Varr.
1315 372 1381 400 lect.
1406 371 1456 399 lib.
1470 369 1578 398 XVIII.
1602 379 1665 408 cap.
1678 373 1708 401 7.
1738 370 1826 401 Dae.
1872 371 1945 400 Vide
1967 372 2028 400 No-

84 415 165 443 nium
188 416 217 444 in
242 414 457 455 Sexagenarios
479 415 546 443 XII.
570 426 597 444 n.
619 418 668 446 22.
695 416 777 454 (pag.
791 415 861 444 523.
887 413 1000 450 Mero).
1035 412 1138 444 Goth.
1187 414 1275 450 Quoi
1305 414 1343 442 ad
1373 420 1477 451 pontes
1507 412 1627 446 attinet,
1665 417 1770 451 pontes
1801 423 1918 441 mensae
1942 419 2028 443 erant

84 459 305 495 angustissimae
329 458 455 496 pedibus
478 458 650 493 altioribus,
688 456 818 493 singulae
840 455 962 493 singulis
987 456 1122 484 tribubus
1145 457 1316 491 attributae,
1351 456 1380 483 in
1404 455 1523 484 comitio
1546 454 1592 482 vel
1615 454 1679 482 foro
1702 455 1740 484 ad
1763 460 1879 493 tempus
1901 456 2028 494 positae,

85 501 195 538 quibus
217 500 425 537 suffragiorum
449 501 538 528 cistae
560 499 800 537 imponebantur.
841 499 880 525 l)e
904 498 1008 536 quibus
1032 499 1100 526 vide
1122 500 1291 527 Ciceronem
1309 498 1358 529 Ill.
1382 500 1417 526 de
1444 499 1527 535 Legg.
1550 498 1587 532 (c.
1600 496 1698 531 XVII,
1722 499 1793 532 39.).
1826 497 1976 527 Plutarch.
1998 499 2030 527 in

84 542 178 571 Mario
202 542 279 582 (pag.
293 544 365 574 407.
389 542 541 581 Wechel.)
567 541 675 571 Idem.
714 541 786 570 Vide
811 542 930 579 Dionys.
953 541 1004 570 lib.
1019 542 1037 570 I.
1062 542 1161 576 (c.38.
1176 541 1224 569 fin.
1249 551 1311 578 pag.
1325 543 1395 575 30).
1421 539 1530 569 Idem·
1567 539 1611 567 Cf·
1632 538 1655 568 Ῑ.
1682 538 1728 570 Fr.
1754 538 1893 578 'Vagneri
1915 541 2030 570 disser-

85 585 173 614 tatio:
203 586 365 620 Quaeritur
388 585 459 622 quid
483 585 533 613 sit:
563 585 792 622 Sexagenarium
815 583 851 611 de
873 588 979 622 ponte,
1010 584 1087 611 edita
1112 584 1295 621 Lunaeburgi
1323 586 1411 614 1831.

251 627 379 656 Sexus.
427 627 456 654 ln
486 627 580 655 veleri
608 627 684 655 libro
714 631 758 655 est
780 637 860 654 secus
882 627 982 661 initio,
1019 631 1115 654 tamen
1140 627 1167 653 in
1192 627 1335 664 exemplis
1358 636 1455 654 sexus.
1500 623 1612 652 Charis.
1636 623 1686 652 lib.
1702 623 1723 652 I.
1748 622 1890 662 (pagfil.
1915 624 1961 653 ed.
1986 626 2029 665 P.)

85 669 204 698 scribit:
242 670 331 698 Secus
354 670 447 697 neutri
467 670 577 707 generis
600 680 720 705 nometi,
757 667 833 696 unde
854 675 879 696 et
904 667 1063 697 Sallustius
1086 668 1196 697 virile
1218 680 1320 697 secus
1344 666 1441 702 dia-it,
1478 666 1534 695 hoc
1555 674 1595 694 est
1618 664 1713 694 virilis
1735 677 1838 702 sexus,
1879 665 1959 706 quod
1980 679 2031 705 per·

85 723 183 740 omnes
206 723 291 741 casus
313 713 423 750 integra
437 710 546 753 forma
569 710 741 740 declinatur.
774 709 822 739 Fit
844 722 924 739 secus
946 719 971 739 et
994 710 1177 747 adverbium,
1202 709 1280 750 quod
1303 710 1449 748 significat
1473 708 1596 737 aliter.
1620 707 1706 736 Ant.
1723 708 1820 747 Aug.
1858 709 2031 747 Corruptis-

86 755 176 783 simus
198 755 291 783 locus.
339 755 428 791 Lege:
462 753 576 790 Sexus,
602 753 687 782 aliter
709 764 797 788 sexu,
822 760 927 781 natura
949 752 1121 792 habitusque
1142 765 1180 782 ex
1207 752 1319 782 Graeco
1343 758 1398 781 etc.
1444 750 1592 793 Afranius
1614 751 1644 779 in
1668 749 1825 789 Priuigno:

664 796 716 824 Sic
738 797 797 824 ait:

669 837 764 866 Orbus
785 837 868 866 virile
889 849 962 867 sexu
983 836 1135 876 adoptavit
1158 837 1223 866 sihi.
2028 872 2030 874 Ι

86 879 208 910 Sallust.
228 879 343 909 Hismr.
369 879 419 910 lib.
434 879 493 910 ῙῙ..·
516 881 561 910 Al
586 879 723 909 Metellus
746 882 775 909 irz
799 879 961 909 ulteriorem
984 879 1162 919 Hispaniam
1185 887 1251 918 pos!
1273 891 1379 908 annum
1404 890 1554 918 regressus.
1596 877 1710 916 Magna
1733 876 1829 915 glorio
1853 888 2032 907 concurren-

86 924 167 951 tium.
217 922 351 962 Undique
381 922 464 951 virile
494 930 519 951 el
548 922 686 951 muliebre
714 934 787 951 sexu
813 934 864 961 per
891 924 954 951 vias
975 930 1001 950 et
1023 930 1098 951 recia
1122 924 1249 951 omnium
1274 922 1427 950 visebatur.
1473 920 1595 949 Sisenna
1620 919 1699 949 Hist.
1723 919 1773 948 lib.
1790 918 1864 949 IV.:
1904 919 1978 948 Tum
2002 921 2032 949 in

85 976 168 993 muro
191 964 274 994 virile
295 976 332 993 ac
353 964 491 994 muliebre
512 976 602 1001 sexu,
633 964 738 1004 populi
760 964 946 994 multitudine
968 966 1048 993 omni
1069 964 1201 994 collecta.
1247 966 1329 1000 Quae
1354 964 1452 992 omnia
1477 968 1618 1001 corrupte
1640 963 1781 1000 leguntur
1804 961 1882 1000 apud
1908 962 2033 990 Nonium

85 1004 164 1046 (pag.
178 1010 250 1040 222.
275 1007 389 1048 Merc.).
420 1008 452 1035 ln
476 1009 568 1036 veteri
591 1009 738 1046 scriptura
763 1007 810 1035 hic
834 1008 986 1046 legebatur
1008 1007 1111 1043 Secus,
1137 1008 1215 1045 quod
1240 1009 1326 1036 etiam
1351 1011 1529 1045 usurparant
1552 1011 1676 1034 veteres.
1711 1004 1766 1032 Sed
1790 1014 1850 1032 non
1873 1009 2032 1043 propterea

84 1049 134 1078 hic
156 1051 195 1078 ita
219 1050 387 1088 legendum.
434 1051 581 1079 Ausonius
605 1050 725 1090 (Eidyll.
745 1050 823 1085 70.):

666 1091 755 1128 Iuno,
781 1091 862 1122 Ceres
885 1104 921 1122 ac
947 1092 1050 1128 Vesta,
1074 1104 1153 1121 secus
1175 1090 1312 1120 muliebre
1335 1101 1455 1121 sororeS.

86 1135 174 1163 Item:

664 1177 746 1206 Nota
773 1176 940 1207 Caledoniis
964 1176 1084 1206 naribus
1107 1175 1226 1206 muliere
1247 1187 1326 1205 secus

665 1220 760 1250 Strisc.

87 1261 171 1290 Sem
194 1272 262 1300 ergo
286 1263 402 1298 neutri,
425 1273 514 1291 sexus
538 1262 701 1291 masculini.
746 1263 794 1290 Sic
817 1272 907 1299 genus
931 1267 960 1290 et
982 1272 1074 1300 genu,
1099 1262 1182 1299 gelus
1206 1267 1234 1290 et
1257 1261 1338 1298 gelu,
1365 1271 1471 1289 cornus
1496 1265 1524 1288 et
1547 1269 1648 1288 cornu.
1694 1257 1790 1286 Scal.

252 1303 546 1343 Simpludearia.
594 1305 684 1332 Notae
711 1305 740 1331 Ι).
765 1306 797 1332 T.
821 1304 986 1342 significant
1010 1305 1178 1335 Dumaxat,
1222 1304 1316 1332 Infra:
1347 1301 1564 1341 Simpluclearia
1582 1302 1690 1341 funera
1712 1307 1793 1335 sunt,
1818 1299 1922 1340 quibus
1945 1297 2036 1327 adhi-

88 1346 188 1375 bentur
209 1347 248 1377 D.
276 1348 310 1376 T.
336 1345 413 1382 ludi,
449 1346 476 1375 h.
496 1357 518 1374 e.
540 1347 695 1375 duntaxat.
728 1346 825 1375 Scal.
873 1348 912 1375 De
937 1346 981 1375 his
1005 1357 1064 1375 non
1088 1346 1161 1374 nihil
1185 1347 1334 1384 attigimus
1358 1347 1388 1373 in
1413 1345 1587 1373 Ausonianis
1611 1342 1798 1372 lectionibus.
1845 1342 1928 1369 Dicta
1953 1341 2036 1379 quasi

85 1388 332 1428 simpliludiaria‚
373 1389 440 1426 quia
469 1389 567 1428 simpli
597 1389 660 1417 ludi
690 1388 916 1425 adhiberentur,
953 1389 1012 1417 hoc
1036 1394 1077 1417 est
1099 1390 1252 1417 saltatores
1276 1389 1322 1417 vel
1347 1393 1550 1423 cernuatores,
1588 1387 1623 1414 de
1647 1385 1753 1424 quibus
1777 1394 1866 1422 supra
1891 1383 2036 1412 diximus:

87 1441 161 1469 quos
185 1439 366 1460 cernuatores
389 1431 439 1459 hic
463 1431 582 1460 Verrius
606 1432 652 1460 vel
677 1432 779 1460 Festus
802 1438 889 1460 vocat
913 1432 1101 1468 Corbitores,
1138 1442 1219 1460 more
1243 1430 1391 1460 scribendi
1415 1430 1576 1468 antiquitus
1599 1427 1744 1466 imperitis
1768 1426 1895 1455 librariis
1917 1425 2036 1462 usitato,

86 1474 137 1512 qui
160 1474 179 1501 b
203 1484 271 1502 cum
294 1484 312 1501 v
336 1479 364 1502 et
389 1479 488 1502 contra
514 1475 745 1502 commutabant.
789 1472 951 1503 Corviiores
974 1475 1051 1503 enim
1075 1475 1135 1502 sine
1159 1475 1250 1502 dubio
1276 1473 1434 1502 dicendum
1459 1477 1529 1501 erat.
1575 1471 1634 1507 Qui
1659 1470 1734 1498 enim
1760 1473 1858 1506 gestus
1883 1469 2037 1496 Cernuan-

86 1516 176 1552 tium,
198 1521 230 1544 ut
255 1516 341 1544 modo
366 1527 499 1552 sursum,
524 1517 612 1544 modo
636 1518 775 1545 deorsum
800 1521 948 1554 spectent,
978 1517 1002 1545 is
1026 1521 1053 1544 et
1076 1527 1227 1545 corvorum
1253 1522 1311 1549 est,
1335 1522 1364 1545 et
1387 1516 1539 1544 cornicum
1562 1525 1596 1542 ac
1620 1512 1863 1548 monedularum‚
1889 1521 1964 1548 quae
1986 1510 2038 1538 ubi

86 1559 212 1597 pedibus
237 1559 364 1597 aliquem
388 1560 488 1586 locum
511 1560 666 1594 insistunt,
698 1559 785 1587 modo
810 1556 1006 1595 ἆνανευόυσι,
1037 1559 1125 1586 modo
1149 1556 1327 1589 ἐπινεύουσι.
1374 1558 1450 1586 Hinc
1473 1555 1685 1595 elegantissime
1715 1555 1750 1583 de
1777 1553 1948 1583 mulieribus
1972 1553 2037 1581 cibo

87 1612 117 1630 se
139 1601 389 1640 ingurgitantibus
414 1601 448 1629 ad
475 1611 605 1630 mensam
631 1602 753 1629 Plautus
777 1601 880 1629 Casina
905 1601 981 1629 dixit
1005 1599 1073 1640 (IV,
1099 1604 1133 1636 1,
1157 1600 1236 1640 20):

731 1643 793 1683 Ego
817 1644 884 1672 novi
906 1642 977 1671 illas
998 1644 1128 1679 esitio-es,
1152 1644 1313 1679 comitant,
1340 1641 1390 1671 ubi

735 1685 862 1715 Comisse
881 1693 1012 1725 possunt.

88 1729 276 1766 Quamquam
299 1728 362 1756 scio
385 1728 555 1756 Turnebum
580 1732 723 1763 mutasse,
750 1728 799 1756 sed
825 1728 942 1756 frustra.
988 1728 1046 1756 Has
1071 1732 1153 1756 notas
1178 1728 1210 1756 D.
1234 1728 1266 1755 T.
1290 1725 1442 1755 duntaxat
1465 1724 1626 1764 significare
1649 1734 1740 1762 supra
1764 1724 1795 1752 in
1818 1722 1962 1752 Senacula
1987 1722 2039 1750 ad-

87 1772 263 1800 monuimus.
304 1772 429 1799 Caussae
452 1771 542 1808 igitur
564 1781 620 1798 non
646 1775 703 1807 est,
731 1781 784 1799 cur
807 1770 903 1799 doctis
927 1770 997 1798 viris
1021 1770 1070 1798 hic
1093 1770 1128 1798 de
1153 1770 1259 1798 mendo
1283 1773 1439 1807 suspectus
1462 1769 1543 1796 locus
1568 1777 1630 1796 esse
1653 1767 1767 1796 debeat.
1813 1764 2038 1804 Simpludeariis

87 1824 158 1852 ergo
181 1814 279 1852 simpli
306 1814 389 1841 Ludii
414 1814 561 1842 duntaxat
590 1812 820 1849 adhibebantur,
858 1814 907 1851 qui
932 1817 960 1840 et
986 1811 1167 1847 Corviiores,
1204 1822 1255 1841 seu
1278 1812 1396 1847 cernui,
1433 1816 1465 1839 ut
1489 1815 1531 1838 est
1554 1810 1633 1848 apud
1655 1809 1792 1838 Servium
1817 1805 1896 1847 (pag.
1911 1808 1981 1838 639.
2006 1807 2038 1834 B.

88 1858 134 1887 ed.
160 1858 258 1892 Dan).
289 1856 437 1885 dicuntur.
483 1856 637 1884 Indictivis
668 1861 697 1884 et
725 1856 800 1884 ludii
825 1860 854 1883 et
876 1855 1042 1883 desultores
1065 1866 1098 1882 ac
1122 1855 1208 1883 etiam
1231 1855 1372 1883 ludorum
1396 1854 1540 1891 quaedam
1564 1862 1681 1890 genera.
1727 1851 1831 1879 Cicero
1855 1850 1891 1878 de
1914 1848 2038 1884 Legibus

87 1899 138 1928 lib.
152 1900 193 1935 ll,
217 1902 280 1935 (24,
305 1901 382 1935 61.):
407 1897 505 1926 Funus
530 1905 558 1926 ui
580 1896 731 1926 indicatur
754 1896 852 1937 siquid
874 1896 1008 1926 ludorum
1033 1895 1223 1937 dominusque
1234 1897 1355 1937 funeris
1376 1903 1475 1924 utatur
1497 1906 1619 1924 accenso
1641 1902 1728 1933 atque
1750 1891 1910 1922 lictoribus.
1935 1889 2036 1920 Scal.

88 1942 293 1981 opponuntur
313 1941 479 1976 indictivis,
511 1941 541 1968 in
565 1940 672 1978 quibus
697 1946 723 1969 et
747 1940 819 1968 ludii
843 1946 870 1968 et
893 1940 1058 1968 desultores
1081 1950 1114 1967 ac
1138 1941 1226 1968 etiam
1249 1939 1389 1968 ludorum
1413 1937 1557 1977 quaedam
1586 1947 1701 1974 genera.
1747 1936 1785 1964 At
1806 1937 1837 1963 iu
1860 1933 2039 1972 simpludia-

87 1985 139 2014 riis
169 1985 268 2023 simpli
299 1984 382 2012 ludii.
428 1984 512 2011 Unde
542 1993 664 2019 nomen3
702 1983 781 2011 dicta
812 1983 886 2010 enim
917 1983 998 2020 quasi
1028 1981 1268 2021 simpliludiaria.
1314 1981 1420 2020 Simpli
1446 1981 1520 2009 ludii
1544 1984 1657 2016 autem,
1693 1977 1724 2006 id
1747 1982 1790 2006 est
1813 1977 1966 2004 saltatores
1989 1975 2038 2004 vel

89 2032 290 2056 cernuatores.
334 2026 391 2054 Sed
415 2026 522 2054 mirum
547 2030 604 2059 est,
637 2026 666 2053 ni
689 2025 737 2054 hic
761 2026 873 2054 fallitur
897 2025 944 2053 vir
966 2025 1171 2060 doctissimus,
1207 2035 1241 2053 ac
1264 2025 1292 2053 ni
1317 2025 1416 2063 potius
1440 2022 1598 2052 corbiton-es
1620 2033 1635 2050 a
1660 2020 1781 2050 corbitis
1804 2019 1876 2047 dicti
1898 2018 1941 2046 illi
1964 2028 2036 2056 pro—

87 2070 152 2109 prie
175 2070 304 2104 suerint,
343 2069 393 2107 qui
423 2078 476 2106 per
505 2068 703 2104 corbitanum,
741 2068 798 2096 hoc
828 2073 871 2096 est
894 2067 1079 2105 navigiorum
1107 2067 1200 2095 malos
1224 2067 1367 2106 repebant
1389 2066 1424 2094 ad
1448 2066 1514 2094 vela
1537 2064 1677 2103 legenda,
1713 2062 1762 2091 vel
1785 2062 1823 2090 ad
1846 2060 1925 2089 aliud
1953 2060 2033 2098 quid,

86 2113 127 2141 ita
150 2118 183 2140 ut
207 2123 237 2140 ea
264 2122 323 2140 vox
347 2115 448 2149 postea
473 2111 509 2140 ad
533 2110 721 2139 funambulos
744 2111 781 2139 sit
804 2111 956 2139 translata.
987 2110 1026 2138 l)e
1050 2108 1170 2138 corbitis
1193 2110 1260 2139 vide
1284 2120 1338 2139 suo
1361 2110 1438 2137 loco.
1464 2108 1550 2137 Dae.
1583 2105 1738 2136 Indiciiva.
1769 2103 1842 2133 Vide
1865 2113 1955 2142 supra
1978 2101 2036 2129 In·-

88 2153 350 2196 diciiuumfunus.
398 2151 504 2182 Goth.

253 2196 328 2225 Sex
355 2194 566 2237 suffragia.
598 2195 662 2233 (Ad
686 2206 713 2234 p.
729 2196 799 2227 259.
815 2194 894 2233 seq)
925 2194 1028 2222 Innuit
1055 2204 1106 2222 sex
1136 2195 1285 2223 centurias
1316 2193 1446 2222 adiectas
1477 2192 1570 2231 priori
1599 2189 1803 2219 centuriarum
1834 2196 1958 2232 numerq
1979 2194 2034 2212 δια·

87 2238 234 2279 suffragia
259 2238 367 2273 dictas,
391 2238 441 2266 sed
465 2238 540 2266 nihil
562 2238 619 2266 tale
643 2248 771 2276 unquam
795 2238 824 2266 in
848 2237 1021 2275 antiquitate
1044 2237 1173 2266 Romana
1197 2248 1243 2267 me
1266 2237 1370 2275 legisse
1394 2236 1532 2264 arbitror.
1558 2233 1643 2263 Dac.
1688 2232 1732 2261 Cf.
1757 2229 1899 2260 Niebuhr.
1922 2227 2032 2255 Histor-

89 2282 172 2309 Rom.
196 2286 264 2309 tom.
282 2281 302 2308 l.
326 2291 391 2319 pag.
407 2282 478 2311 239.
502 2281 568 2308 coll.
585 2281 620 2309 ΙΙ.
646 2290 712 2319 pag.
728 2282 778 2311 36.
803 2285 864 2308 not.
877 2282 928 2311 38.
953 2289 1017 2318 pag.
1031 2281 1101 2310 170.
1860 2313 1865 2317 ι

254 2322 471 2352 sestertius.
516 2324 572 2351 Hie
600 2333 715 2361 semper
743 2323 799 2350 suit
827 2327 930 2361 quarta
954 2332 1023 2361 pars
1047 2322 1169 2350 denarii.
1214 2321 1271 2350 Sed
1294 2331 1353 2359 quo
1377 2325 1510 2359 tempore
1533 2318 1669 2347 denarius
1693 2315 1822 2348 decussi,
1855 2312 1886 2359 'ld
1911 2315 1954 2339 est
1977 2310 2031 2338 de-

89 2375 152 2394 cem
176 2365 289 2393 assibus
312 2365 538 2402 aestimabatur,
571 2371 632 2394 tum
655 2365 809 2394 sestertius
832 2365 990 2404 dupondio
1013 2369 1042 2393 et
1065 2365 1185 2393 semisse
1209 2364 1441 2402 permutabatur.
1487 2361 1523 2390 At
1546 2370 1613 2389 cum
1636 2359 1784 2388 sexdecim
1806 2354 1919 2402 {umbus
1941 2352 2033 2381 deua-

89 2409 151 2437 rius
175 2409 343 2436 aestimatus
367 2413 425 2443 est,
448 2408 598 2437 sestertius
622 2413 763 2446 quattuor
781 2418 860 2437 asses
877 2408 979 2436 valuit.
1011 2407 1161 2436 Videndus
1178 2407 1291 2436 Plinius
1308 2406 1358 2435 lib.
1372 2404 1510 2435 XXXIII.
1530 2414 1595 2442 cap.
1608 2405 1636 2433 3.
1665 2402 1778 2429 Vitruv.
1796 2396 1905 2425 hb.111.
1925 2404 1987 2434 cap.
2000 2397 2029 2427 1·

137 2458 304 2486 Gnmmn.
323 2467 389 2485 ιΛτ.
415 2456 447 2485 ΙΙ.
1487 2456 1520 2488 U
1538 2467 1557 2488 u
1572 2466 1592 2487 u
1608 2465 1628 2486 u
