2263 2668
368 172 443 206 262
987 164 1127 198 SEXTI
1159 164 1359 201 POMPEII
1391 166 1531 201 FESTt

368 267 453 299 mine
478 262 725 307 appellaretur,
759 265 793 291 ut
821 257 947 291 factum
975 264 1022 290 est
1045 258 1079 291 in
1101 258 1291 300 Malvento,
1325 260 1418 303 quod
1442 260 1670 294 Beneventum
1697 259 1824 294 dictum
1851 267 1918 302 est,
1946 269 1979 296 et
2004 264 2036 296 in
2059 264 2146 310 Epi-

367 318 508 355 ‹lamnm
536 313 629 356 quod
657 313 831 354 usurpatur
852 309 1088 352 Dyrrachium.

529 364 795 407 Seliquastra
823 360 938 393 sedilia
960 361 1086 405 antiqui
1105 362 1236 406 generis
1260 362 1473 407 appellantur
1495 362 1526 395 D
1550 361 1657 394 littera
1677 361 1709 393 iu
1734 362 1764 395 L
1786 373 1962 404 conversa,
1989 371 2024 398 ut
2046 367 2147 400 etiam

364 420 394 450 in
422 416 504 449 sella
531 415 656 449 factum
684 418 750 456 est,
780 418 811 446 et
837 412 1014 454 subsellio,
1043 418 1074 446 et
1097 413 1198 454 solio,
1225 425 1311 456 quae
1339 425 1405 448 non
1433 414 1584 452 minusa
1607 413 1756 447 sedendo
1785 414 1874 448 dicta
1900 419 1982 450 sunt.
2036 417 2147 451 Silus

211 478 245 501 ·f.
260 482 342 500 susum
364 468 554 513 appellatur
581 477 660 501 naso
688 478 712 498 s.
741 465 857 497 rusus*
880 475 991 497 versus
1023 464 1185 508 repando.
1222 465 1312 498 unde
1344 465 1466 510 galeae
1498 476 1634 509 quoque
1661 476 1680 497 a
1706 464 1919 499 similitudine
1945 466 2026 501 silae
2052 468 2147 503 dice-

364 522 489 553 bantur.
542 518 669 551 Silvii
696 522 768 550 sunt
796 516 960 560 appellati
979 515 1102 549 Albani
1128 528 1225 561 reges
1248 528 1267 548 a
1287 517 1445 550 Laviniae
1471 517 1559 558 filio,
1590 527 1690 560 quem
1717 522 1793 561 post
1820 528 1989 552 excessum
2013 520 2146 554 Aeneae

364 570 503 617 gravida
531 571 662 609 relicta,
697 569 813 601 timens
840 567 1047 611 periculum,
1085 572 1117 601 et
1143 579 1220 601 suae
1247 568 1352 609 vitae,
1387 574 1420 602 et
1447 569 1535 610 eius,
1566 579 1667 610 quem
1694 573 1788 602 utero
1815 569 1972 613 gerebat,
2001 569 2033 603 in
2059 571 2147 603 silvis

227 626 260 650 Ὗ.
286 624 338 649 1qu
365 625 484 661 latens,
513 622 606 654 enixa
634 625 691 653 est.
719 620 777 662 qui
804 619 969 652 restitutus
995 619 1027 651 in
1054 631 1195 664 regnum
1224 625 1272 653 est
1298 625 1375 663 post
1401 625 1544 653 mortem
1567 620 1718 660 Ascanii,
1750 620 1920 664 praelatus
1944 621 2051 655 lulio*
2076 622 2147 656 fra-

365 675 421 707 tris
447 674 537 713 filio,
582 683 658 706 cum
685 672 769 704 inter
796 681 853 704 eos
887 670 931 703 de
965 682 1070 715 regno
1103 671 1340 715 ambigeretur.
1398 671 1617 704 Sertorem
1652 671 1789 714 quidam
1823 677 1941 716 putant
1974 672 2100 707 dictum
2128 685 2148 706 a

212 736 247 760 ·f.
266 733 359 759 afferat
368 725 583 771 prendendo,
610 724 689 767 quia
716 734 791 756 cum
820 722 963 766 cuipiam
992 722 1145 755 adserat*
1166 734 1299 755 manum
1327 722 1492 756 educendi
1519 723 1587 756 eius
1614 724 1722 767 gratia
1749 734 1789 756 ex
1815 724 1969 757 servitute
1991 724 2022 756 in
2046 725 2147 758 liber-

365 784 486 817 tatem⁷
524 781 661 810 vocetur
687 774 847 808 adsertor.
885 784 960 806 cum
990 774 1190 807 verisimilius
1215 774 1255 807 sit
1282 774 1428 813 (lictum,
1464 775 1519 817 qui
1546 780 1669 807 sereret
1694 774 1794 817 quid,
1829 785 1869 808 ac
1895 775 2006 819 potius
2034 777 2148 809 adser-

367 835 473 861 torem
500 840 518 860 a
547 827 687 860 serendo
715 826 842 869 cepisse
868 836 1008 867 nomen,
1051 836 1127 859 curn
1155 825 1299 868 aliquem
1325 831 1410 859 serat
1437 825 1584 870 petendo
1613 826 1645 859 in
1671 826 1858 860 libertatem
1886 826 2026 860 eandem
2036 824 2054 867 ‚⁷
2081 839 2149 871 qua

369 882 439 925 ipse
463 881 520 918 sit,
547 879 581 911 id
604 884 652 911 est
672 878 804 922 iungat,
833 877 910 920 quia
937 877 1050 921 fruges
1077 888 1152 911 cum
1180 882 1349 918 seruntur,
1382 884 1488 911 terrae
1509 877 1633 923 iungit,
1659 877 1751 920 quod
1778 883 1884 911 totum
1906 878 2041 912 Verrius
2063 877 2149 913 α’πι-

370 929 491 970 {rebmag
516 929 706 964 introduxit.
760 929 892 973 Seges
920 928 1039 962 dicitur
1066 940 1105 961 ea
1132 939 1208 972 pars
1234 929 1326 973 agri,
1353 940 1440 972 quae
1466 935 1557 962 arata
1584 935 1617 962 et
1646 929 1771 962 consita
1797 935 1860 969 est,
1887 941 1905 962 a
1930 930 2071 963 serendo
2097 930 2149 962 vi—

196 991 222 1014 ·f.
240 983 503 1016 Histrica.delicet.
548 981 708 1015 Serilla
732 980 865 1012 Verrius
889 980 1055 1024 appellari
1076 986 1170 1024 putat
1190 980 1323 1025 navigia
1343 980 1521 1015 Histricia*
1544 992 1584 1013 ac
1594 977 1606 1028 Η
1618 981 1813 1022 Liburnica,
1841 992 1926 1024 quae
1948 981 2016 1014 lino
2045 980 2147 1027 [149]

372 1046 411 1068 ac
433 1039 545 1079 sparto
568 1032 829 1067 condensantur.
857 1043 875 1064 a
897 1032 1102 1065 conserendo
1130 1036 1162 1064 et
1189 1032 1398 1065 contexendo
1426 1032 1522 1066 dicta.
1551 1033 1630 1076 quia
1656 1032 1746 1066 (licat
1768 1032 1928 1066 Pacuvius
1954 1032 1986 1066 iu
2007 1033 2148 1077 Niptris:

207 1092 223 1115 f.
251 1089 359 1114 subscus
476 1086 559 1119 Nec
586 1085 674 1117 ulla
700 1084 878 1117 subcus*
907 1083 1085 1117 cohibet
1112 1094 1363 1128 compagem
1389 1084 1520 1117 alvei:

474 1136 544 1170 sed
571 1141 663 1169 suta
691 1135 798 1177 lino,
826 1138 866 1169 et
891 1135 1078 1180 sparteis
1105 1135 1336 1168 serillibus·

372 1200 447 1222 cum
474 1187 778 1235 περιφραστικῶς,
824 1191 856 1219 et
888 1187 967 1220 ficto
1004 1187 1170 1219 vocabulo
1206 1198 1281 1220 usus
1313 1187 1353 1220 sit
1386 1196 1450 1230 pro
1484 1186 1655 1226 tuniculis,
1699 1186 1757 1229 qui
1784 1192 1896 1231 sparto
1924 1190 2149 1221 conseruntur.

216 1245 250 1269 ‘f-
277 1243 361 1268 idibus
373 1240 600 1273 Servorum
618 1237 629 1258 ¹
653 1238 742 1271 dies
768 1238 905 1270 festus
931 1238 1036 1282 vulgo
1065 1238 1263 1271 existimatur
1289 1238 1392 1271 Idus*
1414 1238 1503 1282 Aug.
1531 1237 1623 1280 quod
1651 1248 1691 1270 eo
1719 1238 1774 1271 die
1797 1238 1870 1274 Ser.
1895 1238 2046 1279 Tullius,
2089 1249 2151 1271 na-

216 1297 252 1321 ·ἰ.
268 1303 345 1320 serva
372 1299 421 1324 tus
449 1295 583 1324 servus*
606 1289 724 1322 aedem
750 1289 876 1322 Dianae
904 1290 1107 1322 dedicaverit
1133 1290 1164 1322 in
1185 1290 1370 1329 Aventino,
1397 1290 1490 1322 cuius
1516 1289 1640 1322 tutelae
1666 1289 1727 1322 sint
1754 1290 1858 1332 cervi,
1886 1302 1905 1323 a
1927 1301 1995 1333 quo
2008 1294 2036 1309 ⁴¹*
2057 1289 2150 1324 cele-

199 1331 244 1355 Ὗ·
257 1337 362 1363 quorum
374 1344 467 1376 ritate
494 1342 651 1387 fugitivos
676 1346 797 1374 vocent
824 1352 950 1374 cervos.
1003 1341 1107 1374 Sero
1135 1342 1307 1386 sapiunt
1332 1340 1544 1385 Phryges,
1571 1341 1786 1384 proverbium
1813 1346 1859 1374 est
1886 1347 1999 1375 natum
2020 1353 2038 1373 a
2058 1341 2150 1373 Tro-

373 1396 471 1435 ianis,
503 1393 560 1437 qui
587 1393 720 1426 decimo
748 1393 892 1436 (lenique
920 1404 1006 1425 anno
1033 1393 1121 1425 velle
1148 1398 1330 1437 coeperant
1351 1392 1536 1431 Helenam,
1577 1402 1730 1435 quaeque
1756 1403 1833 1426 cum
1861 1403 1899 1426 ea
1926 1397 2018 1425 erant
2043 1397 2149 1436 rapta,

374 1447 516 1479 reddere
547 1444 694 1478 Achivis.
748 1442 984 1488 Sispitem2
1021 1444 1200 1484 lunonem,
1235 1455 1335 1487 quam
1363 1444 1467 1488 vulgo
1495 1442 1650 1487 sospitem
1679 1444 1868 1487 appellant,
1903 1443 2027 1487 antiqui
2056 1454 2150 1476 usur-

374 1499 517 1542 pabant,
564 1507 639 1529 cum
669 1507 707 1528 ea
734 1506 798 1528 vox
826 1507 865 1528 ex
889 1496 1022 1529 Graeco
1050 1496 1202 1529 videatur
1228 1501 1378 1540 sumpta,
1422 1494 1514 1538 quod
1542 1500 1589 1527 est
1616 1491 1747 1536 σώζειν.
1808 1495 1959 1536 Sultis,
2002 1494 2028 1528 si
2054 1495 2150 1528 voltis

203 1549 555 1594 ·f*A.·spdessig11ificat,
584 1548 770 1591 composito
797 1547 973 1580 vocabulo.
1002 1548 1063 1587 ita,
1092 1552 1127 1580 ut
1153 1547 1219 1580 alia
1245 1552 1319 1580 sunt
1329 1548 1351 1585 ⁸,
1379 1547 1404 1578 si
1430 1545 1550 1583 audes;
1576 1545 1633 1586 sis,
1660 1546 1686 1578 si
1713 1547 1777 1584 vis3
1805 1546 1945 1590 plicet**
1964 1546 1997 1580 iu
2023 1546 2150 1588 loco†;

221 1589 265 1614 uf*
285 1589 435 1634 'hcet’scis
462 1601 539 1634 licet
549 1601 609 1639 -Η,
645 1599 727 1632 scias
754 1598 847 1638 licet3
886 1598 1043 1641 equidem
1070 1599 1193 1642 (equo)
1221 1609 1288 1643 ego
1314 1597 1462 1641 quidem.
1515 1596 1656 1630 Ennius:

204 1623 364 1687 *sfiriliilciisiss
474 1651 656 1684 Pandite
683 1650 785 1682 sulti
814 1661 959 1694 genas,
999 1655 1038 1682 et
1065 1649 1194 1683 corde
1221 1649 1454 1692 relinquite
1481 1659 1679 1682 somnum.

204 1691 364 1722 ††f.scilicet,

461 1770 487 1809 1)
512 1770 698 1808 Servorum]
730 1769 892 1807 Exemplar
921 1769 1009 1797 habet
1039 1780 1155 1806 cerro-5,
1188 1779 1242 1808 pro
1286 1769 1316 1798 C.
1340 1767 1481 1795 Claudius
1505 1771 1656 1799 mortuus,
1681 1766 1710 1794 in
1734 1766 1797 1795 eius
1824 1766 1924 1795 locum
1948 1766 2051 1804 Augur·
2070 1775 2152 1795 crea-

377 1824 410 1841 eo
435 1812 515 1850 quod
538 1813 588 1841 alii
610 1823 708 1840 &rto-s·
731 1812 896 1840 ediderunt.
920 1822 974 1840 nos
991 1812 1144 1850 antiquam
1168 1812 1242 1840 scri·
1285 1816 1334 1839 tus
1356 1811 1389 1839 T.
1413 1809 1583 1845 Quinctius.
1622 1809 1710 1844 Quod
1727 1813 1822 1838 autem
1844 1808 2062 1846 inaugurationi
2076 1809 2151 1845 eius,

379 1860 496 1893 pturam
521 1855 701 1891 retinemus,
732 1860 794 1883 tum
819 1854 900 1892 quod.
923 1855 1003 1884 cervi
1033 1854 1176 1883 dicuntur
1198 1854 1230 1882 fu
1286 1854 1338 1892 qui
1363 1855 1464 1890 Augur
1488 1857 1604 1881 creatus
1627 1857 1719 1887 esset,
1750 1852 1826 1880 alius
1848 1851 1951 1890 Augur
1974 1851 2076 1882 adesse
2098 1862 2153 1881 so-

379 1898 482 1934 gitivi,
503 1902 566 1926 tum
590 1897 673 1936 quod
695 1898 734 1925 ita
757 1903 800 1927 est
821 1897 900 1936 apud
925 1897 1089 1926 Martialem
1113 1898 1142 1925 in
1166 1897 1243 1925 libro
1287 1897 1358 1925 litus
1381 1895 1433 1932 sit,
1456 1900 1486 1924 et
1508 1895 1585 1923 Festi
1607 1895 1749 1932 reliquiae
1772 1894 1918 1932 indicant,
1941 1899 1970 1923 et
1984 1893 2074 1923 verba
2092 1894 2153 1923 Me-

382 1940 579 1968 vetustissimo
610 1939 692 1978 apud
723 1950 785 1968 me:
826 1941 870 1968 At
900 1950 1000 1968 nunc
1030 1950 1098 1978 pro
1128 1950 1244 1969 cervo
1287 1939 1348 1968 telli
1378 1937 1466 1966 huius
1497 1937 1690 1972 confirmant,
1730 1947 1805 1975 quae
1833 1941 1904 1964 sunt
1933 1937 1962 1964 in
1994 1936 2093 1964 indice
2121 1938 2152 1968 4.

385 1986 439 2009 etc.
462 1982 530 2010 vide
555 1983 671 2011 Petrum
702 1982 846 2011 Crinitum
870 1982 919 2012 lib.
943 1985 989 2014 19.
1020 1992 1082 2021 cap.
1107 1985 1136 2014 8.
1159 1982 1245 2010 cuius
1287 1981 1367 2021 apud
1390 1980 1588 2013 Macrobium3
1621 1980 1728 2017 quibus
1750 1979 2004 2017 inaugurationem
2034 1979 2153 2007 Lentuli

385 2022 443 2049 loci
478 2024 628 2053 admonuit
664 2035 710 2053 me
744 2025 846 2054 Petrus
878 2024 1038 2054 Victorius.
1089 2025 1167 2053 Ure.
1204 2041 1245 2046 —
1287 2023 1426 2052 Flaminis
1449 2022 1591 2051 Martialis
1613 2021 1654 2050 ita
1677 2021 1826 2051 describit.
1849 2022 1885 2051 Δ.
1900 2020 1931 2052 d.
1951 2023 1979 2053 9.
1993 2021 2059 2050 Kal.
2070 2021 2152 2060 Sept.

386 2062 417 2099 2)
441 2065 597 2104 Sispitem]
622 2067 728 2096 Verum
751 2072 795 2096 est
818 2067 898 2105 quod
922 2068 962 2096 ait
977 2067 1081 2097 Festus
1103 2067 1246 2095 lunonem

389 2104 424 2131 ab
449 2107 574 2152 antiquis
596 2108 707 2138 dictam
730 2111 876 2148 sispitem.
900 2110 955 2138 nisi
978 2109 1059 2148 quod
1080 2110 1112 2138 in
1134 2109 1248 2138 numis-

389 2147 515 2175 matibus
544 2154 599 2183 est,
632 2151 724 2179 IVNO
756 2152 905 2182 SlSPlTA.
935 2157 969 2181 ut
991 2151 1039 2181 hic
1061 2162 1180 2191 quoque
1202 2152 1248 2180 vi·

389 2188 492 2217 deatur
523 2190 672 2226 legendum
702 2195 865 2232 Sispitam,
901 2200 930 2224 et
958 2195 1119 2233 Sospitam.
1166 2195 1246 2223 Urs.

389 2246 430 2252 —
453 2232 482 2268 3)
512 2232 668 2272 Saturum]
692 2237 786 2273 Supra
811 2238 840 2265 in
865 2239 1015 2266 Satur-niu
1037 2238 1079 2266 sic
1103 2238 1248 2276 scriptum

390 2276 447 2319 eet:
493 2273 548 2300 Ara
579 2274 673 2321 dicata
701 2278 826 2307 Saturno
857 2285 923 2308 ante
953 2279 1064 2309 bellum
1087 2280 1247 2309 Troianum

390 2314 524 2362 vnidetur,
563 2324 630 2353 quia
656 2317 734 2354 apud
756 2329 817 2348 eam
839 2322 1007 2361 supplicant
1035 2322 1146 2361 apertis
1169 2321 1247 2361 capi·

389 2356 475 2385 tibus.
528 2357 640 2386 Metelli
668 2360 754 2386 Puni.
788 2363 868 2391 Max.
898 2364 935 2392 de
968 2373 1027 2402 quo
1057 2365 1105 2393 hic
1136 2365 1247 2401 Festus,

393 2398 525 2428 meminit
546 2399 713 2428 Macrobius
736 2401 785 2431 lib.
801 2405 828 2433 3.
851 2414 915 2443 cap.
934 2407 982 2437 13.
1015 2406 1048 2435 C.
1064 2417 1130 2434 vero
1154 2407 1248 2436 Clau-

392 2439 437 2468 dii
458 2442 613 2480 Auguris,
646 2443 747 2471 Livius
768 2443 817 2472 lib.
841 2448 890 2477 45.
918 2457 984 2476 cum
1006 2448 1117 2485 inquit:
1148 2449 1250 2486 Augur

1290 2076 1350 2104 quo
1374 2065 1420 2093 die
1442 2065 1585 2093 Lentulus
1606 2064 1725 2093 Flamen
1743 2063 1868 2093 Martial.
1889 2064 2084 2102 inauguratus
2099 2068 2153 2098 est,

1290 2108 1396 2137 domus
1420 2112 1524 2136 ornata
1548 2107 1619 2143 suit,
1642 2106 1770 2135 triclinia
1793 2106 1878 2135 lectis
1899 2106 2036 2136 eburneis
2060 2110 2153 2135 strata

1290 2152 1422 2180 fuerunt.
1445 2150 1561 2179 duobus
1584 2149 1723 2178 tricliniis
1745 2149 1901 2178 Pontifices
1923 2149 2095 2178 cubuerunt
2113 2148 2152 2184 Q.

1290 2193 1421 2222 Catulus.
1445 2193 1483 2222 M.
1495 2192 1634 2222 Aemilius
1651 2191 1789 2231 Lepidus.
1805 2191 1838 2220 D.
1861 2191 1986 2221 Silanus.
2007 2191 2153 2222 Genesar

1290 2237 1355 2266 Rex
1377 2245 1539 2266 sacrorum.
1570 2235 1597 2264 Ρ.
1627 2234 1768 2264 Scaevola
1796 2235 1915 2264 Sextus.
1938 2235 1968 2263 P.
1990 2232 2151 2272 Cornelius.

1290 2279 1321 2309 P.
1345 2278 1528 2308 Volumnius.
1561 2277 1592 2309 P.
1615 2277 1827 2306 Albinovanus.
1859 2281 1888 2306 et
1909 2276 1940 2305 L.
1962 2275 2055 2307 tulin·
2075 2275 2151 2304 Ca·-

1289 2332 1338 2352 εει·
1361 2321 1464 2359 Augur
1494 2320 1544 2360 qui
1570 2330 1637 2349 eum
1665 2319 1862 2358 inauguravit.
1913 2319 1955 2347 De
1982 2314 2150 2346 huiusmodi

1289 2364 1515 2402 inauguratione
1537 2363 1580 2391 ita
1602 2362 1703 2392 Livius
1725 2362 1776 2391 lib.
1797 2364 1846 2395 27.
1870 2361 1901 2390 L.
1920 2359 2065 2398 Aquillius
2091 2358 2150 2388 Au-

1291 2417 1347 2444 gur
1369 2411 1504 2440 creatus,
1526 2406 1782 2443 inauguratusque
1803 2408 1832 2433 et
1852 2402 1904 2432 lib.
1924 2402 2019 2431 XXX.
2041 2399 2150 2429 Fabius

1291 2449 1439 2478 Maximus
1462 2448 1564 2486 Augur
1587 2457 1678 2476 annos
1695 2449 1746 2478 42.
1769 2450 1823 2475 etc.
1848 2445 1879 2474 in
1903 2444 2000 2472 locum
2023 2443 2087 2472 eiu·
2103 2442 2148 2472 in-
