2263 2668
383 621 917 677 PRAEFATIO
979 620 1305 674 FULVII
1366 621 1693 676 URSINI.

76 837 255 905 xslGE
270 861 477 904 SIMUS
512 862 654 919 agitur
675 875 840 913 annus,
862 875 918 902 ex
934 874 1019 916 quo
1038 860 1140 901 Ant.
1166 860 1440 917 Augustinus
1463 860 1673 918 Archiep.
1704 859 2019 902 Tarraconen-

77 923 137 965 sis
168 922 284 963 Festi
308 923 621 977 fragmentum,
652 920 772 976 quod
789 920 1014 961 maiorum
1032 919 1250 960 memoria
1272 934 1328 961 ex
1345 919 1519 975 Illyrico
1540 920 1775 962 advectum
1795 920 1842 960 in
1861 919 2021 960 biblio-

78 982 210 1023 theca
237 980 511 1022 Farnesiana
541 988 764 1031 servatur,
795 979 934 1020 multo
954 992 1089 1034 quam
1112 978 1189 1020 alii
1219 978 1469 1034 diligentius
1492 992 1595 1020 cum
1611 979 1795 1036 vulgatis
1824 978 2020 1029 contulit,

81 1052 123 1082 et
150 1039 321 1097 primus
352 1048 524 1096 partem
556 1039 741 1080 alteram
775 1038 869 1079 eius
901 1038 1005 1079 libri
1028 1037 1233 1079 mutilam
1265 1037 1519 1095 exscripsit,
1553 1037 1969 1091 commentariisque
1996 1049 2022 1077 a

82 1114 127 1140 se
158 1098 422 1140 illustratam
455 1097 590 1139 edidit
609 1096 827 1148 Venetiis,
860 1110 997 1154 opera
1025 1095 1174 1139 Caroli
1191 1096 1373 1153 Sigonii.
1436 1096 1524 1137 Sed
1541 1105 1590 1137 ut
1616 1105 1721 1137 tunc
1746 1105 1836 1137 erat
1851 1095 2021 1137 Romae

83 1157 273 1199 stlitibus
304 1156 557 1198 iudicandis
588 1155 801 1208 XIIVIR,
837 1156 1024 1211 aliisque
1056 1155 1331 1213 gravioribus
1365 1155 1481 1196 curis
1512 1155 1773 1212 impeditus,
1804 1154 2022 1195 nonnulla

85 1215 329 1258 clarissimo
359 1215 453 1256 viro
473 1215 614 1271 deque
644 1215 780 1256 literis
804 1215 967 1272 optime
997 1215 1174 1266 merito,
1205 1214 1253 1255 in
1286 1215 1347 1255 eis
1380 1214 1555 1255 schedis
1589 1213 1912 1264 describendis,
1947 1226 2025 1253 ex-

85 1275 302 1317 ciderunt.
365 1271 513 1325 Quam
532 1273 715 1329 quidem
737 1273 977 1315 editionem
1009 1273 1252 1314 doctissimi
1281 1273 1366 1314 viri
1395 1281 1552 1331 postea
1582 1273 1740 1324 secuti,
1771 1280 1863 1312 tam
1885 1271 2025 1312 multa

84 1335 132 1375 in
163 1347 216 1374 ea
245 1332 553 1374 restituerunt:
587 1341 636 1374 ut
656 1332 804 1384 exiis,
837 1346 952 1387 quae
985 1332 1187 1374 Lutetiae
1205 1333 1460 1388 vulgarunt,
1498 1332 1683 1388 intelligi
1711 1331 1842 1373 facile
1873 1329 2024 1386 possit,

86 1392 196 1448 quid
224 1391 384 1434 facturi
413 1391 622 1444 fuissent,
653 1392 690 1432 si
710 1392 1061 1433 emendatiorem
1086 1391 1287 1433 codicem
1302 1391 1423 1433 nacti
1442 1400 1597 1432 essent.
1645 1389 1730 1432 Nos
1750 1390 1892 1445 igitur,
1926 1388 2027 1443 qui-

86 1453 170 1493 bus
201 1451 282 1492 has
313 1450 586 1506 antiquitatis
617 1451 828 1506 reliquias
860 1466 952 1492 non
983 1451 1127 1492 solum
1142 1450 1421 1508 inspiciendi,
1453 1450 1532 1491 sed
1563 1450 1696 1491 etiam
1715 1449 1931 1489 arbitratu
1946 1461 2027 1488 no-

88 1518 174 1551 stro
206 1509 429 1551 tractandi
469 1510 760 1551 commoditas
791 1523 924 1567 saepe
957 1510 1062 1561 fuit,
1114 1524 1215 1550 cum
1254 1524 1311 1551 ex
1340 1510 1544 1550 locorum
1583 1509 1752 1563 aliquot
1791 1505 2026 1548 collatione

90 1567 572 1620 animadvertissemus,
606 1569 643 1608 si
669 1568 905 1623 fragmenti
929 1569 1063 1609 huius
1095 1568 1288 1609 schedae
1311 1568 1370 1609 ad
1392 1568 1525 1609 fidem
1542 1565 1768 1623 archetypi
1798 1564 2028 1621 exempla-

90 1627 148 1668 ris
170 1635 629 1683 repraesentarentur,
660 1628 754 1668 iore
773 1636 821 1668 ut
849 1641 966 1681 quae
994 1627 1171 1679 mutila,
1202 1641 1451 1681 mancaque
1472 1626 1520 1667 in
1539 1626 1592 1666 iis
1619 1633 1739 1675 sunt,
1773 1637 1924 1664 omnes
1949 1636 2029 1663 an-

92 1685 303 1739 tiquitatis
331 1685 518 1726 studiosi
538 1685 712 1726 facilius
734 1699 810 1737 ea,
843 1686 1094 1741 certiusque
1121 1694 1266 1726 essent
1287 1685 1546 1736 divinaturi‚
1567 1683 1819 1725 curavimus
1842 1681 2028 1739 paginas

91 1744 233 1799 ipsaS,
266 1756 316 1783 eo
344 1757 430 1798 quo
446 1743 599 1784 Festus
617 1744 790 1801 scripsit
814 1744 992 1796 ordine,
1023 1759 1210 1785 numero
1233 1758 1444 1784 versuum
1471 1744 1517 1783 in
1541 1742 1722 1798 singulis
1749 1741 1954 1799 pagellis,
1988 1747 2030 1780 et

93 1802 336 1842 litterarum
356 1802 404 1842 in
422 1816 692 1858 unoquoque
709 1817 840 1844 versu
852 1836 862 1856 ,
893 1817 978 1844 nec
999 1812 1128 1844 aucto
1142 1837 1152 1855 ,
1183 1817 1266 1844 nec
1292 1802 1507 1842 diminuto
1519 1834 1529 1853 ,
1561 1802 1621 1842 ita
1638 1809 1686 1841 ut
1701 1808 1801 1841 sunt
1817 1799 1864 1839 in
1880 1812 2030 1839 exem—

94 1860 229 1918 plari,
250 1873 339 1915 qua
358 1861 581 1916 potuimus
602 1862 843 1918 diligentia,
864 1862 1192 1903 describendas
1224 1860 1320 1903 Hoc
1338 1861 1529 1918 amplius
1543 1893 1552 1911 ,
1576 1868 1749 1917 partem
1766 1857 2030 1916 paginarum

95 1919 317 1970 mutilam,
350 1919 504 1960 habita
531 1920 681 1977 spatii,
715 1921 836 1976 quod
862 1921 1162 1978 supplendum
1191 1920 1296 1970 fuit,
1328 1919 1522 1971 ratione,
1554 1918 1735 1959 infinitis
1759 1917 1868 1958 locis
1884 1928 2030 1956 resar-

98 1977 304 2018 civimus:
337 1978 478 2019 multa
506 1993 559 2019 ex
575 1993 729 2020 eorum
748 1979 942 2036 scriptis,
976 1993 1086 2034 quos
1107 1992 1243 2035 supra
1259 1978 1603 2029 nominavimus,
1634 1974 1848 2026 mutuati,
1880 1973 2029 2015 multis

98 2036 231 2077 etiam
262 2035 317 2076 de
345 2044 494 2078 nostro
518 2037 699 2090 additis3
739 2052 832 2078 non
862 2038 980 2092 quod
1012 2050 1065 2078 ea
1096 2050 1200 2077 vera
1228 2050 1343 2088 esse,
1397 2045 1471 2077 aut
1502 2037 1564 2078 ita
1591 2036 1765 2077 Festum
1800 2032 2029 2090 scripsisse

98 2095 385 2146 arbitremur,
416 2095 495 2136 sed
518 2104 567 2136 ut
591 2096 821 2137 doctorum
845 2096 1023 2152 ingenia
1059 2098 1350 2136 excitaremus
1376 2095 1433 2136 ad
1461 2096 1570 2136 bene
1595 2095 1649 2135 de
1671 2094 1756 2134 hoc
1783 2093 2029 2149 fragmento

96 2153 370 2194 merendum.
403 2161 534 2208 atque
555 2168 608 2195 ea
634 2154 814 2210 quidem
843 2155 1162 2211 supplementa,
1185 2154 1430 2195 litterarum
1448 2154 1667 2204 varietate,
1701 2160 1742 2193 et
1763 2151 1879 2191 notis
1900 2150 2028 2191 etiam

99 2211 369 2267 quibusdam
388 2212 443 2252 ab
471 2212 651 2267 antiquo
672 2212 967 2254 distinximus.
1027 2213 1098 2255 Ab
1127 2227 1178 2254 eo
1202 2221 1350 2254 autem
1377 2213 1677 2270 separavimus
1704 2209 1895 2252 schedas
1918 2209 2030 2258 illas,

99 2283 210 2324 quas
232 2284 258 2311 a
278 2269 469 2311 Marullo
489 2271 697 2312 habuisse
716 2271 878 2312 dicitur
901 2271 1177 2328 Pomponius
1197 2270 1359 2312 Laetus
1374 2304 1384 2322 ,
1418 2272 1536 2326 quod
1559 2285 1715 2312 earum
1736 2269 2031 2324 archetypum

100 2329 327 2386 exemplar
344 2344 435 2370 non
455 2338 606 2381 exstet,
626 2338 667 2370 et
684 2343 788 2387 pars
808 2330 948 2371 altera
964 2331 1240 2388 paginarum,
1260 2343 1373 2385 quae
1392 2330 1582 2386 margini
1596 2327 1843 2387 proximior
1859 2327 1913 2366 ab
1932 2326 2029 2378 igne

100 2388 303 2428 mutilata
320 2388 416 2439 fuit,
436 2389 633 2445 neglecta
653 2389 707 2429 ab
727 2389 794 2440 iis,
814 2388 891 2444 qui
908 2398 1013 2431 tunc
1033 2390 1330 2447 fragmentum
1350 2389 1692 2447 descripserunt,
1712 2388 1759 2427 in
1781 2381 2028 2441 prae-semia

103 2445 387 2487 desideretur.
422 2444 545 2496 Quas
566 2456 713 2489 autem
732 2461 813 2489 nos
832 2447 1066 2502 edidimus,
1086 2457 1188 2490 sunt
1213 2447 1311 2489 illae
1334 2448 1517 2504 quidem
1535 2463 1558 2489 e
1578 2442 1821 2488 doctissimi
1846 2440 1926 2480 viri
1950 2451 2027 2477 ex-
