2263 2668
234 128 308 163 182
915 114 1145 150 EUTYCHII
1172 114 1484 151 GRAMMATICI

235 228 272 258 ut
297 219 445 259 mando,
472 215 627 255 mandis,
661 212 696 246 id
724 215 771 245 est
796 209 962 243 manduco
984 205 1013 251 ¹,
1039 213 1076 243 ut
1100 209 1322 255 primitivum,
1356 205 1514 247 tertiae²g
1552 208 1683 242 mando
1700 205 1723 251 ³,
1750 210 1918 252 mandas,
1944 212 2037 256 quasi
2055 209 2068 230 4
2089 223 2170 246 ma-

235 285 317 308 num
343 272 405 310 do,
431 269 466 302 id
494 272 541 301 est
561 265 746 311 permitto,
781 261 875 305 quasi
906 261 1122 294 derivativum
1155 261 1208 294 vel
1243 261 1482 305 compositum.
1515 260 1643 304 primae
1683 272 1692 300 ;
1726 261 1815 294 unde
1848 263 1947 295 etiam
1983 264 2132 297 “mendo
2145 261 2168 306 a,

235 337 287 367 as,
314 319 524 358 commendo,
552 328 602 355 as,
629 315 718 348 facta
743 318 824 346 sunt.
877 312 972 346 Idem
998 313 1090 356 quod
1118 312 1162 345 ad
1190 312 1353 345 fusionem
1380 311 1518 355 quidem
1550 312 1682 354 attinet,
1705 312 1844 357 jimdo,
1877 314 1922 354 is,
1957 319 1993 347 ut
2024 315 2169 359 primm..

234 388 336 415 vum,
362 373 494 411 ίθῐῑῖῑῑθυ
527 365 772 411 undasundas
797 376 935 403 ”omens
971 364 1005 396 id
1040 369 1087 397 est
1123 375 1222 408 ager,
1258 364 1443 400 derivatur,
1479 363 1571 406 quod
1606 363 1714 396 fundit
1747 364 1841 397 nobis
1875 365 2016 404 fructus;
2053 371 2085 399 et
2119 371 2168 400 est

236 422 353 461 aliud'
391 431 510 456 nomen
532 417 691 464 fundus,
727 416 818 460 quod
852 415 1058 448 altitudinem
1091 415 1272 460 significat3
1302 411 1468 460 fundofl,
1502 414 1570 447 clas
1601 415 1759 456 verbum,
1792 415 1826 448 id
1856 421 1920 457 est,
1952 416 2169 450 fundamenta

234 488 337 524 pono,
364 472 492 517 quoda
518 470 649 502 nomine
676 468 768 512 quod
803 472 851 500 est
865 466 1016 512 fundus,
1043 466 1077 499 id
1094 472 1158 507 est,
1183 463 1351 512 πυθμήν,
1378 465 1553 508 derivatur,
1579 466 1668 499 unde
1685 472 1718 500 et
1725 466 1928 513 profundus
1946 468 2168 513 componitur,

236 543 254 563 a
280 538 346 572 quo
372 522 384 541 ⁸
413 522 655 569 ι[ιιηάαιηεηῖα
686 520 854 561 dicuntur,
880 519 951 552 iure
977 518 1104 562 primae
1131 517 1371 562 coniugationis
1398 521 1454 550 est.

398 592 433 625 6.
486 591 634 624 Verbum
661 599 739 621 vero
774 587 1040 630 monosyllabum
1067 586 1130 627 do,
1165 586 1234 618 das
1260 585 1398 629 simplex
1426 584 1579 627 quidem,
1613 584 1740 628 primae
1757 581 1781 601 ¹⁰
1809 589 1874 625 est,
1912 590 1945 618 et
1975 586 2001 618 si
2036 583 2168 632 [2175]

237 659 313 682 cum
339 643 501 678 adverbiis
527 642 580 675 vel
607 639 788 684 dissyllabis
814 638 1113 684 praepositionibus
1140 642 1379 681 componatur,
1413 640 1520 668 servat
1537 632 1560 652 ¹¹
1586 636 1874 680 coniugationem,
1907 641 1944 669 ut
1978 637 2169 679 circumdo,

236 697 436 733 circumdas
444 709 455 738 ‚-
477 691 682 738 pcssztmdo,
710 702 771 735 as,-
797 701 873 723 cum
899 689 1134 732 monosyllabis
1162 694 1270 721 autem
1299 687 1616 732 praepositionibus,
1648 688 1703 720 vel
1728 699 1804 721 cum
1831 688 2015 722 nominibus
2031 685 2056 706 ¹²
2072 700 2170 723 com-

236 751 396 795 positum,
422 746 536 778 tertiae
562 744 599 776 fit
627 742 885 787 coniugatffinis,
912 747 947 774 ut
973 741 1095 780 trado,
1123 740 1197 783 dis,
1224 739 1356 780 redde,
1384 739 1456 781 dis,
1492 738 1586 771 dedo
1602 735 1637 780 ¹³,
1664 739 1739 781 dis,
1768 740 1902 784 perdo,
1938 739 2010 780 dis,
2039 740 2170 785 prodo,

238 803 293 835 dis
309 796 342 835 ¹⁴.
395 798 450 830 Sic
477 796 575 829 etiam
603 795 725 835 credo,
751 793 881 833 vendo,
908 805 927 825 a
955 796 1086 825 cretum
1113 792 1159 824 do
1186 795 1218 823 et
1243 801 1367 823 venum
1394 786 1483 831 deff,
1510 795 1546 822 ut
1571 789 1707 833 quidam
1734 795 1862 834 putant,
1890 791 2064 835 conposita
2086 795 2169 825 sunt.

238 851 307 887 Sed
334 848 479 893 quamvis
504 851 637 891 praeter
662 844 931 880 consuetudinem
958 844 996 876 sit
1022 843 1215 876 Latinorum
1242 842 1418 874 verborum
1435 838 1468 882 ¹⁰,
1496 846 1531 874 ut
1557 841 1677 874 eadem
1703 846 1855 874 manente
1871 842 2047 884 finalitate,
2073 853 2170 876 com-

237 903 355 949 positio
383 900 454 933 sola
479 904 582 932 mutet
608 897 889 942 coniugationem3
914 894 1043 928 videtur
1068 899 1179 927 tamen
1208 893 1275 926 hoc
1301 893 1479 926 imitatione
1507 893 1638 926 Graeca
1666 897 1836 934 mutatum,
1863 893 1954 937 apud
1980 905 2064 937 quos
2089 894 2170 927 sim-

236 956 315 999 plex
341 952 476 996 quidem
504 950 641 983 verbum
674 948 922 981 circumflexum
958 945 1067 992 ὀρκῶ,
1101 945 1217 991 ὁρκοῖς
1241 945 1375 985 tertiae,
1410 945 1633 988 compositum
1668 948 1777 977 autem
1815 942 1970 990 εὐορκῶ,
2006 943 2170 990 εὐορκιεΐς,

238 1004 400 1049 ἐπιορκῶ,
429 1004 618 1048 ἐπιορκεῖς,
651 1000 779 1044 primae
807 1004 869 1037 est3
902 998 1041 1041 simplex
1076 997 1244 1030 Graecum
1274 995 1382 1033 σι’λῶ,
1411 996 1516 1041 συλᾷς
1548 995 1729 1034 secundam
1763 995 1986 1039 compositum
2014 1006 2093 1028 vero
2119 998 2171 1031 ie·

239 1055 396 1103 ροσυλεό,
433 1050 516 1092 εἷςΠ
549 1053 676 1097 primae
712 1050 1000 1084 circumflexorum
1035 1054 1083 1081 est
1124 1047 1371 1092 coniugationis.
1434 1047 1537 1088 Quod
1571 1046 1831 1091 perspicaciores
1858 1046 2067 1080 Graecorum
2100 1056 2172 1080 rem

238 1112 364 1140 tuentes
381 1102 404 1122 ¹⁸
430 1104 605 1137 adfirmant
630 1102 822 1135 huiusmodi
847 1102 1023 1133 verborum
1051 1100 1287 1133 declinationes
1320 1109 1386 1131 non
1413 1109 1432 1130 a
1457 1098 1566 1130 verbis
1595 1098 1816 1142 simplicibus,
1842 1098 1901 1131 sed
1929 1099 2036 1144 magis
2063 1109 2082 1130 a
2107 1108 2172 1131 no-

239 1158 378 1192 minibus
405 1154 614 1199 compositis,
642 1153 804 1200 εὔορκος,
831 1151 1011 1198 ἐπίορκος,
1040 1148 1236 1196 ἱερόσυλοςς
1263 1146 1374 1182 inde¹⁰
1398 1149 1584 1194 composita
1612 1146 1745 1182 verba²⁰
1774 1149 1881 1191 facta,
1915 1150 2022 1182 verbis
2048 1150 2083 1182 in
2109 1147 2173 1182 de-

239 1209 413 1243 clinatione
441 1218 507 1239 non
539 1205 742 1249 respondere
773 1203 953 1248 primitivis.
1007 1203 1058 1235 Ex
1089 1212 1155 1245 quo
1183 1197 1304 1234 mihi²¹
1333 1200 1464 1233 videtur
1492 1201 1538 1234 do
1570 1201 1710 1233 verbum
1739 1201 1771 1233 in
1803 1200 2015 1244 simplicitate
2040 1205 2173 1245 praeter

238 1260 388 1305 regulam
411 1258 628 1297 declinatum,
654 1267 746 1290 suam
766 1255 799 1288 in
823 1254 1063 1299 compositione
1084 1249 1244 1297 cepisse²²
1264 1252 1513 1296 proprietatem.
1565 1252 1769 1285 Primitivum
1792 1247 1912 1284 enim²²³
1941 1252 2078 1285 existens
2103 1256 2171 1285 ter-

237 1312 302 1345 tiae
324 1310 438 1343 debuit
458 1321 526 1342 esse
548 1307 802 1352 coniugationis,
827 1306 903 1349 quia
925 1305 957 1337 in
981 1305 1026 1337 clo
1055 1304 1233 1337 desinentia
1262 1305 1364 1336 verba
1388 1309 1466 1337 tunc
1491 1303 1722 1336 tantummodo
1752 1303 1879 1347 primae
1906 1308 1979 1335 sunt
2009 1303 2172 1347 coniuga-

237 1363 349 1405 tionis,
374 1372 450 1394 cum
470 1372 489 1393 a
515 1360 699 1392 nominibus
724 1358 925 1395 derivantur;
947 1357 1109 1400 primitiva
1135 1367 1213 1388 vero
1235 1356 1350 1388 tertiae
1374 1355 1494 1396 solius,
1525 1360 1560 1387 ut
1574 1351 1598 1372 ²³
1618 1360 1693 1388 ante
1717 1355 1782 1387 lata
1814 1355 2038 1388 demonstrant
2059 1365 2172 1388 exem-

239 1415 306 1459 pla.
358 1412 460 1454 Quod
485 1412 604 1456 igitur,
632 1422 708 1444 cum
736 1409 982 1442 circumflexum
1006 1412 1088 1440 esset
1109 1412 1141 1440 et
1164 1407 1431 1450 monosyllabum
1447 1403 1488 1448 ²⁵,
1517 1406 1683 1450 perdidit,
1709 1411 1831 1439 utnon
1853 1410 1936 1439 esset
1955 1406 2086 1448 tertiae,
2112 1404 2173 1438 sed

240 1466 368 1511 primae
395 1463 649 1508 coniugationis,
683 1472 777 1494 more
810 1460 934 1494 scilicet
962 1459 1102 1492 aliorum
1131 1459 1456 1503 monosyllaborum,
1486 1457 1568 1492 sicut
1591 1469 1654 1502 no,
1686 1469 1767 1500 nas,
1799 1461 1883 1502 mzt5
1903 1456 1981 1503 flo,
2005 1461 2078 1501 δίο,-
2093 1455 2173 1503 for,

243 1584 378 1620 laborat,
401 1591 473 1620 quae
497 1580 569 1620 quid
592 1579 647 1608 sibi
673 1579 768 1607 velint
789 1578 899 1606 nescio.
942 1575 1112 1606 Emendare
1135 1582 1185 1604 sat
1224 1587 1255 1615 p.
1300 1576 1360 1604 Iam
1380 1576 1449 1606 vide
1473 1580 1582 1614 quanto
1611 1575 1796 1605 mendosiora
1816 1575 1890 1605 haec
1912 1575 1994 1615 apud
2020 1575 2052 1604 P.
2079 1573 2174 1603 vendo

243 1632 286 1653 est
302 1626 380 1653 Cam.
404 1625 432 1653 P.
458 1629 486 1652 et
512 1623 579 1652 libri
607 1621 738 1650 Statiani.
768 1636 810 1642 —
843 1619 871 1660 1)
894 1620 950 1648 Vv.
972 1619 1006 1647 id
1027 1625 1069 1647 est
1096 1630 1184 1647 man-

245 1667 321 1695 duco
344 1667 375 1693 in
399 1667 469 1693 cod.
499 1676 515 1693 a
543 1676 597 1694 ser.
629 1674 718 1692 manu
743 1662 945 1702 suprascripta
975 1667 1055 1691 sunt.
1086 1677 1126 1683 —
1154 1662 1184 1698 2)

249 1709 479 1745 Com'ugationis
500 1712 542 1734 est
564 1707 677 1734 addunt
701 1705 771 1733 cod.
797 1710 826 1733 et
848 1705 928 1733 Cam.
953 1720 995 1726 -
1022 1705 1053 1739 3)
1077 1703 1186 1731 Autem

247 1756 273 1779 et
297 1750 368 1778 male
390 1749 549 1776 intrudunt
578 1749 657 1776 Cam.
687 1753 716 1776 et
747 1748 776 1776 P.
807 1764 848 1769 --
877 1749 904 1784 4)
931 1747 1030 1784 Quasi
1060 1747 1091 1773 in.
1117 1757 1185 1773 ma-

246 1802 320 1821 num
343 1790 380 1818 do
404 1791 483 1818 Cam.
508 1794 536 1818 et
565 1790 595 1817 P.
627 1788 871 1827 praepositionem
901 1789 1018 1826 ignorat
1047 1788 1117 1818 Cod.
1145 1804 1187 1810 -—

247 1838 277 1871 5)
299 1835 355 1862 E-st
377 1832 492 1860 addunt
513 1832 592 1860 Cam.
619 1832 650 1859 P.
679 1847 721 1852 —
756 1829 784 1869 6)
813 1831 887 1858 Male
909 1830 1026 1859 emendo
1052 1831 1130 1858 Cam.
1156 1830 1187 1857 P.

247 1874 388 1905 emendo
416 1875 488 1904 cod.
511 1874 530 1902 i.
550 1884 576 1904 e.
604 1871 744 1901 amando.
788 1873 851 1900 Nisi
875 1874 951 1902 sorte
975 1873 1077 1902 eodem
1100 1872 1187 1900 modo

246 1923 326 1949 recte
346 1917 454 1945 dicitur
477 1914 629 1953 amende,
651 1919 686 1942 ut
704 1913 889 1951 commendo,
912 1916 943 1943 in
965 1926 1023 1953 qua
1045 1917 1188 1943 sententia

248 1966 292 1990 est
312 1959 461 1988 Heinrich.
493 1959 530 1987 ad
557 1958 616 1987 Cic.
650 1961 724 1986 orat.
752 1967 807 1995 pro
830 1957 938 1985 Scauro
960 1958 1102 1995 fragium.
1124 1966 1188 1996 pag.

249 2002 319 2036 205·
349 2001 394 2029 ed.
427 2001 519 2030 Beier.
547 2016 587 2023 —-
621 2001 650 2036 7)
678 2000 719 2027 Et
747 2004 789 2026 est
818 1998 909 2026 aliud
941 2011 1044 2027 nomen
1065 1999 1190 2038 fundus

249 2044 409 2074 rectissime
426 2043 496 2071 Cod.
516 2043 560 2071 At
577 2041 668 2070 allud
685 2047 727 2069 est
752 2052 780 2069 η.
794 2042 827 2078 s.
850 2040 927 2070 Cam.
949 2042 978 2071 P.
1002 2059 1043 2063 —
1065 2044 1094 2078 3)
1114 2043 1188 2070 Vero

249 2087 406 2116 intrudunt
428 2086 506 2113 Cam.
527 2086 556 2115 P.
579 2100 620 2107 —
641 2086 671 2115 9)
686 2084 718 2112 A
737 2094 796 2122 quo
810 2082 908 2120 fund.
923 2083 994 2112 Cod.
1011 2095 1029 2111 a
1045 2095 1103 2122 quo
1125 2085 1189 2122 etsi

250 2130 330 2158 Cam.
352 2128 384 2157 P.
407 2127 443 2155 Et
459 2137 604 2166 suprascr.
626 2126 656 2154 in
675 2126 746 2155 Cod.
771 2136 786 2153 a
808 2136 863 2153 ser.
884 2135 920 2153 m.
944 2140 983 2145 —
1010 2128 1053 2162 10)
1079 2128 1191 2155 Coniu-

248 2171 384 2211 galiom's
408 2176 449 2197 est
473 2170 502 2197 P.
530 2171 586 2197 Est
603 2169 827 2207 coniugationis
848 2167 926 2195 Cam.
958 2182 1000 2187 —
1030 2167 1072 2205 11)
1097 2171 1190 2196 Suum

251 2215 446 2251 interponunt.
462 2212 541 2240 Cam.
562 2212 590 2239 Ρ.
614 2228 654 2232 —
682 2210 722 2247 12)
747 2210 847 2238 Codex
870 2208 1021 2238 mendose:
1046 2211 1091 2237 vel
1111 2222 1191 2238 com-

251 2255 401 2284 munibus.
423 2271 464 2275 -
490 2253 533 2291 13)
557 2252 643 2281 Dedo
665 2253 695 2280 in
718 2252 790 2281 Cod.
812 2261 960 2290 suprascr.
985 2251 1035 2278 sed
1059 2252 1092 2279 ab
1114 2253 1192 2280 anti-

253 2308 310 2336 qua
331 2306 428 2325 manu.
450 2313 491 2318 ——
522 2294 564 2332 14)
595 2293 688 2323 deo
711 2294 792 2322 addit
815 2296 892 2322 Cam.
917 2291 1022 2328 tendo,
1048 2294 1073 2320 is
1097 2295 1127 2323 P,
1151 2310 1192 2315 —-

255 2341 300 2376 15)
322 2339 400 2367 Haec
420 2339 460 2366 ila
479 2338 509 2366 in
533 2338 603 2366 Cod.
627 2335 716 2364 vendo
743 2347 780 2364 ac
799 2335 929 2364 redundo
953 2341 977 2362 el
1002 2335 1135 2363 venundo
1160 2342 1192 2363 zet

255 2380 379 2420 quidam
401 2385 455 2410 cet.
479 2380 559 2409 Cam.
584 2378 674 2408 vendo
705 2389 725 2407 α
751 2384 862 2407 cretum
890 2384 914 2406 et
946 2377 982 2405 (lo
1009 2384 1043 2405 ut
1065 2377 1193 2416 quidam

1227 1617 1361 1647 redundo
1384 1625 1410 1646 et
1426 1618 1564 1647 venundo
1586 1629 1605 1646 α
1627 1624 1740 1646 cretum
1761 1629 1798 1646 ac
1818 1629 1928 1647 venum
1948 1623 1974 1646 et
1993 1617 2032 1646 do
2058 1623 2093 1646 ut
2106 1619 2174 1656 quil-

1229 1660 1301 1689 dam
1313 1667 1438 1699 putant.
1481 1662 1624 1700 Apertum
1645 1661 1722 1689 enim
1745 1666 1805 1697 est,
1828 1671 1888 1690 una
1908 1661 2040 1689 litterula
2061 1663 2175 1688 mutata

1228 1704 1413 1732 verissimam
1442 1714 1503 1732 esse
1532 1703 1643 1731 codicis
1671 1703 1851 1741 scripturam
1886 1712 2008 1741 eamque
2039 1701 2175 1731 retinen-

1230 1746 1310 1774 dam:
1335 1745 1445 1784 vetulo,
1475 1757 1494 1774 α
1520 1751 1630 1773 cretum
1650 1744 1688 1773 do
1710 1751 1735 1773 et
1760 1756 1866 1774 venum
1888 1745 1925 1773 do
1952 1750 1986 1773 ut
2009 1755 2036 1782 q.
2055 1755 2092 1782 p.
2117 1748 2175 1774 cet·

1228 1804 1269 1809 ——
1292 1789 1338 1826 16)
1361 1789 1425 1817 Hoc
1448 1789 1534 1825 loco,
1558 1793 1592 1816 ut
1615 1787 1736 1816 videtur
1758 1793 1825 1816 ante
1847 1797 1897 1816 vv.
1917 1792 1951 1815 ut
1976 1785 2080 1815 eadem
2099 1785 2176 1815 haec

1229 1830 1261 1858 in
1280 1830 1352 1860 Cod.
1375 1831 1577 1869 suprascripta
1596 1830 1753 1867 leguntur:
1775 1840 1834 1858 non
1854 1831 1915 1857 nisi
1936 1831 1968 1858 in
1990 1829 2074 1857 verbo
2095 1826 2178 1867 quod

1231 1871 1283 1900 edo
1307 1878 1425 1901 tantum
1446 1872 1581 1910 ridetur,
1610 1881 1685 1910 quae
1709 1881 1766 1910 quo
1787 1872 1911 1900 reseram
1936 1882 1997 1900 non
2015 1871 2107 1899 habeo
2125 1871 2177 1900 di-

1231 1924 1305 1944 cere.
1340 1915 1412 1944 Item
1425 1916 1525 1954 paullo
1543 1919 1628 1954 post,
1652 1919 1719 1943 aute
1736 1915 1965 1953 v.fin‹1litatem
1982 1913 2017 1942 ab
2035 1913 2091 1942 alia
2110 1923 2176 1942 ma-

1231 1967 1274 1986 nu
1294 1957 1426 1986 additum
1443 1959 1561 1985 interim
1572 1979 1580 1994 ‚
1604 1956 1684 1994 quod
1699 1956 1810 1996 pariter
1825 1957 1953 1985 alienum
1973 1966 2035 1985 esse
2048 1955 2176 1985 videtur.

1233 2015 1273 2022 -
1298 2003 1341 2034 17)
1364 2000 1474 2029 Graeca
1498 1999 1570 2028 haec
1593 1999 1691 2027 omnia
1713 1999 1782 2027 satis
1804 1999 1882 2028 clare
1912 1999 2024 2038 scripta
2051 1998 2082 2026 in
2106 1997 2176 2027 Cod.

1233 2041 1348 2070 omissis
1369 2047 1467 2071 tamen
1492 2041 1644 2081 spiritibus
1672 2045 1700 2069 et
1724 2042 1904 2070 accentibus.
1947 2041 2024 2070 Ante
2046 2050 2074 2068 v.
2097 2041 2178 2071 συλαῖ

1233 2094 1249 2113 e
1269 2084 1340 2114 cod.
1361 2085 1523 2124 interposui
1553 2085 1709 2112 Graecum.
1744 2100 1786 2106 —
1831 2083 1873 2123 18)
1903 2084 1979 2112 Rem
1999 2087 2112 2111 tuentes
2135 2082 2178 2111 ita

1234 2127 1339 2166 scripsi
1362 2137 1376 2155 e
1397 2128 1485 2163 cod„
1507 2126 1559 2155 ubi
1583 2131 1625 2154 est
1641 2127 1832 2162 rennuentes,
1856 2130 1890 2154 ut
1908 2130 1996 2165 puto5
2019 2135 2087 2153 nam
2108 2124 2178 2164 quia

1233 2174 1376 2207 punctum
1393 2180 1480 2209 supra
1504 2171 1515 2197 ι’
1537 2169 1633 2205 deest,
1656 2168 1744 2197 etiam
1761 2180 1822 2197 rem
1839 2174 1952 2196 tuentes
1972 2167 2103 2197 voluisse
2118 2177 2178 2206 po-

1234 2216 1292 2239 test
1313 2212 1469 2250 librarius,
1492 2211 1523 2240 id
1542 2211 1621 2249 quod
1646 2210 1722 2242 dedi.
1768 2211 1942 2239 Cori-ectum
1961 2215 2021 2239 tam
2042 2210 2178 2247 refutan-

1236 2259 1277 2281 tes
1294 2264 1309 2281 a
1330 2265 1387 2283 rec.
1413 2266 1452 2283 m.
1477 2254 1565 2292 idque
1584 2252 1723 2281 exhibent
1747 2254 1776 2282 P.
1793 2254 1870 2282 Cam.
1892 2270 1935 2275 —-
1957 2251 2001 2291 19)
2017 2251 2090 2286 Inde,
2105 2249 2176 2280 eod.

1237 2296 1315 2323 cam.
1335 2296 1413 2324 unde
1427 2298 1457 2328 P,
1478 2296 1547 2324 inde
1565 2295 1703 2323 videntur
1720 2296 1798 2324 Cam.
1824 2313 1858 2318 —
1884 2295 1929 2334 20)
1950 2295 2047 2324 Verba
2064 2301 2177 2332 graeca

1236 2337 1298 2365 sol-'1
1319 2339 1351 2367 P.
1373 2356 1414 2361 —
1436 2340 1481 2377 21)
1505 2340 1628 2377 Quoque
1651 2338 1764 2367 addunt
1777 2339 1854 2368 Cam.
1877 2338 1908 2366 P.
1930 2353 1971 2360 —
1992 2337 2037 2373 22)
2060 2335 2177 2373 Cepisse

1237 2379 1308 2407 Cod.
1325 2382 1484 2420 accepisse
1503 2382 1532 2410 P.
1551 2382 1702 2419 recepisse
1721 2381 1799 2410 cam.
1821 2396 1863 2402 -
1884 2382 1928 2413 23)
1945 2379 2037 2407 Enim
2059 2376 2177 2406 deside-
