<?xml version="1.0" encoding="UTF-8"?>
<!DOCTYPE html PUBLIC "-//W3C//DTD XHTML 1.0 Transitional//EN"
    "http://www.w3.org/TR/xhtml1/DTD/xhtml1-transitional.dtd">
<html xmlns="http://www.w3.org/1999/xhtml" xml:lang="en" lang="en">
 <head>
  <title>
</title>
<meta http-equiv="Content-Type" content="text/html;charset=utf-8" />
  <meta name='ocr-system' content='tesseract 3.04.00' />
  <meta name='ocr-capabilities' content='ocr_page ocr_carea ocr_par ocr_line ocrx_word'/>
</head>
<body>
  <div class='ocr_page' id='page_1' title='image "./corpusgrammatico01linduoft_0227.png"; bbox 0 0 2263 2668; ppageno 0'>
   <div class='ocr_carea' id='block_1_1' title="bbox 750 126 1379 166">
    <p class='ocr_par' dir='ltr' id='par_1_1' title="bbox 750 126 1379 166">
     <span class='ocr_line' id='line_1_1' title="bbox 750 126 1379 166; baseline -0.003 0"><span class='ocrx_word' id='word_1_1' title='bbox 750 129 980 166; x_wconf 85' lang='lat' dir='ltr'><em>EXEMPLA</em></span> <span class='ocrx_word' id='word_1_2' title='bbox 1010 126 1379 165; x_wconf 84' lang='lat' dir='ltr'><em>ELOCUTIONUM.</em></span> 
     </span>
    </p>
   </div>
   <div class='ocr_carea' id='block_1_2' title="bbox 1955 143 2029 178">
    <p class='ocr_par' dir='ltr' id='par_1_2' title="bbox 1955 143 2029 178">
     <span class='ocr_line' id='line_1_2' title="bbox 1955 143 2029 178; baseline 0.014 -1"><span class='ocrx_word' id='word_1_3' title='bbox 1955 143 2029 178; x_wconf 83' lang='lat'><em>211</em></span> 
     </span>
    </p>
   </div>
   <div class='ocr_carea' id='block_1_3' title="bbox 87 218 2033 585">
    <p class='ocr_par' dir='ltr' id='par_1_3' title="bbox 88 218 2030 323">
     <span class='ocr_line' id='line_1_3' title="bbox 88 218 2030 272; baseline 0.002 -11"><span class='ocrx_word' id='word_1_4' title='bbox 88 225 235 261; x_wconf 81' lang='lat' dir='ltr'><em>Abdicat</em></span> <span class='ocrx_word' id='word_1_5' title='bbox 257 235 292 258; x_wconf 87' lang='lat' dir='ltr'><em>se</em></span> <span class='ocrx_word' id='word_1_6' title='bbox 313 223 371 257; x_wconf 83' lang='lat' dir='ltr'><em>illa</em></span> <span class='ocrx_word' id='word_1_7' title='bbox 390 235 435 257; x_wconf 87' lang='lat' dir='ltr'><em>re.</em></span> <span class='ocrx_word' id='word_1_8' title='bbox 457 222 578 258; x_wconf 85' lang='lat' dir='ltr'><em>Cicero</em></span> <span class='ocrx_word' id='word_1_9' title='bbox 601 223 635 256; x_wconf 88' lang='lat' dir='ltr'><em>in</em></span> <span class='ocrx_word' id='word_1_10' title='bbox 657 223 787 261; x_wconf 78' lang='lat' dir='ltr'><em>catilin.</em></span> <span class='ocrx_word' id='word_1_11' title='bbox 807 225 896 259; x_wconf 88' lang='lat' dir='ltr'><em>libro</em></span> <span class='ocrx_word' id='word_1_12' title='bbox 917 218 1027 259; x_wconf 73' lang='lat'><em>111.²⁴:</em></span> <span class='ocrx_word' id='word_1_13' title='bbox 1053 222 1222 257; x_wconf 80' lang='lat' dir='ltr'><em>Lentulus</em></span> <span class='ocrx_word' id='word_1_14' title='bbox 1240 234 1319 257; x_wconf 89' lang='lat' dir='ltr'><em>cum</em></span> <span class='ocrx_word' id='word_1_15' title='bbox 1347 235 1386 258; x_wconf 80' lang='lat' dir='ltr'><em>se</em></span> <span class='ocrx_word' id='word_1_16' title='bbox 1404 231 1582 271; x_wconf 81' lang='lat' dir='ltr'><em>praetura</em></span> <span class='ocrx_word' id='word_1_17' title='bbox 1594 228 1812 267; x_wconf 82' lang='lat' dir='ltr'><em>abdicasset.</em></span> <span class='ocrx_word' id='word_1_18' title='bbox 1863 235 2030 272; x_wconf 63' lang='lat' dir='ltr'><em>Abdicata</em></span> 
     </span>
     <span class='ocr_line' id='line_1_4' title="bbox 189 272 1797 323; baseline 0.006 -15"><span class='ocrx_word' id='word_1_19' title='bbox 189 276 247 309; x_wconf 87' lang='lat' dir='ltr'><em>illa</em></span> <span class='ocrx_word' id='word_1_20' title='bbox 262 272 347 309; x_wconf 75' lang='lat' dir='ltr'><em>re²⁵z</em></span> <span class='ocrx_word' id='word_1_21' title='bbox 373 275 493 309; x_wconf 81' lang='lat' dir='ltr'><em>Salust.</em></span> <span class='ocrx_word' id='word_1_22' title='bbox 516 275 616 309; x_wconf 92' lang='lat' dir='ltr'><em>Bello</em></span> <span class='ocrx_word' id='word_1_23' title='bbox 639 275 735 309; x_wconf 83' lang='lat' dir='ltr'><em>Catil.</em></span> <span class='ocrx_word' id='word_1_24' title='bbox 764 277 915 311; x_wconf 88' lang='lat' dir='ltr'><em>Senatus</em></span> <span class='ocrx_word' id='word_1_25' title='bbox 939 275 1097 309; x_wconf 78' lang='lat' dir='ltr'><em>decernit</em></span> <span class='ocrx_word' id='word_1_26' title='bbox 1114 275 1165 308; x_wconf 88' lang='lat' dir='ltr'><em>uti</em></span> <span class='ocrx_word' id='word_1_27' title='bbox 1187 274 1356 309; x_wconf 87' lang='lat' dir='ltr'><em>abdicato</em></span> <span class='ocrx_word' id='word_1_28' title='bbox 1379 279 1597 323; x_wconf 87' lang='lat' dir='ltr'><em>magistratu</em></span> <span class='ocrx_word' id='word_1_29' title='bbox 1621 282 1797 317; x_wconf 80' lang='lat' dir='ltr'><em>Lentulus.</em></span> 
     </span>
    </p>

    <p class='ocr_par' dir='ltr' id='par_1_4' title="bbox 87 324 2032 484">
     <span class='ocr_line' id='line_1_5' title="bbox 87 324 2029 385; baseline 0.006 -25"><span class='ocrx_word' id='word_1_30' title='bbox 87 328 243 373; x_wconf 84' lang='lat' dir='ltr'><strong>Amplius</strong></span> <span class='ocrx_word' id='word_1_31' title='bbox 264 327 322 360; x_wconf 87' lang='lat' dir='ltr'><em>illa</em></span> <span class='ocrx_word' id='word_1_32' title='bbox 342 338 388 360; x_wconf 87' lang='lat' dir='ltr'><em>re.</em></span> <span class='ocrx_word' id='word_1_33' title='bbox 416 326 486 361; x_wconf 91' lang='lat' dir='ltr'><em>Cic.</em></span> <span class='ocrx_word' id='word_1_34' title='bbox 512 324 788 362; x_wconf 80' lang='lat' dir='ltr'><em>Frumentaria²⁸z</em></span> <span class='ocrx_word' id='word_1_35' title='bbox 819 328 916 375; x_wconf 73' lang='lat' dir='ltr'><em>Quid</em></span> <span class='ocrx_word' id='word_1_36' title='bbox 940 328 971 361; x_wconf 85' lang='lat' dir='ltr'><em>si</em></span> <span class='ocrx_word' id='word_1_37' title='bbox 992 325 1132 359; x_wconf 81' lang='lat' dir='ltr'><em>duabus</em></span> <span class='ocrx_word' id='word_1_38' title='bbox 1158 325 1321 371; x_wconf 79' lang='lat' dir='ltr'><em>partibus</em></span> <span class='ocrx_word' id='word_1_39' title='bbox 1344 327 1452 362; x_wconf 88' lang='lat' dir='ltr'><em>doceo</em></span> <span class='ocrx_word' id='word_1_40' title='bbox 1476 334 1510 364; x_wconf 87' lang='lat' dir='ltr'><em>te</em></span> <span class='ocrx_word' id='word_1_41' title='bbox 1536 333 1689 377; x_wconf 82' lang='lat' dir='ltr'><em>amplius</em></span> <span class='ocrx_word' id='word_1_42' title='bbox 1703 334 1879 379; x_wconf 75' lang='lat' dir='ltr'><em>frumenti</em></span> <span class='ocrx_word' id='word_1_43' title='bbox 1908 336 2029 385; x_wconf 80' lang='lat'>[490]</span> 
     </span>
     <span class='ocr_line' id='line_1_6' title="bbox 189 375 2032 426; baseline 0.007 -15"><span class='ocrx_word' id='word_1_44' title='bbox 189 378 390 420; x_wconf 79' lang='lat' dir='ltr'><em>abstulisse,</em></span> <span class='ocrx_word' id='word_1_45' title='bbox 424 389 530 423; x_wconf 85' lang='lat' dir='ltr'><em>quam</em></span> <span class='ocrx_word' id='word_1_46' title='bbox 551 379 684 423; x_wconf 77' lang='lat' dir='ltr'><em>populo</em></span> <span class='ocrx_word' id='word_1_47' title='bbox 718 379 880 413; x_wconf 87' lang='lat' dir='ltr'><em>Romano</em></span> <span class='ocrx_word' id='word_1_48' title='bbox 905 375 1066 412; x_wconf 75' lang='lat' dir='ltr'><em>misisse?</em></span> <span class='ocrx_word' id='word_1_49' title='bbox 1099 377 1217 411; x_wconf 82' lang='lat' dir='ltr'><em>Salust.</em></span> <span class='ocrx_word' id='word_1_50' title='bbox 1241 377 1337 412; x_wconf 83' lang='lat' dir='ltr'><em>Catil.</em></span> <span class='ocrx_word' id='word_1_51' title='bbox 1347 375 1388 411; x_wconf 74' lang='lat'><em>²²:</em></span> <span class='ocrx_word' id='word_1_52' title='bbox 1407 380 1571 426; x_wconf 80' lang='lat' dir='ltr'><em>Amplius</em></span> <span class='ocrx_word' id='word_1_53' title='bbox 1596 384 1731 419; x_wconf 87' lang='lat' dir='ltr'><em>duobus</em></span> <span class='ocrx_word' id='word_1_54' title='bbox 1755 387 1917 421; x_wconf 78' lang='lat' dir='ltr'><em>millibus.</em></span> <span class='ocrx_word' id='word_1_55' title='bbox 1947 390 2032 423; x_wconf 89' lang='lat' dir='ltr'><em>Am—</em></span> 
     </span>
     <span class='ocr_line' id='line_1_7' title="bbox 190 428 1985 484; baseline 0.006 -21"><span class='ocrx_word' id='word_1_56' title='bbox 190 431 280 476; x_wconf 85' lang='lat' dir='ltr'><em>plius</em></span> <span class='ocrx_word' id='word_1_57' title='bbox 299 430 390 463; x_wconf 84' lang='lat' dir='ltr'><em>illam</em></span> <span class='ocrx_word' id='word_1_58' title='bbox 405 441 486 463; x_wconf 89' lang='lat' dir='ltr'><em>rem.</em></span> <span class='ocrx_word' id='word_1_59' title='bbox 512 429 608 462; x_wconf 91' lang='lat' dir='ltr'><em>ldem</em></span> <span class='ocrx_word' id='word_1_60' title='bbox 629 430 663 462; x_wconf 90' lang='lat' dir='ltr'><em>in</em></span> <span class='ocrx_word' id='word_1_61' title='bbox 682 428 860 464; x_wconf 59' lang='lat' dir='ltr'><em>eodemffl:</em></span> <span class='ocrx_word' id='word_1_62' title='bbox 885 429 1051 476; x_wconf 81' lang='lat' dir='ltr'><em>Amplius</em></span> <span class='ocrx_word' id='word_1_63' title='bbox 1078 440 1186 462; x_wconf 85' lang='lat' dir='ltr'><em>annos</em></span> <span class='ocrx_word' id='word_1_64' title='bbox 1212 430 1364 474; x_wconf 84' lang='lat' dir='ltr'><em>triginta</em></span> <span class='ocrx_word' id='word_1_65' title='bbox 1391 441 1468 464; x_wconf 89' lang='lat' dir='ltr'><em>cum</em></span> <span class='ocrx_word' id='word_1_66' title='bbox 1495 445 1633 479; x_wconf 82' lang='lat' dir='ltr'><em>magna</em></span> <span class='ocrx_word' id='word_1_67' title='bbox 1658 437 1781 481; x_wconf 85' lang='lat' dir='ltr'><em>gloria</em></span> <span class='ocrx_word' id='word_1_68' title='bbox 1797 438 1936 484; x_wconf 72' lang='lat' dir='ltr'><em>ficerat.</em></span> <span class='ocrx_word' id='word_1_69' title='bbox 1983 473 1985 476; x_wconf 18' lang='grc' dir='ltr'><em>Α</em></span> 
     </span>
    </p>

    <p class='ocr_par' dir='ltr' id='par_1_5' title="bbox 87 478 2033 585">
     <span class='ocr_line' id='line_1_8' title="bbox 87 478 2032 528; baseline 0.002 -13"><span class='ocrx_word' id='word_1_70' title='bbox 87 481 257 517; x_wconf 88' lang='lat' dir='ltr'><em>Adversus</em></span> <span class='ocrx_word' id='word_1_71' title='bbox 278 481 376 515; x_wconf 88' lang='lat' dir='ltr'><em>illius.</em></span> <span class='ocrx_word' id='word_1_72' title='bbox 403 481 471 514; x_wconf 87' lang='lat' dir='ltr'><em>Sal.</em></span> <span class='ocrx_word' id='word_1_73' title='bbox 488 478 666 526; x_wconf 81' lang='lat' dir='ltr'><em>Iugurt.²⁹:</em></span> <span class='ocrx_word' id='word_1_74' title='bbox 690 482 780 516; x_wconf 85' lang='lat' dir='ltr'><em>Acri</em></span> <span class='ocrx_word' id='word_1_75' title='bbox 805 482 896 524; x_wconf 85' lang='lat' dir='ltr'><em>viro,</em></span> <span class='ocrx_word' id='word_1_76' title='bbox 923 486 955 515; x_wconf 91' lang='lat' dir='ltr'><em>et</em></span> <span class='ocrx_word' id='word_1_77' title='bbox 982 491 1197 526; x_wconf 87' lang='lat' dir='ltr'><em>quamquam</em></span> <span class='ocrx_word' id='word_1_78' title='bbox 1223 481 1375 528; x_wconf 86' lang='lat' dir='ltr'><em>adverso</em></span> <span class='ocrx_word' id='word_1_79' title='bbox 1396 485 1532 528; x_wconf 79' lang='lat' dir='ltr'><em>populi,</em></span> <span class='ocrx_word' id='word_1_80' title='bbox 1559 487 1598 520; x_wconf 84' lang='lat' dir='ltr'><em>id</em></span> <span class='ocrx_word' id='word_1_81' title='bbox 1624 491 1674 520; x_wconf 81' lang='lat' dir='ltr'><em>est</em></span> <span class='ocrx_word' id='word_1_82' title='bbox 1700 489 1873 524; x_wconf 68' lang='lat' dir='ltr'><em>adversus</em></span> <span class='ocrx_word' id='word_1_83' title='bbox 1894 492 1948 525; x_wconf 72' lang='lat' dir='ltr'><em>illi</em></span> <span class='ocrx_word' id='word_1_84' title='bbox 1969 503 2032 525; x_wconf 88' lang='lat' dir='ltr'><em>no-</em></span> 
     </span>
     <span class='ocr_line' id='line_1_9' title="bbox 191 528 2033 585; baseline 0.007 -19"><span class='ocrx_word' id='word_1_85' title='bbox 191 533 345 567; x_wconf 84' lang='lat' dir='ltr'><em>bilitatis.</em></span> <span class='ocrx_word' id='word_1_86' title='bbox 396 532 583 566; x_wconf 84' lang='lat' dir='ltr'><em>Adversum</em></span> <span class='ocrx_word' id='word_1_87' title='bbox 606 538 639 567; x_wconf 82' lang='lat' dir='ltr'><em>te</em></span> <span class='ocrx_word' id='word_1_88' title='bbox 663 545 728 578; x_wconf 86' lang='lat' dir='ltr'><em>pro</em></span> <span class='ocrx_word' id='word_1_89' title='bbox 755 534 847 579; x_wconf 87' lang='lat' dir='ltr'><em>apud</em></span> <span class='ocrx_word' id='word_1_90' title='bbox 867 538 911 567; x_wconf 86' lang='lat' dir='ltr'><em>te.</em></span> <span class='ocrx_word' id='word_1_91' title='bbox 937 533 1074 568; x_wconf 76' lang='lat' dir='ltr'><em>Terent.</em></span> <span class='ocrx_word' id='word_1_92' title='bbox 1101 532 1135 564; x_wconf 91' lang='lat' dir='ltr'><em>in</em></span> <span class='ocrx_word' id='word_1_93' title='bbox 1160 528 1300 566; x_wconf 74' lang='lat' dir='ltr'><em>And.³⁰:</em></span> <span class='ocrx_word' id='word_1_94' title='bbox 1325 532 1375 566; x_wconf 84' lang='lat' dir='ltr'><em>Et</em></span> <span class='ocrx_word' id='word_1_95' title='bbox 1397 534 1436 568; x_wconf 84' lang='lat' dir='ltr'><em>id</em></span> <span class='ocrx_word' id='word_1_96' title='bbox 1466 541 1614 582; x_wconf 82' lang='lat' dir='ltr'><em>gratum</em></span> <span class='ocrx_word' id='word_1_97' title='bbox 1637 538 1757 585; x_wconf 79' lang='lat' dir='ltr'><em>fuisse</em></span> <span class='ocrx_word' id='word_1_98' title='bbox 1783 541 1973 576; x_wconf 86' lang='lat' dir='ltr'><em>adversum</em></span> <span class='ocrx_word' id='word_1_99' title='bbox 1999 547 2033 578; x_wconf 86' lang='lat' dir='ltr'><em>te</em></span> 
     </span>
    </p>
   </div>
   <div class='ocr_carea' id='block_1_4' title="bbox 190 583 497 629">
    <p class='ocr_par' dir='ltr' id='par_1_6' title="bbox 190 583 497 629">
     <span class='ocr_line' id='line_1_10' title="bbox 190 583 497 629; baseline -0.003 -12"><span class='ocrx_word' id='word_1_100' title='bbox 190 583 304 617; x_wconf 83' lang='lat' dir='ltr'><em>habeo</em></span> <span class='ocrx_word' id='word_1_101' title='bbox 324 584 497 629; x_wconf 82' lang='lat' dir='ltr'><em>gratiam.</em></span> 
     </span>
    </p>
   </div>
   <div class='ocr_carea' id='block_1_5' title="bbox 86 632 2034 1254">
    <p class='ocr_par' dir='ltr' id='par_1_7' title="bbox 86 632 2034 1094">
     <span class='ocr_line' id='line_1_11' title="bbox 86 632 2033 689; baseline 0.005 -20"><span class='ocrx_word' id='word_1_102' title='bbox 86 634 144 671; x_wconf 88' lang='lat' dir='ltr'><em>Ad</em></span> <span class='ocrx_word' id='word_1_103' title='bbox 171 640 203 669; x_wconf 86' lang='lat' dir='ltr'><em>et</em></span> <span class='ocrx_word' id='word_1_104' title='bbox 227 635 319 679; x_wconf 91' lang='lat' dir='ltr'><em>apud</em></span> <span class='ocrx_word' id='word_1_105' title='bbox 344 635 481 669; x_wconf 85' lang='lat' dir='ltr'><em>confuse</em></span> <span class='ocrx_word' id='word_1_106' title='bbox 507 639 684 679; x_wconf 85' lang='lat' dir='ltr'><em>ponuntur.</em></span> <span class='ocrx_word' id='word_1_107' title='bbox 711 632 839 681; x_wconf 78' lang='lat' dir='ltr'><em>Virg.³¹</em></span> <span class='ocrx_word' id='word_1_108' title='bbox 868 636 952 669; x_wconf 89' lang='lat' dir='ltr'><em>Aen.</em></span> <span class='ocrx_word' id='word_1_109' title='bbox 973 634 1020 668; x_wconf 85' lang='lat'><em>1.:</em></span> <span class='ocrx_word' id='word_1_110' title='bbox 1053 633 1183 668; x_wconf 86' lang='lat' dir='ltr'><em>Prima</em></span> <span class='ocrx_word' id='word_1_111' title='bbox 1217 635 1312 680; x_wconf 86' lang='lat' dir='ltr'><em>quod</em></span> <span class='ocrx_word' id='word_1_112' title='bbox 1349 635 1402 669; x_wconf 87' lang='lat' dir='ltr'><em>ad</em></span> <span class='ocrx_word' id='word_1_113' title='bbox 1438 637 1579 672; x_wconf 82' lang='lat' dir='ltr'><em>Troiam</em></span> <span class='ocrx_word' id='word_1_114' title='bbox 1610 651 1680 686; x_wconf 80' lang='lat' dir='ltr'><em>pro</em></span> <span class='ocrx_word' id='word_1_115' title='bbox 1714 643 1809 677; x_wconf 89' lang='lat' dir='ltr'><em>caris</em></span> <span class='ocrx_word' id='word_1_116' title='bbox 1822 640 1847 661; x_wconf 83' lang='lat'><em>³²</em></span> <span class='ocrx_word' id='word_1_117' title='bbox 1868 650 2033 689; x_wconf 81' lang='lat' dir='ltr'><em>gesserat</em></span> 
     </span>
     <span class='ocr_line' id='line_1_12' title="bbox 190 684 2033 734; baseline 0.005 -13"><span class='ocrx_word' id='word_1_118' title='bbox 190 686 315 732; x_wconf 88' lang='lat' dir='ltr'><em>Argis.</em></span> <span class='ocrx_word' id='word_1_119' title='bbox 342 687 441 720; x_wconf 91' lang='lat' dir='ltr'><em>Idem</em></span> <span class='ocrx_word' id='word_1_120' title='bbox 468 687 608 722; x_wconf 89' lang='lat' dir='ltr'><em>Aeneid.</em></span> <span class='ocrx_word' id='word_1_121' title='bbox 636 687 693 720; x_wconf 85' lang='grc' dir='ltr'><em>ΧΙ.</em></span> <span class='ocrx_word' id='word_1_122' title='bbox 702 684 745 722; x_wconf 84' lang='lat'><em>³³:</em></span> <span class='ocrx_word' id='word_1_123' title='bbox 779 687 954 734; x_wconf 73' lang='lat' dir='ltr'><em>Quicquid</em></span> <span class='ocrx_word' id='word_1_124' title='bbox 980 686 1080 732; x_wconf 79' lang='lat' dir='ltr'><em>apud</em></span> <span class='ocrx_word' id='word_1_125' title='bbox 1106 686 1222 720; x_wconf 83' lang='lat' dir='ltr'><em>durae</em></span> <span class='ocrx_word' id='word_1_126' title='bbox 1249 691 1421 721; x_wconf 87' lang='lat' dir='ltr'><em>cessatum</em></span> <span class='ocrx_word' id='word_1_127' title='bbox 1435 685 1460 706; x_wconf 67' lang='lat'><em>³⁴</em></span> <span class='ocrx_word' id='word_1_128' title='bbox 1486 694 1535 724; x_wconf 90' lang='lat' dir='ltr'><em>est</em></span> <span class='ocrx_word' id='word_1_129' title='bbox 1561 693 1697 726; x_wconf 87' lang='lat' dir='ltr'><em>moenia</em></span> <span class='ocrx_word' id='word_1_130' title='bbox 1729 694 1865 730; x_wconf 82' lang='lat' dir='ltr'><em>Troiae.</em></span> <span class='ocrx_word' id='word_1_131' title='bbox 1896 696 2033 730; x_wconf 84' lang='lat' dir='ltr'><em>Terent.</em></span> 
     </span>
     <span class='ocr_line' id='line_1_13' title="bbox 188 734 2034 791; baseline 0.006 -21"><span class='ocrx_word' id='word_1_132' title='bbox 188 734 391 783; x_wconf 85' lang='lat' dir='ltr'><em>Adelph.³⁵:</em></span> <span class='ocrx_word' id='word_1_133' title='bbox 415 738 502 784; x_wconf 85' lang='lat' dir='ltr'><em>Ego</em></span> <span class='ocrx_word' id='word_1_134' title='bbox 529 738 724 780; x_wconf 85' lang='lat' dir='ltr'><em>Mitionem‚</em></span> <span class='ocrx_word' id='word_1_135' title='bbox 750 740 780 773; x_wconf 87' lang='lat' dir='ltr'><em>si</em></span> <span class='ocrx_word' id='word_1_136' title='bbox 806 740 857 773; x_wconf 90' lang='lat' dir='ltr'><em>ad</em></span> <span class='ocrx_word' id='word_1_137' title='bbox 873 739 1000 785; x_wconf 83' lang='lat' dir='ltr'><em>forum</em></span> <span class='ocrx_word' id='word_1_138' title='bbox 1027 742 1088 779; x_wconf 84' lang='lat' dir='ltr'><em>est,</em></span> <span class='ocrx_word' id='word_1_139' title='bbox 1115 739 1329 775; x_wconf 84' lang='lat' dir='ltr'><em>conveniam.</em></span> <span class='ocrx_word' id='word_1_140' title='bbox 1356 739 1452 773; x_wconf 83' lang='lat' dir='ltr'><em>Idem</em></span> <span class='ocrx_word' id='word_1_141' title='bbox 1467 741 1499 774; x_wconf 91' lang='lat' dir='ltr'><em>in</em></span> <span class='ocrx_word' id='word_1_142' title='bbox 1514 740 1648 777; x_wconf 77' lang='lat' dir='ltr'><em>And.³&#39;&#39;&#39;:</em></span> <span class='ocrx_word' id='word_1_143' title='bbox 1674 745 1785 790; x_wconf 82' lang='lat' dir='ltr'><em>Apud</em></span> <span class='ocrx_word' id='word_1_144' title='bbox 1797 746 1917 791; x_wconf 80' lang='lat' dir='ltr'><em>sorum</em></span> <span class='ocrx_word' id='word_1_145' title='bbox 1929 748 2034 781; x_wconf 88' lang='lat' dir='ltr'><em>modo</em></span> 
     </span>
     <span class='ocr_line' id='line_1_14' title="bbox 189 788 2034 843; baseline 0.005 -20"><span class='ocrx_word' id='word_1_146' title='bbox 189 800 210 824; x_wconf 88' lang='lat' dir='ltr'><em>e</em></span> <span class='ocrx_word' id='word_1_147' title='bbox 234 789 341 823; x_wconf 87' lang='lat' dir='ltr'><em>Davo</em></span> <span class='ocrx_word' id='word_1_148' title='bbox 367 790 497 823; x_wconf 86' lang='lat' dir='ltr'><em>audivi.</em></span> <span class='ocrx_word' id='word_1_149' title='bbox 525 790 596 825; x_wconf 93' lang='lat' dir='ltr'><em>Cic.</em></span> <span class='ocrx_word' id='word_1_150' title='bbox 624 802 687 835; x_wconf 83' lang='lat' dir='ltr'><em>pro</em></span> <span class='ocrx_word' id='word_1_151' title='bbox 713 788 885 824; x_wconf 76' lang='lat' dir='ltr'><em>Roscio³²z</em></span> <span class='ocrx_word' id='word_1_152' title='bbox 912 790 968 824; x_wconf 89' lang='lat' dir='ltr'><em>Ac</em></span> <span class='ocrx_word' id='word_1_153' title='bbox 993 789 1233 823; x_wconf 82' lang='lat' dir='ltr'><em>tantummodo</em></span> <span class='ocrx_word' id='word_1_154' title='bbox 1259 791 1416 825; x_wconf 79' lang='lat' dir='ltr'><em>aleretur</em></span> <span class='ocrx_word' id='word_1_155' title='bbox 1441 793 1493 826; x_wconf 85' lang='lat' dir='ltr'><em>ad</em></span> <span class='ocrx_word' id='word_1_156' title='bbox 1515 794 1644 828; x_wconf 86' lang='lat' dir='ltr'><em>villam.</em></span> <span class='ocrx_word' id='word_1_157' title='bbox 1672 796 1806 831; x_wconf 83' lang='lat' dir='ltr'><em>Terent.</em></span> <span class='ocrx_word' id='word_1_158' title='bbox 1832 796 2034 843; x_wconf 73' lang='lat' dir='ltr'><em>Adelph.³⁸:</em></span> 
     </span>
     <span class='ocr_line' id='line_1_15' title="bbox 186 839 2033 891; baseline 0.005 -17"><span class='ocrx_word' id='word_1_159' title='bbox 186 840 301 887; x_wconf 78' lang='lat' dir='ltr'><em>Apud</em></span> <span class='ocrx_word' id='word_1_160' title='bbox 326 841 449 875; x_wconf 85' lang='lat' dir='ltr'><em>villam</em></span> <span class='ocrx_word' id='word_1_161' title='bbox 476 845 535 875; x_wconf 89' lang='lat' dir='ltr'><em>est.</em></span> <span class='ocrx_word' id='word_1_162' title='bbox 563 842 631 877; x_wconf 84' lang='lat' dir='ltr'><em>Sal.</em></span> <span class='ocrx_word' id='word_1_163' title='bbox 656 839 784 887; x_wconf 76' lang='lat' dir='ltr'><em>Iug.³⁹:</em></span> <span class='ocrx_word' id='word_1_164' title='bbox 811 842 869 876; x_wconf 91' lang='lat' dir='ltr'><em>Ibi</em></span> <span class='ocrx_word' id='word_1_165' title='bbox 895 842 1021 883; x_wconf 86' lang='lat' dir='ltr'><em>latine,</em></span> <span class='ocrx_word' id='word_1_166' title='bbox 1054 853 1139 875; x_wconf 85' lang='lat' dir='ltr'><em>nam</em></span> <span class='ocrx_word' id='word_1_167' title='bbox 1165 841 1216 875; x_wconf 85' lang='lat' dir='ltr'><em>ad</em></span> <span class='ocrx_word' id='word_1_168' title='bbox 1241 841 1474 877; x_wconf 78' lang='lat' dir='ltr'><em>Numantiam</em></span> <span class='ocrx_word' id='word_1_169' title='bbox 1500 845 1592 891; x_wconf 82' lang='lat' dir='ltr'><em>loqui</em></span> <span class='ocrx_word' id='word_1_170' title='bbox 1618 847 1811 891; x_wconf 81' lang='lat' dir='ltr'><em>didicerat,</em></span> <span class='ocrx_word' id='word_1_171' title='bbox 1844 850 2033 883; x_wconf 80' lang='lat' dir='ltr'><em>exclamat.</em></span> 
     </span>
     <span class='ocr_line' id='line_1_16' title="bbox 189 892 2033 942; baseline 0.004 -15"><span class='ocrx_word' id='word_1_172' title='bbox 189 892 247 927; x_wconf 88' lang='lat' dir='ltr'><em>Ad</em></span> <span class='ocrx_word' id='word_1_173' title='bbox 274 893 412 937; x_wconf 90' lang='lat' dir='ltr'><em>quidam</em></span> <span class='ocrx_word' id='word_1_174' title='bbox 438 904 502 938; x_wconf 87' lang='lat' dir='ltr'><em>pro</em></span> <span class='ocrx_word' id='word_1_175' title='bbox 525 893 615 927; x_wconf 84' lang='lat' dir='ltr'><em>iuxta</em></span> <span class='ocrx_word' id='word_1_176' title='bbox 640 894 695 927; x_wconf 89' lang='lat' dir='ltr'><em>vel</em></span> <span class='ocrx_word' id='word_1_177' title='bbox 722 894 810 928; x_wconf 88' lang='lat' dir='ltr'><em>circa</em></span> <span class='ocrx_word' id='word_1_178' title='bbox 844 894 925 939; x_wconf 91' lang='lat' dir='ltr'><em>poni</em></span> <span class='ocrx_word' id='word_1_179' title='bbox 959 893 1074 927; x_wconf 80' lang='lat' dir='ltr'><em>dicunt</em></span> <span class='ocrx_word' id='word_1_180' title='bbox 1099 892 1267 927; x_wconf 82' lang='lat' dir='ltr'><em>Ciceronis</em></span> <span class='ocrx_word' id='word_1_181' title='bbox 1302 894 1335 927; x_wconf 91' lang='lat' dir='ltr'><em>in</em></span> <span class='ocrx_word' id='word_1_182' title='bbox 1363 895 1524 929; x_wconf 80' lang='lat' dir='ltr'><em>Siciliensi</em></span> <span class='ocrx_word' id='word_1_183' title='bbox 1559 896 1764 942; x_wconf 73' lang='lat' dir='ltr'><em>exemplo⁴⁰z</em></span> <span class='ocrx_word' id='word_1_184' title='bbox 1800 899 1931 934; x_wconf 82' lang='lat' dir='ltr'><em>Statim</em></span> <span class='ocrx_word' id='word_1_185' title='bbox 1956 901 2033 935; x_wconf 88' lang='lat' dir='ltr'><em>Ro-</em></span> 
     </span>
     <span class='ocr_line' id='line_1_17' title="bbox 187 944 2033 996; baseline 0.005 -19"><span class='ocrx_word' id='word_1_186' title='bbox 187 955 270 977; x_wconf 89' lang='lat' dir='ltr'><em>mae</em></span> <span class='ocrx_word' id='word_1_187' title='bbox 301 948 334 978; x_wconf 90' lang='lat' dir='ltr'><em>et</em></span> <span class='ocrx_word' id='word_1_188' title='bbox 366 944 417 977; x_wconf 89' lang='lat' dir='ltr'><em>ad</em></span> <span class='ocrx_word' id='word_1_189' title='bbox 455 944 586 978; x_wconf 82' lang='lat' dir='ltr'><em>Urbem</em></span> <span class='ocrx_word' id='word_1_190' title='bbox 619 956 791 991; x_wconf 82' lang='lat' dir='ltr'><em>quaerere</em></span> <span class='ocrx_word' id='word_1_191' title='bbox 824 949 858 979; x_wconf 93' lang='lat' dir='ltr'><em>et</em></span> <span class='ocrx_word' id='word_1_192' title='bbox 892 945 1038 991; x_wconf 86' lang='lat' dir='ltr'><em>agitare</em></span> <span class='ocrx_word' id='word_1_193' title='bbox 1073 956 1152 978; x_wconf 87' lang='lat' dir='ltr'><em>cum</em></span> <span class='ocrx_word' id='word_1_194' title='bbox 1183 946 1255 979; x_wconf 87' lang='lat' dir='ltr'><em>suis</em></span> <span class='ocrx_word' id='word_1_195' title='bbox 1289 947 1417 991; x_wconf 77' lang='lat' dir='ltr'><em>coepit,</em></span> <span class='ocrx_word' id='word_1_196' title='bbox 1454 948 1489 980; x_wconf 90' lang='lat' dir='ltr'><em>id</em></span> <span class='ocrx_word' id='word_1_197' title='bbox 1516 949 1619 982; x_wconf 79' lang='lat' dir='ltr'><em>estin</em></span> <span class='ocrx_word' id='word_1_198' title='bbox 1651 950 1762 993; x_wconf 86' lang='lat' dir='ltr'><em>Urbe,</em></span> <span class='ocrx_word' id='word_1_199' title='bbox 1796 955 1829 984; x_wconf 90' lang='lat' dir='ltr'><em>et</em></span> <span class='ocrx_word' id='word_1_200' title='bbox 1851 951 2033 996; x_wconf 82' lang='lat' dir='ltr'><em>profectus</em></span> 
     </span>
     <span class='ocr_line' id='line_1_18' title="bbox 188 993 2033 1044; baseline 0.005 -16"><span class='ocrx_word' id='word_1_201' title='bbox 188 995 279 1038; x_wconf 84' lang='lat' dir='ltr'><em>iam,</em></span> <span class='ocrx_word' id='word_1_202' title='bbox 311 996 411 1029; x_wconf 66' lang='lat' dir='ltr'><em>iuxta</em></span> <span class='ocrx_word' id='word_1_203' title='bbox 451 995 593 1031; x_wconf 85' lang='lat' dir='ltr'><em>Urbem.</em></span> <span class='ocrx_word' id='word_1_204' title='bbox 646 997 717 1030; x_wconf 87' lang='lat' dir='ltr'><em>Sed</em></span> <span class='ocrx_word' id='word_1_205' title='bbox 748 997 880 1042; x_wconf 84' lang='lat' dir='ltr'><em>gravius</em></span> <span class='ocrx_word' id='word_1_206' title='bbox 913 997 965 1030; x_wconf 89' lang='lat' dir='ltr'><em>his</em></span> <span class='ocrx_word' id='word_1_207' title='bbox 982 993 1007 1013; x_wconf 82' lang='lat'><em>⁴¹</em></span> <span class='ocrx_word' id='word_1_208' title='bbox 1041 996 1190 1030; x_wconf 80' lang='lat' dir='ltr'><em>adfertur</em></span> <span class='ocrx_word' id='word_1_209' title='bbox 1224 999 1414 1043; x_wconf 81' lang='lat' dir='ltr'><em>exemplum</em></span> <span class='ocrx_word' id='word_1_210' title='bbox 1441 1011 1459 1033; x_wconf 89' lang='lat' dir='ltr'><em>e</em></span> <span class='ocrx_word' id='word_1_211' title='bbox 1485 1000 1593 1044; x_wconf 84' lang='lat' dir='ltr'><em>prima</em></span> <span class='ocrx_word' id='word_1_212' title='bbox 1621 1001 1762 1036; x_wconf 81' lang='lat' dir='ltr'><em>Actione</em></span> <span class='ocrx_word' id='word_1_213' title='bbox 1787 1002 1819 1035; x_wconf 90' lang='lat' dir='ltr'><em>in</em></span> <span class='ocrx_word' id='word_1_214' title='bbox 1845 1000 2033 1037; x_wconf 82' lang='lat' dir='ltr'><em>verrem⁴²=</em></span> 
     </span>
     <span class='ocr_line' id='line_1_19' title="bbox 188 1044 1366 1094; baseline 0.003 -14"><span class='ocrx_word' id='word_1_215' title='bbox 188 1046 250 1080; x_wconf 74' lang='lat' dir='ltr'><em>Ex</em></span> <span class='ocrx_word' id='word_1_216' title='bbox 276 1047 331 1080; x_wconf 87' lang='lat' dir='ltr'><em>his</em></span> <span class='ocrx_word' id='word_1_217' title='bbox 356 1048 455 1092; x_wconf 85' lang='lat' dir='ltr'><em>quasi</em></span> <span class='ocrx_word' id='word_1_218' title='bbox 482 1048 603 1081; x_wconf 89' lang='lat' dir='ltr'><em>decem</em></span> <span class='ocrx_word' id='word_1_219' title='bbox 616 1047 735 1094; x_wconf 85' lang='lat' dir='ltr'><em>fiscos</em></span> <span class='ocrx_word' id='word_1_220' title='bbox 760 1048 812 1081; x_wconf 90' lang='lat' dir='ltr'><em>ad</em></span> <span class='ocrx_word' id='word_1_221' title='bbox 837 1052 1032 1082; x_wconf 81' lang='lat' dir='ltr'><em>senatorem</em></span> <span class='ocrx_word' id='word_1_222' title='bbox 1060 1044 1191 1081; x_wconf 73' lang='lat' dir='ltr'><em>ill11m⁴³</em></span> <span class='ocrx_word' id='word_1_223' title='bbox 1217 1050 1366 1084; x_wconf 81' lang='lat' dir='ltr'><em>relictos,</em></span> 
     </span>
    </p>

    <p class='ocr_par' dir='ltr' id='par_1_8' title="bbox 86 1096 2032 1254">
     <span class='ocr_line' id='line_1_20' title="bbox 86 1096 2032 1144; baseline 0.003 -13"><span class='ocrx_word' id='word_1_224' title='bbox 86 1097 261 1132; x_wconf 86' lang='lat' dir='ltr'><em>Adsuesco</em></span> <span class='ocrx_word' id='word_1_225' title='bbox 283 1099 344 1131; x_wconf 83' lang='lat' dir='ltr'><em>illis</em></span> <span class='ocrx_word' id='word_1_226' title='bbox 370 1099 477 1133; x_wconf 82' lang='lat' dir='ltr'><em>rebus,</em></span> <span class='ocrx_word' id='word_1_227' title='bbox 505 1099 600 1144; x_wconf 86' lang='lat' dir='ltr'><em>Virg.</em></span> <span class='ocrx_word' id='word_1_228' title='bbox 622 1100 706 1133; x_wconf 89' lang='lat' dir='ltr'><em>Aen.</em></span> <span class='ocrx_word' id='word_1_229' title='bbox 735 1096 862 1133; x_wconf 77' lang='lat' dir='ltr'><em>vl11.⁴⁴:</em></span> <span class='ocrx_word' id='word_1_230' title='bbox 889 1099 1071 1134; x_wconf 85' lang='lat' dir='ltr'><em>Sociorum</em></span> <span class='ocrx_word' id='word_1_231' title='bbox 1097 1099 1296 1134; x_wconf 85' lang='lat' dir='ltr'><em>adsuescite</em></span> <span class='ocrx_word' id='word_1_232' title='bbox 1321 1101 1456 1134; x_wconf 88' lang='lat' dir='ltr'><em>mensis.</em></span> <span class='ocrx_word' id='word_1_233' title='bbox 1507 1102 1680 1138; x_wconf 84' lang='lat' dir='ltr'><em>Adsuesco</em></span> <span class='ocrx_word' id='word_1_234' title='bbox 1704 1104 1795 1138; x_wconf 82' lang='lat' dir='ltr'><em>illam</em></span> <span class='ocrx_word' id='word_1_235' title='bbox 1821 1116 1901 1138; x_wconf 87' lang='lat' dir='ltr'><em>rem.</em></span> <span class='ocrx_word' id='word_1_236' title='bbox 1934 1105 2032 1138; x_wconf 86' lang='lat' dir='ltr'><em>Idem</em></span> 
     </span>
     <span class='ocr_line' id='line_1_21' title="bbox 188 1147 2030 1202; baseline 0.002 -18"><span class='ocrx_word' id='word_1_237' title='bbox 188 1150 328 1184; x_wconf 88' lang='lat' dir='ltr'><em>Aeneid.</em></span> <span class='ocrx_word' id='word_1_238' title='bbox 364 1147 474 1183; x_wconf 78' lang='lat' dir='ltr'><em>V1.⁴⁵:</em></span> <span class='ocrx_word' id='word_1_239' title='bbox 508 1149 565 1183; x_wconf 88' lang='lat' dir='ltr'><em>Ne</em></span> <span class='ocrx_word' id='word_1_240' title='bbox 597 1154 698 1183; x_wconf 87' lang='lat' dir='ltr'><em>tantu</em></span> <span class='ocrx_word' id='word_1_241' title='bbox 723 1151 850 1184; x_wconf 81' lang='lat' dir='ltr'><em>animis</em></span> <span class='ocrx_word' id='word_1_242' title='bbox 881 1151 1077 1185; x_wconf 86' lang='lat' dir='ltr'><em>adsuescite</em></span> <span class='ocrx_word' id='word_1_243' title='bbox 1108 1150 1212 1184; x_wconf 88' lang='lat' dir='ltr'><em>bella.</em></span> <span class='ocrx_word' id='word_1_244' title='bbox 1265 1152 1434 1186; x_wconf 84' lang='lat' dir='ltr'><em>Adsuetus</em></span> <span class='ocrx_word' id='word_1_245' title='bbox 1467 1153 1515 1186; x_wconf 92' lang='lat' dir='ltr'><em>illi</em></span> <span class='ocrx_word' id='word_1_246' title='bbox 1545 1155 1601 1188; x_wconf 90' lang='lat' dir='ltr'><em>rei.</em></span> <span class='ocrx_word' id='word_1_247' title='bbox 1635 1155 1729 1200; x_wconf 82' lang='lat' dir='ltr'><em>Virg.</em></span> <span class='ocrx_word' id='word_1_248' title='bbox 1760 1156 1898 1190; x_wconf 85' lang='lat' dir='ltr'><em>Aeneid.</em></span> <span class='ocrx_word' id='word_1_249' title='bbox 1925 1154 2030 1202; x_wconf 70' lang='lat'><strong>[491]</strong></span> 
     </span>
     <span class='ocr_line' id='line_1_22' title="bbox 188 1197 2030 1254; baseline 0.004 -21"><span class='ocrx_word' id='word_1_250' title='bbox 188 1197 312 1234; x_wconf 76' lang='lat' dir='ltr'><em>V11.⁴¹‘⁵:</em></span> <span class='ocrx_word' id='word_1_251' title='bbox 339 1200 554 1245; x_wconf 79' lang='lat' dir='ltr'><em>Mensaeque</em></span> <span class='ocrx_word' id='word_1_252' title='bbox 577 1202 746 1236; x_wconf 83' lang='lat' dir='ltr'><em>adsuetus</em></span> <span class='ocrx_word' id='word_1_253' title='bbox 767 1203 879 1237; x_wconf 84' lang='lat' dir='ltr'><em>herili.</em></span> <span class='ocrx_word' id='word_1_254' title='bbox 906 1202 1073 1237; x_wconf 84' lang='lat' dir='ltr'><em>Adsuetus</em></span> <span class='ocrx_word' id='word_1_255' title='bbox 1098 1202 1221 1237; x_wconf 85' lang='lat' dir='ltr'><em>facere.</em></span> <span class='ocrx_word' id='word_1_256' title='bbox 1237 1203 1333 1237; x_wconf 86' lang='lat' dir='ltr'><em>Idem</em></span> <span class='ocrx_word' id='word_1_257' title='bbox 1359 1204 1498 1238; x_wconf 87' lang='lat' dir='ltr'><em>Aeneid.</em></span> <span class='ocrx_word' id='word_1_258' title='bbox 1513 1203 1624 1240; x_wconf 62' lang='lat' dir='ltr'><em>X1.‘¹⁷:</em></span> <span class='ocrx_word' id='word_1_259' title='bbox 1655 1207 1800 1242; x_wconf 86' lang='lat' dir='ltr'><em>Adsueti</em></span> <span class='ocrx_word' id='word_1_260' title='bbox 1826 1208 1931 1254; x_wconf 82' lang='lat' dir='ltr'><em>longo</em></span> <span class='ocrx_word' id='word_1_261' title='bbox 1952 1218 2030 1241; x_wconf 85' lang='lat' dir='ltr'><em>mu-</em></span> 
     </span>
    </p>
   </div>
   <div class='ocr_carea' id='block_1_6' title="bbox 190 1251 595 1297">
    <p class='ocr_par' dir='ltr' id='par_1_9' title="bbox 190 1251 595 1297">
     <span class='ocr_line' id='line_1_23' title="bbox 190 1251 595 1297; baseline 0.005 -13"><span class='ocrx_word' id='word_1_262' title='bbox 190 1262 250 1285; x_wconf 89' lang='lat' dir='ltr'><em>ros</em></span> <span class='ocrx_word' id='word_1_263' title='bbox 276 1251 470 1297; x_wconf 78' lang='lat' dir='ltr'><em>defendere</em></span> <span class='ocrx_word' id='word_1_264' title='bbox 497 1252 595 1287; x_wconf 89' lang='lat' dir='ltr'><em>bello.</em></span> 
     </span>
    </p>
   </div>
   <div class='ocr_carea' id='block_1_7' title="bbox 85 1300 1808 1350">
    <p class='ocr_par' dir='ltr' id='par_1_10' title="bbox 85 1300 1808 1350">
     <span class='ocr_line' id='line_1_24' title="bbox 85 1300 1808 1350; baseline 0.003 -12"><span class='ocrx_word' id='word_1_265' title='bbox 85 1302 227 1338; x_wconf 85' lang='lat' dir='ltr'><em>Adsidet</em></span> <span class='ocrx_word' id='word_1_266' title='bbox 251 1303 312 1338; x_wconf 85' lang='lat' dir='ltr'><em>illi.</em></span> <span class='ocrx_word' id='word_1_267' title='bbox 346 1303 416 1337; x_wconf 88' lang='lat' dir='ltr'><em>Cic.</em></span> <span class='ocrx_word' id='word_1_268' title='bbox 443 1303 476 1336; x_wconf 90' lang='lat' dir='ltr'><em>in</em></span> <span class='ocrx_word' id='word_1_269' title='bbox 503 1304 665 1338; x_wconf 86' lang='lat' dir='ltr'><em>Siciliensi</em></span> <span class='ocrx_word' id='word_1_270' title='bbox 675 1300 716 1337; x_wconf 70' lang='lat'><em>⁴⁸:</em></span> <span class='ocrx_word' id='word_1_271' title='bbox 745 1303 911 1339; x_wconf 85' lang='lat' dir='ltr'><em>Sthenius</em></span> <span class='ocrx_word' id='word_1_272' title='bbox 944 1308 994 1339; x_wconf 88' lang='lat' dir='ltr'><em>est</em></span> <span class='ocrx_word' id='word_1_273' title='bbox 1027 1304 1103 1347; x_wconf 84' lang='lat' dir='ltr'><em>hic,</em></span> <span class='ocrx_word' id='word_1_274' title='bbox 1143 1305 1203 1350; x_wconf 85' lang='lat' dir='ltr'><em>qui</em></span> <span class='ocrx_word' id='word_1_275' title='bbox 1234 1305 1332 1340; x_wconf 83' lang='lat' dir='ltr'><em>nobis</em></span> <span class='ocrx_word' id='word_1_276' title='bbox 1357 1306 1518 1350; x_wconf 82' lang='lat' dir='ltr'><em>adsidet,</em></span> <span class='ocrx_word' id='word_1_277' title='bbox 1557 1307 1808 1344; x_wconf 83' lang='lat' dir='ltr'><em>Thermitanus.</em></span> 
     </span>
    </p>
   </div>
   <div class='ocr_carea' id='block_1_8' title="bbox 1859 1310 2026 1344">
    <p class='ocr_par' dir='ltr' id='par_1_11' title="bbox 1859 1310 2026 1344">
     <span class='ocr_line' id='line_1_25' title="bbox 1859 1310 2026 1344; baseline 0.012 -2"><span class='ocrx_word' id='word_1_278' title='bbox 1859 1310 2026 1344; x_wconf 80' lang='lat' dir='ltr'><em>Adsidere</em></span> 
     </span>
    </p>
   </div>
   <div class='ocr_carea' id='block_1_9' title="bbox 184 1354 2028 1454">
    <p class='ocr_par' dir='ltr' id='par_1_12' title="bbox 184 1354 2028 1454">
     <span class='ocr_line' id='line_1_26' title="bbox 184 1354 2028 1405; baseline 0.004 -18"><span class='ocrx_word' id='word_1_279' title='bbox 184 1354 291 1388; x_wconf 88' lang='lat' dir='ltr'><em>illum.</em></span> <span class='ocrx_word' id='word_1_280' title='bbox 320 1354 391 1389; x_wconf 89' lang='lat' dir='ltr'><em>Cic.</em></span> <span class='ocrx_word' id='word_1_281' title='bbox 422 1354 545 1401; x_wconf 87' lang='lat' dir='ltr'><em>Neque</em></span> <span class='ocrx_word' id='word_1_282' title='bbox 571 1356 740 1389; x_wconf 86' lang='lat' dir='ltr'><em>adsidere</em></span> <span class='ocrx_word' id='word_1_283' title='bbox 779 1356 970 1390; x_wconf 84' lang='lat' dir='ltr'><em>Gabinium</em></span> <span class='ocrx_word' id='word_1_284' title='bbox 1003 1360 1066 1390; x_wconf 86' lang='lat' dir='ltr'><em>aut</em></span> <span class='ocrx_word' id='word_1_285' title='bbox 1096 1357 1228 1402; x_wconf 85' lang='lat' dir='ltr'><em>alloqui</em></span> <span class='ocrx_word' id='word_1_286' title='bbox 1255 1358 1291 1391; x_wconf 85' lang='lat' dir='ltr'><em>in</em></span> <span class='ocrx_word' id='word_1_287' title='bbox 1320 1359 1421 1392; x_wconf 89' lang='lat' dir='ltr'><em>curia</em></span> <span class='ocrx_word' id='word_1_288' title='bbox 1452 1359 1635 1405; x_wconf 87' lang='lat' dir='ltr'><em>quisquam</em></span> <span class='ocrx_word' id='word_1_289' title='bbox 1670 1361 1835 1396; x_wconf 86' lang='lat' dir='ltr'><em>audebat.</em></span> <span class='ocrx_word' id='word_1_290' title='bbox 1886 1361 2028 1395; x_wconf 75' lang='lat' dir='ltr'><em>Adsidet</em></span> 
     </span>
     <span class='ocr_line' id='line_1_27' title="bbox 185 1404 1428 1454; baseline 0.004 -15"><span class='ocrx_word' id='word_1_291' title='bbox 185 1406 282 1440; x_wconf 84' lang='lat' dir='ltr'><em>illum</em></span> <span class='ocrx_word' id='word_1_292' title='bbox 307 1406 339 1439; x_wconf 91' lang='lat' dir='ltr'><em>in</em></span> <span class='ocrx_word' id='word_1_293' title='bbox 365 1406 424 1440; x_wconf 85' lang='lat' dir='ltr'><em>illa</em></span> <span class='ocrx_word' id='word_1_294' title='bbox 449 1413 556 1452; x_wconf 84' lang='lat' dir='ltr'><em>parte.</em></span> <span class='ocrx_word' id='word_1_295' title='bbox 582 1407 651 1441; x_wconf 87' lang='lat' dir='ltr'><em>Sal.</em></span> <span class='ocrx_word' id='word_1_296' title='bbox 678 1407 753 1454; x_wconf 84' lang='lat' dir='ltr'><em>lug.</em></span> <span class='ocrx_word' id='word_1_297' title='bbox 763 1404 805 1441; x_wconf 72' lang='lat'><em>⁴⁹:</em></span> <span class='ocrx_word' id='word_1_298' title='bbox 833 1408 976 1443; x_wconf 73' lang='lat' dir='ltr'><em>Dextra</em></span> <span class='ocrx_word' id='word_1_299' title='bbox 1001 1408 1248 1443; x_wconf 85' lang='lat' dir='ltr'><em>Adherbalem</em></span> <span class='ocrx_word' id='word_1_300' title='bbox 1276 1409 1428 1444; x_wconf 81' lang='lat' dir='ltr'><em>adsedit.</em></span> 
     </span>
    </p>
   </div>
   <div class='ocr_carea' id='block_1_10' title="bbox 84 1506 1040 2437">
    <p class='ocr_par' dir='ltr' id='par_1_13' title="bbox 84 1506 1040 2437">
     <span class='ocr_line' id='line_1_28' title="bbox 85 1506 1038 1549; baseline -0.003 -9"><span class='ocrx_word' id='word_1_301' title='bbox 85 1507 136 1540; x_wconf 83' lang='lat'><em>47.</em></span> <span class='ocrx_word' id='word_1_302' title='bbox 156 1506 193 1538; x_wconf 83' lang='lat' dir='ltr'><em>A.</em></span> <span class='ocrx_word' id='word_1_303' title='bbox 216 1507 284 1539; x_wconf 78' lang='lat' dir='ltr'><em>Mai.</em></span> <span class='ocrx_word' id='word_1_304' title='bbox 308 1508 360 1537; x_wconf 82' lang='lat' dir='ltr'><em>Est</em></span> <span class='ocrx_word' id='word_1_305' title='bbox 385 1518 400 1537; x_wconf 92' lang='lat' dir='ltr'><em>e</em></span> <span class='ocrx_word' id='word_1_306' title='bbox 425 1518 490 1548; x_wconf 85' lang='lat' dir='ltr'><em>cap.</em></span> <span class='ocrx_word' id='word_1_307' title='bbox 515 1510 565 1540; x_wconf 81' lang='lat'><em>43.</em></span> <span class='ocrx_word' id='word_1_308' title='bbox 587 1508 633 1539; x_wconf 89' lang='lat' dir='ltr'><em>ed.</em></span> <span class='ocrx_word' id='word_1_309' title='bbox 656 1508 738 1539; x_wconf 85' lang='lat' dir='ltr'><em>Gerl.</em></span> <span class='ocrx_word' id='word_1_310' title='bbox 765 1509 842 1538; x_wconf 93' lang='lat' dir='ltr'><em>Tum</em></span> <span class='ocrx_word' id='word_1_311' title='bbox 864 1519 920 1549; x_wconf 91' lang='lat' dir='ltr'><em>pro</em></span> <span class='ocrx_word' id='word_1_312' title='bbox 938 1519 989 1539; x_wconf 87' lang='lat' dir='ltr'><em>vv.</em></span> <span class='ocrx_word' id='word_1_313' title='bbox 1010 1515 1038 1538; x_wconf 80' lang='lat' dir='ltr'><em>et</em></span> 
     </span>
     <span class='ocr_line' id='line_1_29' title="bbox 86 1551 1040 1590; baseline 0.003 -12"><span class='ocrx_word' id='word_1_314' title='bbox 86 1560 279 1590; x_wconf 82' lang='lat' dir='ltr'><em>quamquam</em></span> <span class='ocrx_word' id='word_1_315' title='bbox 295 1551 365 1580; x_wconf 90' lang='lat' dir='ltr'><em>Cod.</em></span> <span class='ocrx_word' id='word_1_316' title='bbox 386 1551 443 1581; x_wconf 91' lang='lat' dir='ltr'><em>Gu.</em></span> <span class='ocrx_word' id='word_1_317' title='bbox 463 1561 601 1590; x_wconf 81' lang='lat' dir='ltr'><em>aequam.</em></span> <span class='ocrx_word' id='word_1_318' title='bbox 621 1552 752 1590; x_wconf 82' lang='lat' dir='ltr'><em>Uterque</em></span> <span class='ocrx_word' id='word_1_319' title='bbox 773 1552 868 1581; x_wconf 80' lang='lat' dir='ltr'><em>codex</em></span> <span class='ocrx_word' id='word_1_320' title='bbox 899 1552 983 1581; x_wconf 84' lang='lat' dir='ltr'><em>addit</em></span> <span class='ocrx_word' id='word_1_321' title='bbox 1003 1552 1040 1581; x_wconf 79' lang='lat' dir='ltr'><em>id</em></span> 
     </span>
     <span class='ocr_line' id='line_1_30' title="bbox 87 1593 1035 1633; baseline 0.004 -13"><span class='ocrx_word' id='word_1_322' title='bbox 87 1598 130 1621; x_wconf 78' lang='lat' dir='ltr'><em>est</em></span> <span class='ocrx_word' id='word_1_323' title='bbox 151 1593 297 1622; x_wconf 77' lang='lat' dir='ltr'><em>adversus</em></span> <span class='ocrx_word' id='word_1_324' title='bbox 323 1594 373 1621; x_wconf 84' lang='lat' dir='ltr'><em>illi</em></span> <span class='ocrx_word' id='word_1_325' title='bbox 393 1593 579 1631; x_wconf 69' lang='lat' dir='ltr'><em>nobilitatis,</em></span> <span class='ocrx_word' id='word_1_326' title='bbox 617 1604 691 1633; x_wconf 83' lang='lat' dir='ltr'><em>quae</em></span> <span class='ocrx_word' id='word_1_327' title='bbox 717 1594 807 1623; x_wconf 86' lang='lat' dir='ltr'><em>verba</em></span> <span class='ocrx_word' id='word_1_328' title='bbox 838 1594 938 1624; x_wconf 84' lang='lat' dir='ltr'><em>omisit</em></span> <span class='ocrx_word' id='word_1_329' title='bbox 966 1595 1035 1626; x_wconf 83' lang='lat' dir='ltr'><em>Mai.</em></span> 
     </span>
     <span class='ocr_line' id='line_1_31' title="bbox 84 1635 1036 1676; baseline 0.004 -13"><span class='ocrx_word' id='word_1_330' title='bbox 84 1635 175 1674; x_wconf 85' lang='lat' dir='ltr'><em>Apud</em></span> <span class='ocrx_word' id='word_1_331' title='bbox 194 1636 352 1665; x_wconf 75' lang='lat' dir='ltr'><em>Salustium</em></span> <span class='ocrx_word' id='word_1_332' title='bbox 369 1641 427 1665; x_wconf 78' lang='lat' dir='ltr'><em>est:</em></span> <span class='ocrx_word' id='word_1_333' title='bbox 450 1636 579 1665; x_wconf 59' lang='lat' dir='ltr'><em>advorso</em></span> <span class='ocrx_word' id='word_1_334' title='bbox 598 1637 712 1675; x_wconf 80' lang='lat' dir='ltr'><em>populi</em></span> <span class='ocrx_word' id='word_1_335' title='bbox 723 1639 872 1675; x_wconf 82' lang='lat' dir='ltr'><em>partium,</em></span> <span class='ocrx_word' id='word_1_336' title='bbox 895 1638 1036 1676; x_wconf 81' lang='lat' dir='ltr'><em>quemad-</em></span> 
     </span>
     <span class='ocr_line' id='line_1_32' title="bbox 84 1677 1035 1718; baseline 0.003 -12"><span class='ocrx_word' id='word_1_337' title='bbox 84 1677 208 1706; x_wconf 88' lang='lat' dir='ltr'><em>modum</em></span> <span class='ocrx_word' id='word_1_338' title='bbox 228 1678 333 1718; x_wconf 78' lang='lat' dir='ltr'><em>optimi</em></span> <span class='ocrx_word' id='word_1_339' title='bbox 359 1678 501 1707; x_wconf 72' lang='lat' dir='ltr'><em>exhibent</em></span> <span class='ocrx_word' id='word_1_340' title='bbox 528 1679 620 1710; x_wconf 77' lang='lat' dir='ltr'><em>codd.</em></span> <span class='ocrx_word' id='word_1_341' title='bbox 639 1679 706 1708; x_wconf 90' lang='lat' dir='ltr'><em>Non</em></span> <span class='ocrx_word' id='word_1_342' title='bbox 727 1679 818 1718; x_wconf 82' lang='lat' dir='ltr'><em>igitur</em></span> <span class='ocrx_word' id='word_1_343' title='bbox 834 1679 959 1709; x_wconf 87' lang='lat' dir='ltr'><em>dubium</em></span> <span class='ocrx_word' id='word_1_344' title='bbox 981 1685 1035 1718; x_wconf 85' lang='lat' dir='ltr'><em>est,</em></span> 
     </span>
     <span class='ocr_line' id='line_1_33' title="bbox 85 1720 1036 1762; baseline 0.003 -14"><span class='ocrx_word' id='word_1_345' title='bbox 85 1720 158 1759; x_wconf 87' lang='lat' dir='ltr'><em>quin</em></span> <span class='ocrx_word' id='word_1_346' title='bbox 182 1721 373 1750; x_wconf 81' lang='lat' dir='ltr'><em>statuendum</em></span> <span class='ocrx_word' id='word_1_347' title='bbox 396 1721 452 1759; x_wconf 83' lang='lat' dir='ltr'><em>sit,</em></span> <span class='ocrx_word' id='word_1_348' title='bbox 483 1721 630 1760; x_wconf 85' lang='lat' dir='ltr'><em>integrum</em></span> <span class='ocrx_word' id='word_1_349' title='bbox 653 1732 774 1751; x_wconf 85' lang='lat' dir='ltr'><em>versum</em></span> <span class='ocrx_word' id='word_1_350' title='bbox 801 1722 960 1761; x_wconf 83' lang='lat' dir='ltr'><em>excidisse,</em></span> <span class='ocrx_word' id='word_1_351' title='bbox 984 1723 1036 1762; x_wconf 82' lang='lat' dir='ltr'><em>qui</em></span> 
     </span>
     <span class='ocr_line' id='line_1_34' title="bbox 84 1763 1036 1805; baseline 0.003 -14"><span class='ocrx_word' id='word_1_352' title='bbox 84 1772 194 1792; x_wconf 84' lang='lat' dir='ltr'><em>novam</em></span> <span class='ocrx_word' id='word_1_353' title='bbox 210 1763 408 1792; x_wconf 76' lang='lat' dir='ltr'><em>elocutionem</em></span> <span class='ocrx_word' id='word_1_354' title='bbox 430 1764 613 1801; x_wconf 80' lang='lat' dir='ltr'><em>contineret,</em></span> <span class='ocrx_word' id='word_1_355' title='bbox 638 1765 723 1794; x_wconf 88' lang='lat' dir='ltr'><em>cuius</em></span> <span class='ocrx_word' id='word_1_356' title='bbox 738 1764 842 1794; x_wconf 83' lang='lat' dir='ltr'><em>ultima</em></span> <span class='ocrx_word' id='word_1_357' title='bbox 858 1776 940 1805; x_wconf 83' lang='lat' dir='ltr'><em>pars,</em></span> <span class='ocrx_word' id='word_1_358' title='bbox 962 1776 1036 1804; x_wconf 89' lang='lat' dir='ltr'><em>quae</em></span> 
     </span>
     <span class='ocr_line' id='line_1_35' title="bbox 86 1805 1036 1844; baseline 0.003 -11"><span class='ocrx_word' id='word_1_359' title='bbox 86 1806 255 1844; x_wconf 81' lang='lat' dir='ltr'><em>exemplum</em></span> <span class='ocrx_word' id='word_1_360' title='bbox 279 1805 384 1844; x_wconf 84' lang='lat' dir='ltr'><em>habet,</em></span> <span class='ocrx_word' id='word_1_361' title='bbox 407 1811 508 1837; x_wconf 82' lang='lat' dir='ltr'><em>restat.</em></span> <span class='ocrx_word' id='word_1_362' title='bbox 552 1807 614 1836; x_wconf 80' lang='lat' dir='ltr'><em>Nisi</em></span> <span class='ocrx_word' id='word_1_363' title='bbox 636 1808 713 1837; x_wconf 83' lang='lat' dir='ltr'><em>sorte</em></span> <span class='ocrx_word' id='word_1_364' title='bbox 732 1807 832 1836; x_wconf 85' lang='lat' dir='ltr'><em>locum</em></span> <span class='ocrx_word' id='word_1_365' title='bbox 857 1808 900 1836; x_wconf 88' lang='lat' dir='ltr'><em>sic</em></span> <span class='ocrx_word' id='word_1_366' title='bbox 921 1808 1036 1836; x_wconf 79' lang='lat' dir='ltr'><em>consti-</em></span> 
     </span>
     <span class='ocr_line' id='line_1_36' title="bbox 85 1847 1035 1888; baseline 0.002 -12"><span class='ocrx_word' id='word_1_367' title='bbox 85 1847 229 1876; x_wconf 80' lang='lat' dir='ltr'><em>tuendum</em></span> <span class='ocrx_word' id='word_1_368' title='bbox 253 1853 351 1888; x_wconf 80' lang='lat' dir='ltr'><em>putes:</em></span> <span class='ocrx_word' id='word_1_369' title='bbox 380 1848 517 1878; x_wconf 63' lang='lat' dir='ltr'><em>Adverso</em></span> <span class='ocrx_word' id='word_1_370' title='bbox 538 1850 657 1888; x_wconf 82' lang='lat' dir='ltr'><em>populi.</em></span> <span class='ocrx_word' id='word_1_371' title='bbox 692 1849 793 1879; x_wconf 80' lang='lat' dir='ltr'><em>Idem:</em></span> <span class='ocrx_word' id='word_1_372' title='bbox 819 1849 966 1879; x_wconf 62' lang='lat' dir='ltr'><em>adversus</em></span> <span class='ocrx_word' id='word_1_373' title='bbox 983 1851 1035 1878; x_wconf 79' lang='lat' dir='ltr'><em>ille</em></span> 
     </span>
     <span class='ocr_line' id='line_1_37' title="bbox 86 1889 1033 1931; baseline 0.003 -14"><span class='ocrx_word' id='word_1_374' title='bbox 86 1889 275 1928; x_wconf 71' lang='lat' dir='ltr'><em>nobilitatis3</em></span> <span class='ocrx_word' id='word_1_375' title='bbox 303 1896 338 1920; x_wconf 83' lang='lat' dir='ltr'><em>ut</em></span> <span class='ocrx_word' id='word_1_376' title='bbox 361 1891 547 1930; x_wconf 81' lang='lat' dir='ltr'><em>intelligutur</em></span> <span class='ocrx_word' id='word_1_377' title='bbox 566 1893 648 1921; x_wconf 84' lang='lat' dir='ltr'><em>aliud</em></span> <span class='ocrx_word' id='word_1_378' title='bbox 675 1893 845 1931; x_wconf 83' lang='lat' dir='ltr'><em>exemplum</em></span> <span class='ocrx_word' id='word_1_379' title='bbox 872 1904 888 1921; x_wconf 82' lang='lat' dir='ltr'><em>a</em></span> <span class='ocrx_word' id='word_1_380' title='bbox 905 1892 1033 1921; x_wconf 80' lang='lat' dir='ltr'><em>Salustio</em></span> 
     </span>
     <span class='ocr_line' id='line_1_38' title="bbox 86 1933 1034 1972; baseline 0.002 -12"><span class='ocrx_word' id='word_1_381' title='bbox 86 1937 264 1962; x_wconf 81' lang='lat' dir='ltr'><em>mutuatum.</em></span> <span class='ocrx_word' id='word_1_382' title='bbox 286 1949 328 1955; x_wconf 90' lang='lat'>—</span> <span class='ocrx_word' id='word_1_383' title='bbox 354 1933 400 1972; x_wconf 82' lang='lat'><em>30)</em></span> <span class='ocrx_word' id='word_1_384' title='bbox 430 1935 489 1963; x_wconf 68' lang='lat' dir='ltr'><em>Ter.</em></span> <span class='ocrx_word' id='word_1_385' title='bbox 512 1934 596 1963; x_wconf 78' lang='lat' dir='ltr'><em>And.</em></span> <span class='ocrx_word' id='word_1_386' title='bbox 619 1935 646 1972; x_wconf 82' lang='lat' dir='ltr'><em>I,</em></span> <span class='ocrx_word' id='word_1_387' title='bbox 669 1938 703 1971; x_wconf 84' lang='lat'><em>1,</em></span> <span class='ocrx_word' id='word_1_388' title='bbox 728 1937 775 1967; x_wconf 84' lang='lat'><em>15.</em></span> <span class='ocrx_word' id='word_1_389' title='bbox 807 1936 842 1965; x_wconf 91' lang='lat' dir='ltr'><em>A.</em></span> <span class='ocrx_word' id='word_1_390' title='bbox 866 1935 932 1963; x_wconf 87' lang='lat' dir='ltr'><em>Mai.</em></span> <span class='ocrx_word' id='word_1_391' title='bbox 958 1935 1034 1962; x_wconf 90' lang='lat' dir='ltr'><em>Tum</em></span> 
     </span>
     <span class='ocr_line' id='line_1_39' title="bbox 87 1974 1033 2015; baseline 0 -12"><span class='ocrx_word' id='word_1_392' title='bbox 87 1974 160 2005; x_wconf 87' lang='lat' dir='ltr'><em>Cod.</em></span> <span class='ocrx_word' id='word_1_393' title='bbox 184 1975 240 2004; x_wconf 88' lang='lat' dir='ltr'><em>Gu.</em></span> <span class='ocrx_word' id='word_1_394' title='bbox 264 1979 289 2002; x_wconf 82' lang='lat' dir='ltr'><em>et</em></span> <span class='ocrx_word' id='word_1_395' title='bbox 311 1974 346 2003; x_wconf 82' lang='lat' dir='ltr'><em>id</em></span> <span class='ocrx_word' id='word_1_396' title='bbox 361 1978 495 2014; x_wconf 81' lang='lat' dir='ltr'><em>gratiori</em></span> <span class='ocrx_word' id='word_1_397' title='bbox 506 1979 623 2014; x_wconf 71' lang='lat' dir='ltr'><em>sui-sse.</em></span> <span class='ocrx_word' id='word_1_398' title='bbox 643 1994 685 1999; x_wconf 97' lang='lat'><strong>—</strong></span> <span class='ocrx_word' id='word_1_399' title='bbox 714 1976 761 2015; x_wconf 85' lang='lat'><em>31)</em></span> <span class='ocrx_word' id='word_1_400' title='bbox 796 1977 929 2015; x_wconf 76' lang='lat' dir='ltr'><em>Consuse</em></span> <span class='ocrx_word' id='word_1_401' title='bbox 944 1977 1033 2014; x_wconf 80' lang='lat' dir='ltr'><em>ponit</em></span> 
     </span>
     <span class='ocr_line' id='line_1_40' title="bbox 92 2016 1034 2058; baseline 0 -13"><span class='ocrx_word' id='word_1_402' title='bbox 92 2018 177 2056; x_wconf 82' lang='lat' dir='ltr'><em>Virg.</em></span> <span class='ocrx_word' id='word_1_403' title='bbox 192 2016 316 2048; x_wconf 72' lang='lat' dir='ltr'><em>Aeneid.</em></span> <span class='ocrx_word' id='word_1_404' title='bbox 332 2017 355 2046; x_wconf 87' lang='lat' dir='ltr'><em>I.</em></span> <span class='ocrx_word' id='word_1_405' title='bbox 377 2019 447 2049; x_wconf 83' lang='lat' dir='ltr'><em>cod.</em></span> <span class='ocrx_word' id='word_1_406' title='bbox 472 2019 527 2050; x_wconf 85' lang='lat' dir='ltr'><em>Gu.</em></span> <span class='ocrx_word' id='word_1_407' title='bbox 549 2020 657 2049; x_wconf 86' lang='lat' dir='ltr'><em>Versus</em></span> <span class='ocrx_word' id='word_1_408' title='bbox 679 2024 723 2048; x_wconf 82' lang='lat' dir='ltr'><em>est</em></span> <span class='ocrx_word' id='word_1_409' title='bbox 742 2022 791 2051; x_wconf 81' lang='grc'>24.</span> <span class='ocrx_word' id='word_1_410' title='bbox 814 2036 856 2042; x_wconf 88' lang='grc'>-</span> <span class='ocrx_word' id='word_1_411' title='bbox 878 2018 923 2058; x_wconf 71' lang='grc'><em>32)</em></span> <span class='ocrx_word' id='word_1_412' title='bbox 950 2018 1034 2046; x_wconf 79' lang='lat' dir='ltr'><em>Cha—</em></span> 
     </span>
     <span class='ocr_line' id='line_1_41' title="bbox 87 2059 1033 2098; baseline 0 -10"><span class='ocrx_word' id='word_1_413' title='bbox 87 2061 132 2088; x_wconf 79' lang='lat' dir='ltr'><em>ris</em></span> <span class='ocrx_word' id='word_1_414' title='bbox 157 2059 229 2090; x_wconf 86' lang='lat' dir='ltr'><em>Cod.</em></span> <span class='ocrx_word' id='word_1_415' title='bbox 257 2059 311 2088; x_wconf 88' lang='lat' dir='ltr'><em>Gu.</em></span> <span class='ocrx_word' id='word_1_416' title='bbox 336 2076 374 2081; x_wconf 97' lang='lat'><strong>—</strong></span> <span class='ocrx_word' id='word_1_417' title='bbox 397 2061 445 2098; x_wconf 82' lang='lat'><em>33)</em></span> <span class='ocrx_word' id='word_1_418' title='bbox 469 2060 550 2090; x_wconf 78' lang='lat' dir='ltr'><em>[dem</em></span> <span class='ocrx_word' id='word_1_419' title='bbox 569 2062 644 2091; x_wconf 74' lang='lat' dir='ltr'><em>Aen.</em></span> <span class='ocrx_word' id='word_1_420' title='bbox 664 2063 739 2090; x_wconf 84' lang='lat' dir='ltr'><em>XII.</em></span> <span class='ocrx_word' id='word_1_421' title='bbox 764 2061 834 2089; x_wconf 89' lang='lat' dir='ltr'><em>Cod.</em></span> <span class='ocrx_word' id='word_1_422' title='bbox 852 2061 906 2089; x_wconf 72' lang='lat' dir='ltr'><em>Gu.</em></span> <span class='ocrx_word' id='word_1_423' title='bbox 925 2060 1033 2089; x_wconf 88' lang='lat' dir='ltr'><em>Verum</em></span> 
     </span>
     <span class='ocr_line' id='line_1_42' title="bbox 86 2100 1032 2140; baseline -0.002 -9"><span class='ocrx_word' id='word_1_424' title='bbox 86 2112 241 2131; x_wconf 80' lang='lat' dir='ltr'><em>numerum</em></span> <span class='ocrx_word' id='word_1_425' title='bbox 255 2101 354 2140; x_wconf 80' lang='lat' dir='ltr'><em>posuit</em></span> <span class='ocrx_word' id='word_1_426' title='bbox 371 2102 402 2132; x_wconf 83' lang='lat' dir='ltr'><em>A.</em></span> <span class='ocrx_word' id='word_1_427' title='bbox 423 2103 505 2140; x_wconf 83' lang='lat' dir='ltr'><em>Mai,;</em></span> <span class='ocrx_word' id='word_1_428' title='bbox 529 2114 629 2133; x_wconf 83' lang='lat' dir='ltr'><em>versus</em></span> <span class='ocrx_word' id='word_1_429' title='bbox 654 2109 697 2132; x_wconf 84' lang='lat' dir='ltr'><em>est</em></span> <span class='ocrx_word' id='word_1_430' title='bbox 716 2106 786 2136; x_wconf 81' lang='lat'><em>288.</em></span> <span class='ocrx_word' id='word_1_431' title='bbox 812 2119 847 2124; x_wconf 94' lang='lat'><strong>—</strong></span> <span class='ocrx_word' id='word_1_432' title='bbox 871 2102 919 2140; x_wconf 82' lang='lat'><em>34)</em></span> <span class='ocrx_word' id='word_1_433' title='bbox 945 2100 1032 2131; x_wconf 75' lang='lat' dir='ltr'><em>Cas-</em></span> 
     </span>
     <span class='ocr_line' id='line_1_43' title="bbox 87 2143 1031 2185; baseline 0.001 -12"><span class='ocrx_word' id='word_1_434' title='bbox 87 2151 194 2173; x_wconf 78' lang='lat' dir='ltr'><em>salum</em></span> <span class='ocrx_word' id='word_1_435' title='bbox 220 2144 290 2172; x_wconf 85' lang='lat' dir='ltr'><em>cod.</em></span> <span class='ocrx_word' id='word_1_436' title='bbox 314 2144 382 2174; x_wconf 81' lang='lat' dir='ltr'><em>Mai.</em></span> <span class='ocrx_word' id='word_1_437' title='bbox 406 2145 570 2185; x_wconf 80' lang='lat' dir='ltr'><em>Quidquid</em></span> <span class='ocrx_word' id='word_1_438' title='bbox 588 2146 660 2176; x_wconf 85' lang='lat' dir='ltr'><em>cod.</em></span> <span class='ocrx_word' id='word_1_439' title='bbox 683 2146 750 2174; x_wconf 78' lang='lat' dir='ltr'><em>Mai.</em></span> <span class='ocrx_word' id='word_1_440' title='bbox 775 2161 818 2166; x_wconf 96' lang='lat'><strong>—</strong></span> <span class='ocrx_word' id='word_1_441' title='bbox 845 2143 890 2182; x_wconf 80' lang='lat'><em>35)</em></span> <span class='ocrx_word' id='word_1_442' title='bbox 921 2145 1031 2174; x_wconf 73' lang='lat' dir='ltr'><em>Terent.</em></span> 
     </span>
     <span class='ocr_line' id='line_1_44' title="bbox 86 2186 1031 2226; baseline 0.001 -11"><span class='ocrx_word' id='word_1_443' title='bbox 86 2187 217 2226; x_wconf 75' lang='lat' dir='ltr'><em>Adelph.</em></span> <span class='ocrx_word' id='word_1_444' title='bbox 242 2187 298 2214; x_wconf 88' lang='lat' dir='ltr'><em>Gu.</em></span> <span class='ocrx_word' id='word_1_445' title='bbox 321 2187 380 2215; x_wconf 81' lang='lat' dir='ltr'><em>Ter.</em></span> <span class='ocrx_word' id='word_1_446' title='bbox 397 2187 486 2216; x_wconf 66' lang='lat' dir='ltr'><em>Jldel.</em></span> <span class='ocrx_word' id='word_1_447' title='bbox 503 2190 533 2225; x_wconf 81' lang='lat'><em>3,</em></span> <span class='ocrx_word' id='word_1_448' title='bbox 550 2190 578 2225; x_wconf 82' lang='lat'><em>5,</em></span> <span class='ocrx_word' id='word_1_449' title='bbox 593 2192 621 2220; x_wconf 80' lang='grc'><em>2.</em></span> <span class='ocrx_word' id='word_1_450' title='bbox 638 2189 670 2216; x_wconf 84' lang='grc' dir='ltr'><em>Α.</em></span> <span class='ocrx_word' id='word_1_451' title='bbox 691 2187 756 2217; x_wconf 78' lang='lat' dir='ltr'><em>Mai.</em></span> <span class='ocrx_word' id='word_1_452' title='bbox 780 2187 936 2214; x_wconf 74' lang='lat' dir='ltr'><em>Mitionem</em></span> <span class='ocrx_word' id='word_1_453' title='bbox 958 2186 1031 2216; x_wconf 88' lang='lat' dir='ltr'><em>Cod.</em></span> 
     </span>
     <span class='ocr_line' id='line_1_45' title="bbox 87 2228 1032 2268; baseline -0.001 -10"><span class='ocrx_word' id='word_1_454' title='bbox 87 2234 221 2268; x_wconf 75' lang='lat' dir='ltr'><em>uterque.</em></span> <span class='ocrx_word' id='word_1_455' title='bbox 243 2229 319 2257; x_wconf 86' lang='lat' dir='ltr'><em>Tum</em></span> <span class='ocrx_word' id='word_1_456' title='bbox 340 2228 391 2256; x_wconf 82' lang='lat' dir='ltr'><em>ad</em></span> <span class='ocrx_word' id='word_1_457' title='bbox 400 2230 511 2267; x_wconf 82' lang='lat' dir='ltr'><em>sorum.</em></span> <span class='ocrx_word' id='word_1_458' title='bbox 534 2237 574 2258; x_wconf 72' lang='lat' dir='ltr'><em>esi</em></span> <span class='ocrx_word' id='word_1_459' title='bbox 598 2230 667 2259; x_wconf 89' lang='lat' dir='ltr'><em>Cod.</em></span> <span class='ocrx_word' id='word_1_460' title='bbox 693 2234 786 2266; x_wconf 77' lang='lat' dir='ltr'><em>uterq.</em></span> <span class='ocrx_word' id='word_1_461' title='bbox 806 2229 881 2258; x_wconf 85' lang='lat' dir='ltr'><em>Edd.</em></span> <span class='ocrx_word' id='word_1_462' title='bbox 901 2229 1032 2257; x_wconf 83' lang='lat' dir='ltr'><em>Terentii</em></span> 
     </span>
     <span class='ocr_line' id='line_1_46' title="bbox 87 2269 1029 2312; baseline 0.004 -12"><span class='ocrx_word' id='word_1_463' title='bbox 87 2272 261 2312; x_wconf 80' lang='lat' dir='ltr'><em>plerumque</em></span> <span class='ocrx_word' id='word_1_464' title='bbox 277 2270 483 2310; x_wconf 73' lang='lat' dir='ltr'><em>apudjbram</em></span> <span class='ocrx_word' id='word_1_465' title='bbox 507 2278 557 2301; x_wconf 75' lang='lat' dir='ltr'><em>est.</em></span> <span class='ocrx_word' id='word_1_466' title='bbox 578 2289 613 2293; x_wconf 91' lang='lat'><strong>—</strong></span> <span class='ocrx_word' id='word_1_467' title='bbox 638 2274 684 2308; x_wconf 81' lang='grc'><em>36)</em></span> <span class='ocrx_word' id='word_1_468' title='bbox 708 2270 791 2299; x_wconf 65' lang='lat' dir='ltr'><em>Idem</em></span> <span class='ocrx_word' id='word_1_469' title='bbox 807 2269 888 2300; x_wconf 79' lang='lat' dir='ltr'><em>And.</em></span> <span class='ocrx_word' id='word_1_470' title='bbox 906 2274 935 2306; x_wconf 79' lang='grc'><em>2,</em></span> <span class='ocrx_word' id='word_1_471' title='bbox 957 2274 984 2308; x_wconf 87' lang='lat'><em>1,</em></span> <span class='ocrx_word' id='word_1_472' title='bbox 1001 2274 1029 2304; x_wconf 85' lang='lat'><em>3·</em></span> 
     </span>
     <span class='ocr_line' id='line_1_47' title="bbox 87 2312 1030 2353; baseline -0.003 -8"><span class='ocrx_word' id='word_1_473' title='bbox 87 2315 123 2345; x_wconf 82' lang='lat' dir='ltr'><em>A.</em></span> <span class='ocrx_word' id='word_1_474' title='bbox 143 2314 211 2343; x_wconf 77' lang='lat' dir='ltr'><em>Mai.</em></span> <span class='ocrx_word' id='word_1_475' title='bbox 239 2330 273 2334; x_wconf 89' lang='lat'>—</span> <span class='ocrx_word' id='word_1_476' title='bbox 298 2314 346 2352; x_wconf 75' lang='lat'><em>37)</em></span> <span class='ocrx_word' id='word_1_477' title='bbox 370 2315 440 2353; x_wconf 79' lang='lat' dir='ltr'><em>Cap.</em></span> <span class='ocrx_word' id='word_1_478' title='bbox 468 2314 514 2345; x_wconf 90' lang='lat'><em>15.</em></span> <span class='ocrx_word' id='word_1_479' title='bbox 536 2330 578 2336; x_wconf 89' lang='lat'>—</span> <span class='ocrx_word' id='word_1_480' title='bbox 609 2313 653 2352; x_wconf 76' lang='lat'><em>38)</em></span> <span class='ocrx_word' id='word_1_481' title='bbox 678 2314 730 2342; x_wconf 87' lang='lat' dir='ltr'><em>Ad.</em></span> <span class='ocrx_word' id='word_1_482' title='bbox 746 2312 796 2348; x_wconf 84' lang='lat' dir='ltr'><em>lv,</em></span> <span class='ocrx_word' id='word_1_483' title='bbox 822 2317 848 2347; x_wconf 94' lang='lat'><em>1,</em></span> <span class='ocrx_word' id='word_1_484' title='bbox 873 2317 899 2344; x_wconf 84' lang='lat'><em>1.</em></span> <span class='ocrx_word' id='word_1_485' title='bbox 921 2329 962 2336; x_wconf 88' lang='lat'><em>—-</em></span> <span class='ocrx_word' id='word_1_486' title='bbox 985 2316 1030 2351; x_wconf 82' lang='lat'><em>39)</em></span> 
     </span>
     <span class='ocr_line' id='line_1_48' title="bbox 89 2355 1031 2395; baseline -0.002 -9"><span class='ocrx_word' id='word_1_487' title='bbox 89 2357 152 2386; x_wconf 87' lang='lat' dir='ltr'><em>Sal.</em></span> <span class='ocrx_word' id='word_1_488' title='bbox 180 2359 211 2385; x_wconf 79' lang='lat' dir='ltr'><em>in</em></span> <span class='ocrx_word' id='word_1_489' title='bbox 237 2356 304 2393; x_wconf 78' lang='lat' dir='ltr'><em>Jltg·</em></span> <span class='ocrx_word' id='word_1_490' title='bbox 332 2359 400 2388; x_wconf 86' lang='lat'><em>107.</em></span> <span class='ocrx_word' id='word_1_491' title='bbox 433 2356 464 2385; x_wconf 84' lang='grc' dir='ltr'><em>Α.</em></span> <span class='ocrx_word' id='word_1_492' title='bbox 486 2355 552 2384; x_wconf 81' lang='lat' dir='ltr'><em>Mai.</em></span> <span class='ocrx_word' id='word_1_493' title='bbox 577 2356 672 2384; x_wconf 85' lang='lat' dir='ltr'><em>Locus</em></span> <span class='ocrx_word' id='word_1_494' title='bbox 702 2360 747 2384; x_wconf 86' lang='lat' dir='ltr'><em>est</em></span> <span class='ocrx_word' id='word_1_495' title='bbox 773 2366 836 2395; x_wconf 84' lang='lat' dir='ltr'><em>cap.</em></span> <span class='ocrx_word' id='word_1_496' title='bbox 863 2358 930 2388; x_wconf 78' lang='lat'>101.</span> <span class='ocrx_word' id='word_1_497' title='bbox 955 2356 1031 2386; x_wconf 88' lang='lat' dir='ltr'><em>Edd.</em></span> 
     </span>
     <span class='ocr_line' id='line_1_49' title="bbox 90 2396 1031 2437; baseline -0.001 -9"><span class='ocrx_word' id='word_1_498' title='bbox 90 2400 170 2429; x_wconf 85' lang='lat' dir='ltr'><em>Cort.</em></span> <span class='ocrx_word' id='word_1_499' title='bbox 194 2404 222 2428; x_wconf 85' lang='lat' dir='ltr'><em>et</em></span> <span class='ocrx_word' id='word_1_500' title='bbox 246 2399 323 2428; x_wconf 76' lang='lat' dir='ltr'><em>Gerl.</em></span> <span class='ocrx_word' id='word_1_501' title='bbox 354 2398 402 2427; x_wconf 90' lang='lat' dir='ltr'><em>ubi</em></span> <span class='ocrx_word' id='word_1_502' title='bbox 426 2398 522 2427; x_wconf 77' lang='lat' dir='ltr'><em>editur</em></span> <span class='ocrx_word' id='word_1_503' title='bbox 541 2397 634 2437; x_wconf 82' lang='lat' dir='ltr'><em>apud.</em></span> <span class='ocrx_word' id='word_1_504' title='bbox 661 2416 689 2420; x_wconf 84' lang='lat'>-</span> <span class='ocrx_word' id='word_1_505' title='bbox 721 2396 766 2437; x_wconf 80' lang='lat'><em>40)</em></span> <span class='ocrx_word' id='word_1_506' title='bbox 791 2398 861 2427; x_wconf 84' lang='lat' dir='ltr'><em>cod.</em></span> <span class='ocrx_word' id='word_1_507' title='bbox 885 2398 962 2428; x_wconf 80' lang='lat' dir='ltr'><em>Gud.</em></span> <span class='ocrx_word' id='word_1_508' title='bbox 983 2397 1031 2427; x_wconf 81' lang='lat' dir='ltr'><em>di-</em></span> 
     </span>
    </p>
   </div>
   <div class='ocr_carea' id='block_1_11' title="bbox 1071 1511 2028 2386">
    <p class='ocr_par' dir='ltr' id='par_1_14' title="bbox 1071 1511 2028 2386">
     <span class='ocr_line' id='line_1_50' title="bbox 1079 1511 2026 1551; baseline 0.007 -13"><span class='ocrx_word' id='word_1_509' title='bbox 1079 1515 1161 1541; x_wconf 83' lang='lat' dir='ltr'><em>cunt.</em></span> <span class='ocrx_word' id='word_1_510' title='bbox 1188 1511 1290 1539; x_wconf 75' lang='lat' dir='ltr'><em>Cicero</em></span> <span class='ocrx_word' id='word_1_511' title='bbox 1308 1513 1341 1540; x_wconf 83' lang='lat' dir='ltr'><em>in</em></span> <span class='ocrx_word' id='word_1_512' title='bbox 1357 1512 1526 1540; x_wconf 77' lang='lat' dir='ltr'><em>Siciliensi:</em></span> <span class='ocrx_word' id='word_1_513' title='bbox 1547 1513 1704 1551; x_wconf 75' lang='lat' dir='ltr'><em>Extemplo</em></span> <span class='ocrx_word' id='word_1_514' title='bbox 1726 1516 1840 1543; x_wconf 77' lang='lat' dir='ltr'><em>statim.</em></span> <span class='ocrx_word' id='word_1_515' title='bbox 1865 1514 1935 1544; x_wconf 85' lang='lat' dir='ltr'><em>Cod.</em></span> <span class='ocrx_word' id='word_1_516' title='bbox 1958 1514 2026 1545; x_wconf 79' lang='lat' dir='ltr'><em>Mai.</em></span> 
     </span>
     <span class='ocr_line' id='line_1_51' title="bbox 1079 1552 2026 1592; baseline 0.006 -11"><span class='ocrx_word' id='word_1_517' title='bbox 1079 1552 1187 1582; x_wconf 80' lang='lat' dir='ltr'><em>dicunt</em></span> <span class='ocrx_word' id='word_1_518' title='bbox 1209 1555 1378 1583; x_wconf 77' lang='lat' dir='ltr'><em>Siciliensis</em></span> <span class='ocrx_word' id='word_1_519' title='bbox 1400 1555 1547 1592; x_wconf 81' lang='lat' dir='ltr'><em>exemplo:</em></span> <span class='ocrx_word' id='word_1_520' title='bbox 1578 1556 1698 1585; x_wconf 77' lang='lat' dir='ltr'><em>Statim..</em></span> <span class='ocrx_word' id='word_1_521' title='bbox 1722 1557 1816 1585; x_wconf 87' lang='lat' dir='ltr'><em>Locus</em></span> <span class='ocrx_word' id='word_1_522' title='bbox 1841 1562 1883 1586; x_wconf 89' lang='lat' dir='ltr'><em>est</em></span> <span class='ocrx_word' id='word_1_523' title='bbox 1904 1558 1968 1585; x_wconf 89' lang='lat' dir='ltr'><em>Act.</em></span> <span class='ocrx_word' id='word_1_524' title='bbox 1993 1558 2026 1587; x_wconf 88' lang='lat' dir='ltr'><em>in</em></span> 
     </span>
     <span class='ocr_line' id='line_1_52' title="bbox 1079 1596 2027 1634; baseline 0.004 -10"><span class='ocrx_word' id='word_1_525' title='bbox 1079 1596 1163 1625; x_wconf 85' lang='lat' dir='ltr'><em>Verr.</em></span> <span class='ocrx_word' id='word_1_526' title='bbox 1185 1596 1227 1634; x_wconf 75' lang='grc' dir='ltr'><em>Π,</em></span> <span class='ocrx_word' id='word_1_527' title='bbox 1250 1600 1286 1633; x_wconf 84' lang='lat'><em>2,</em></span> <span class='ocrx_word' id='word_1_528' title='bbox 1308 1600 1338 1629; x_wconf 89' lang='lat'><em>6.</em></span> <span class='ocrx_word' id='word_1_529' title='bbox 1362 1612 1404 1619; x_wconf 93' lang='lat'>—</span> <span class='ocrx_word' id='word_1_530' title='bbox 1431 1597 1480 1634; x_wconf 82' lang='grc'><em>41)</em></span> <span class='ocrx_word' id='word_1_531' title='bbox 1506 1597 1606 1624; x_wconf 81' lang='lat' dir='ltr'><em>Grave</em></span> <span class='ocrx_word' id='word_1_532' title='bbox 1626 1598 1677 1625; x_wconf 75' lang='lat' dir='ltr'><em>liis</em></span> <span class='ocrx_word' id='word_1_533' title='bbox 1700 1599 1771 1628; x_wconf 85' lang='lat' dir='ltr'><em>cod.</em></span> <span class='ocrx_word' id='word_1_534' title='bbox 1796 1599 1863 1630; x_wconf 81' lang='lat' dir='ltr'><em>Mai.</em></span> <span class='ocrx_word' id='word_1_535' title='bbox 1890 1599 2027 1628; x_wconf 65' lang='lat' dir='ltr'><em>Gravius</em></span> 
     </span>
     <span class='ocr_line' id='line_1_53' title="bbox 1077 1638 2028 1681; baseline 0.005 -15"><span class='ocrx_word' id='word_1_536' title='bbox 1077 1638 1142 1675; x_wconf 72' lang='lat' dir='ltr'><em>his,</em></span> <span class='ocrx_word' id='word_1_537' title='bbox 1174 1643 1208 1667; x_wconf 92' lang='lat' dir='ltr'><em>ut</em></span> <span class='ocrx_word' id='word_1_538' title='bbox 1224 1638 1373 1676; x_wconf 84' lang='lat' dir='ltr'><em>dedimus,</em></span> <span class='ocrx_word' id='word_1_539' title='bbox 1395 1638 1466 1666; x_wconf 80' lang='lat' dir='ltr'><em>cod.</em></span> <span class='ocrx_word' id='word_1_540' title='bbox 1491 1638 1547 1668; x_wconf 88' lang='lat' dir='ltr'><em>Gu.</em></span> <span class='ocrx_word' id='word_1_541' title='bbox 1577 1655 1619 1661; x_wconf 92' lang='lat'><em>—·</em></span> <span class='ocrx_word' id='word_1_542' title='bbox 1657 1639 1704 1681; x_wconf 74' lang='lat'><em>42)</em></span> <span class='ocrx_word' id='word_1_543' title='bbox 1728 1642 1837 1670; x_wconf 77' lang='lat' dir='ltr'><em>Prima</em></span> <span class='ocrx_word' id='word_1_544' title='bbox 1857 1643 1973 1669; x_wconf 82' lang='lat' dir='ltr'><em>actione</em></span> <span class='ocrx_word' id='word_1_545' title='bbox 1993 1645 2028 1671; x_wconf 68' lang='lat' dir='ltr'><em>in,</em></span> 
     </span>
     <span class='ocr_line' id='line_1_54' title="bbox 1083 1681 2025 1718; baseline 0.008 -13"><span class='ocrx_word' id='word_1_546' title='bbox 1083 1681 1203 1710; x_wconf 67' lang='lat' dir='ltr'><em>Verrem</em></span> <span class='ocrx_word' id='word_1_547' title='bbox 1227 1681 1297 1710; x_wconf 85' lang='lat' dir='ltr'><em>Cod.</em></span> <span class='ocrx_word' id='word_1_548' title='bbox 1321 1681 1376 1710; x_wconf 78' lang='lat' dir='ltr'><em>Gu.</em></span> <span class='ocrx_word' id='word_1_549' title='bbox 1401 1681 1522 1718; x_wconf 80' lang='lat' dir='ltr'><em>primae</em></span> <span class='ocrx_word' id='word_1_550' title='bbox 1543 1683 1674 1710; x_wconf 79' lang='lat' dir='ltr'><em>actionis</em></span> <span class='ocrx_word' id='word_1_551' title='bbox 1696 1684 1729 1711; x_wconf 80' lang='lat' dir='ltr'><em>in</em></span> <span class='ocrx_word' id='word_1_552' title='bbox 1756 1685 1840 1713; x_wconf 78' lang='lat' dir='ltr'><em>Verr.</em></span> <span class='ocrx_word' id='word_1_553' title='bbox 1864 1683 1934 1712; x_wconf 89' lang='lat' dir='ltr'><em>Cod.</em></span> <span class='ocrx_word' id='word_1_554' title='bbox 1955 1683 2025 1713; x_wconf 82' lang='lat' dir='ltr'><em>Mai.</em></span> 
     </span>
     <span class='ocr_line' id='line_1_55' title="bbox 1079 1721 2027 1766; baseline 0.004 -15"><span class='ocrx_word' id='word_1_555' title='bbox 1079 1723 1174 1752; x_wconf 83' lang='lat' dir='ltr'><em>Locus</em></span> <span class='ocrx_word' id='word_1_556' title='bbox 1200 1727 1242 1751; x_wconf 90' lang='lat' dir='ltr'><em>est</em></span> <span class='ocrx_word' id='word_1_557' title='bbox 1271 1732 1335 1761; x_wconf 85' lang='lat' dir='ltr'><em>cap.</em></span> <span class='ocrx_word' id='word_1_558' title='bbox 1359 1724 1386 1754; x_wconf 88' lang='lat'><em>8.</em></span> <span class='ocrx_word' id='word_1_559' title='bbox 1411 1737 1451 1745; x_wconf 90' lang='lat'>—</span> <span class='ocrx_word' id='word_1_560' title='bbox 1478 1721 1523 1762; x_wconf 86' lang='lat'><em>43)</em></span> <span class='ocrx_word' id='word_1_561' title='bbox 1552 1724 1645 1751; x_wconf 84' lang='lat' dir='ltr'><em>Illam</em></span> <span class='ocrx_word' id='word_1_562' title='bbox 1670 1735 1726 1755; x_wconf 87' lang='lat' dir='ltr'><em>om.</em></span> <span class='ocrx_word' id='word_1_563' title='bbox 1754 1725 1788 1754; x_wconf 87' lang='lat' dir='ltr'><em>A.</em></span> <span class='ocrx_word' id='word_1_564' title='bbox 1817 1725 1886 1754; x_wconf 79' lang='lat' dir='ltr'><em>Mai.</em></span> <span class='ocrx_word' id='word_1_565' title='bbox 1911 1742 1948 1747; x_wconf 92' lang='lat'><strong>—</strong></span> <span class='ocrx_word' id='word_1_566' title='bbox 1979 1724 2027 1766; x_wconf 82' lang='lat'><em>44)</em></span> 
     </span>
     <span class='ocr_line' id='line_1_56' title="bbox 1079 1761 2025 1806; baseline 0.004 -14"><span class='ocrx_word' id='word_1_567' title='bbox 1079 1765 1172 1794; x_wconf 86' lang='lat' dir='ltr'><em>Versu</em></span> <span class='ocrx_word' id='word_1_568' title='bbox 1192 1765 1260 1796; x_wconf 89' lang='lat'><em>174.</em></span> <span class='ocrx_word' id='word_1_569' title='bbox 1282 1780 1325 1786; x_wconf 94' lang='grc'><em>--</em></span> <span class='ocrx_word' id='word_1_570' title='bbox 1351 1761 1396 1802; x_wconf 87' lang='grc'><em>45)</em></span> <span class='ocrx_word' id='word_1_571' title='bbox 1420 1763 1516 1793; x_wconf 80' lang='lat' dir='ltr'><em>versu</em></span> <span class='ocrx_word' id='word_1_572' title='bbox 1533 1766 1603 1796; x_wconf 85' lang='lat'><em>833.</em></span> <span class='ocrx_word' id='word_1_573' title='bbox 1626 1781 1667 1787; x_wconf 92' lang='lat'><em>—-</em></span> <span class='ocrx_word' id='word_1_574' title='bbox 1689 1765 1736 1806; x_wconf 79' lang='lat'><em>45)</em></span> <span class='ocrx_word' id='word_1_575' title='bbox 1759 1767 1841 1795; x_wconf 83' lang='lat' dir='ltr'><em>Idem</em></span> <span class='ocrx_word' id='word_1_576' title='bbox 1861 1767 1930 1804; x_wconf 85' lang='lat' dir='ltr'><em>Vll,</em></span> <span class='ocrx_word' id='word_1_577' title='bbox 1953 1770 2025 1800; x_wconf 88' lang='lat'><em>490.</em></span> 
     </span>
     <span class='ocr_line' id='line_1_57' title="bbox 1078 1805 2025 1843; baseline 0.004 -8"><span class='ocrx_word' id='word_1_578' title='bbox 1078 1808 1113 1837; x_wconf 89' lang='lat' dir='ltr'><em>A.</em></span> <span class='ocrx_word' id='word_1_579' title='bbox 1136 1807 1201 1836; x_wconf 76' lang='lat' dir='ltr'><em>Mai.</em></span> <span class='ocrx_word' id='word_1_580' title='bbox 1226 1822 1268 1827; x_wconf 92' lang='lat'><strong>—</strong></span> <span class='ocrx_word' id='word_1_581' title='bbox 1289 1806 1337 1843; x_wconf 88' lang='grc'><em>47)</em></span> <span class='ocrx_word' id='word_1_582' title='bbox 1362 1805 1445 1835; x_wconf 79' lang='lat' dir='ltr'><em>Idem</em></span> <span class='ocrx_word' id='word_1_583' title='bbox 1470 1805 1580 1836; x_wconf 80' lang='lat' dir='ltr'><em>VIIII.</em></span> <span class='ocrx_word' id='word_1_584' title='bbox 1596 1809 1666 1839; x_wconf 82' lang='grc'>511.</span> <span class='ocrx_word' id='word_1_585' title='bbox 1682 1808 1716 1838; x_wconf 82' lang='grc' dir='ltr'><em>Α.</em></span> <span class='ocrx_word' id='word_1_586' title='bbox 1736 1809 1804 1838; x_wconf 86' lang='lat' dir='ltr'><em>Mai.</em></span> <span class='ocrx_word' id='word_1_587' title='bbox 1823 1810 1858 1838; x_wconf 89' lang='lat' dir='ltr'><em>In</em></span> <span class='ocrx_word' id='word_1_588' title='bbox 1876 1810 1945 1839; x_wconf 87' lang='lat' dir='ltr'><em>Cod.</em></span> <span class='ocrx_word' id='word_1_589' title='bbox 1968 1811 2025 1842; x_wconf 80' lang='lat' dir='ltr'><em>Gu.</em></span> 
     </span>
     <span class='ocr_line' id='line_1_58' title="bbox 1077 1847 2025 1889; baseline 0.004 -12"><span class='ocrx_word' id='word_1_590' title='bbox 1077 1858 1162 1887; x_wconf 84' lang='lat' dir='ltr'><em>saepe</em></span> <span class='ocrx_word' id='word_1_591' title='bbox 1180 1847 1312 1878; x_wconf 79' lang='lat' dir='ltr'><em>Aenead.</em></span> <span class='ocrx_word' id='word_1_592' title='bbox 1331 1848 1470 1877; x_wconf 85' lang='lat' dir='ltr'><em>scribitur</em></span> <span class='ocrx_word' id='word_1_593' title='bbox 1496 1859 1552 1887; x_wconf 88' lang='lat' dir='ltr'><em>pro</em></span> <span class='ocrx_word' id='word_1_594' title='bbox 1574 1849 1699 1878; x_wconf 83' lang='lat' dir='ltr'><em>Aeneid.</em></span> <span class='ocrx_word' id='word_1_595' title='bbox 1721 1868 1763 1873; x_wconf 87' lang='lat'><em>——</em></span> <span class='ocrx_word' id='word_1_596' title='bbox 1791 1853 1840 1889; x_wconf 85' lang='grc'><em>48)</em></span> <span class='ocrx_word' id='word_1_597' title='bbox 1868 1852 1928 1881; x_wconf 84' lang='lat' dir='ltr'><em>Cic.</em></span> <span class='ocrx_word' id='word_1_598' title='bbox 1948 1853 2025 1881; x_wconf 84' lang='lat' dir='ltr'><em>Sici-</em></span> 
     </span>
     <span class='ocr_line' id='line_1_59' title="bbox 1077 1890 2026 1929; baseline 0.005 -11"><span class='ocrx_word' id='word_1_599' title='bbox 1077 1891 1174 1918; x_wconf 70' lang='lat' dir='ltr'><em>lieri-si.</em></span> <span class='ocrx_word' id='word_1_600' title='bbox 1191 1890 1261 1919; x_wconf 86' lang='lat' dir='ltr'><em>cod.</em></span> <span class='ocrx_word' id='word_1_601' title='bbox 1279 1891 1334 1920; x_wconf 92' lang='lat' dir='ltr'><em>Gu.</em></span> <span class='ocrx_word' id='word_1_602' title='bbox 1356 1891 1427 1929; x_wconf 87' lang='lat' dir='ltr'><em>Cap.</em></span> <span class='ocrx_word' id='word_1_603' title='bbox 1445 1896 1488 1920; x_wconf 84' lang='lat' dir='ltr'><em>est</em></span> <span class='ocrx_word' id='word_1_604' title='bbox 1510 1893 1560 1923; x_wconf 87' lang='lat'><em>34.</em></span> <span class='ocrx_word' id='word_1_605' title='bbox 1585 1892 1660 1921; x_wconf 81' lang='lat' dir='ltr'><em>Tum</em></span> <span class='ocrx_word' id='word_1_606' title='bbox 1684 1893 1754 1924; x_wconf 84' lang='lat' dir='ltr'><em>Cod.</em></span> <span class='ocrx_word' id='word_1_607' title='bbox 1781 1895 1849 1923; x_wconf 83' lang='lat' dir='ltr'><em>Maii</em></span> <span class='ocrx_word' id='word_1_608' title='bbox 1867 1896 2026 1923; x_wconf 78' lang='lat' dir='ltr'><em>IIearnias</em></span> 
     </span>
     <span class='ocr_line' id='line_1_60' title="bbox 1076 1932 2025 1974; baseline 0.006 -15"><span class='ocrx_word' id='word_1_609' title='bbox 1076 1938 1117 1960; x_wconf 71' lang='lat' dir='ltr'><em>est</em></span> <span class='ocrx_word' id='word_1_610' title='bbox 1136 1932 1197 1962; x_wconf 66' lang='lat' dir='ltr'><em>liic.</em></span> <span class='ocrx_word' id='word_1_611' title='bbox 1217 1933 1287 1962; x_wconf 90' lang='lat' dir='ltr'><em>Cod.</em></span> <span class='ocrx_word' id='word_1_612' title='bbox 1313 1933 1368 1963; x_wconf 90' lang='lat' dir='ltr'><em>Gu.</em></span> <span class='ocrx_word' id='word_1_613' title='bbox 1390 1932 1514 1962; x_wconf 81' lang='lat' dir='ltr'><em>Stenius</em></span> <span class='ocrx_word' id='word_1_614' title='bbox 1538 1939 1580 1962; x_wconf 67' lang='lat' dir='ltr'><em>est</em></span> <span class='ocrx_word' id='word_1_615' title='bbox 1601 1934 1661 1965; x_wconf 79' lang='lat' dir='ltr'><em>llic.</em></span> <span class='ocrx_word' id='word_1_616' title='bbox 1688 1936 1774 1974; x_wconf 86' lang='lat' dir='ltr'><em>Apud</em></span> <span class='ocrx_word' id='word_1_617' title='bbox 1800 1938 1859 1965; x_wconf 85' lang='lat' dir='ltr'><em>Cic.</em></span> <span class='ocrx_word' id='word_1_618' title='bbox 1882 1938 2025 1966; x_wconf 71' lang='lat' dir='ltr'><em>Sthenius</em></span> 
     </span>
     <span class='ocr_line' id='line_1_61' title="bbox 1077 1975 2024 2009; baseline 0.007 -7"><span class='ocrx_word' id='word_1_619' title='bbox 1077 1980 1119 2003; x_wconf 84' lang='lat' dir='ltr'><em>est</em></span> <span class='ocrx_word' id='word_1_620' title='bbox 1142 1976 1177 2002; x_wconf 70' lang='lat' dir='ltr'><em>is.</em></span> <span class='ocrx_word' id='word_1_621' title='bbox 1198 1975 1309 2004; x_wconf 86' lang='lat' dir='ltr'><em>Deinde</em></span> <span class='ocrx_word' id='word_1_622' title='bbox 1332 1976 1562 2005; x_wconf 79' lang='lat' dir='ltr'><em>Tlierimitaicus</em></span> <span class='ocrx_word' id='word_1_623' title='bbox 1579 1977 1650 2006; x_wconf 93' lang='lat' dir='ltr'><em>Cod.</em></span> <span class='ocrx_word' id='word_1_624' title='bbox 1666 1978 1721 2008; x_wconf 94' lang='lat' dir='ltr'><em>Gu.</em></span> <span class='ocrx_word' id='word_1_625' title='bbox 1746 1979 1825 2008; x_wconf 85' lang='lat' dir='ltr'><em>Idem</em></span> <span class='ocrx_word' id='word_1_626' title='bbox 1845 1980 1945 2008; x_wconf 82' lang='lat' dir='ltr'><em>Codex</em></span> <span class='ocrx_word' id='word_1_627' title='bbox 1961 1985 2024 2009; x_wconf 80' lang='lat' dir='ltr'><em>sta-</em></span> 
     </span>
     <span class='ocr_line' id='line_1_62' title="bbox 1076 2017 2021 2059; baseline 0.008 -14"><span class='ocrx_word' id='word_1_628' title='bbox 1076 2017 1131 2045; x_wconf 89' lang='lat' dir='ltr'><em>tim</em></span> <span class='ocrx_word' id='word_1_629' title='bbox 1157 2022 1226 2056; x_wconf 79' lang='lat' dir='ltr'><em>post</em></span> <span class='ocrx_word' id='word_1_630' title='bbox 1252 2017 1308 2046; x_wconf 92' lang='lat' dir='ltr'><em>hoc</em></span> <span class='ocrx_word' id='word_1_631' title='bbox 1333 2029 1442 2047; x_wconf 88' lang='lat' dir='ltr'><em>nomen</em></span> <span class='ocrx_word' id='word_1_632' title='bbox 1466 2019 1509 2048; x_wconf 92' lang='lat' dir='ltr'><em>sic</em></span> <span class='ocrx_word' id='word_1_633' title='bbox 1536 2020 1651 2058; x_wconf 86' lang='lat' dir='ltr'><em>pergit:</em></span> <span class='ocrx_word' id='word_1_634' title='bbox 1686 2032 1780 2059; x_wconf 80' lang='lat' dir='ltr'><em>neque</em></span> <span class='ocrx_word' id='word_1_635' title='bbox 1807 2022 1941 2051; x_wconf 77' lang='lat' dir='ltr'><em>assidere</em></span> <span class='ocrx_word' id='word_1_636' title='bbox 1965 2026 2021 2053; x_wconf 85' lang='lat' dir='ltr'><em>cet.</em></span> 
     </span>
     <span class='ocr_line' id='line_1_63' title="bbox 1075 2059 2022 2101; baseline 0.007 -14"><span class='ocrx_word' id='word_1_637' title='bbox 1075 2063 1215 2098; x_wconf 80' lang='lat' dir='ltr'><em>tanquam</em></span> <span class='ocrx_word' id='word_1_638' title='bbox 1242 2059 1319 2089; x_wconf 86' lang='lat' dir='ltr'><em>idem</em></span> <span class='ocrx_word' id='word_1_639' title='bbox 1345 2062 1382 2090; x_wconf 90' lang='lat' dir='ltr'><em>sit</em></span> <span class='ocrx_word' id='word_1_640' title='bbox 1409 2061 1596 2101; x_wconf 79' lang='lat' dir='ltr'><em>exemplum,</em></span> <span class='ocrx_word' id='word_1_641' title='bbox 1626 2072 1686 2091; x_wconf 89' lang='lat' dir='ltr'><em>non</em></span> <span class='ocrx_word' id='word_1_642' title='bbox 1712 2064 1811 2093; x_wconf 82' lang='lat' dir='ltr'><em>addita</em></span> <span class='ocrx_word' id='word_1_643' title='bbox 1847 2065 2022 2094; x_wconf 79' lang='lat' dir='ltr'><em>elocutionis</em></span> 
     </span>
     <span class='ocr_line' id='line_1_64' title="bbox 1075 2101 2019 2144; baseline 0.007 -15"><span class='ocrx_word' id='word_1_644' title='bbox 1075 2101 1205 2130; x_wconf 80' lang='lat' dir='ltr'><em>formula</em></span> <span class='ocrx_word' id='word_1_645' title='bbox 1233 2101 1370 2132; x_wconf 67' lang='lat' dir='ltr'><em>acl-videre</em></span> <span class='ocrx_word' id='word_1_646' title='bbox 1397 2104 1496 2134; x_wconf 81' lang='lat' dir='ltr'><em>illam..</em></span> <span class='ocrx_word' id='word_1_647' title='bbox 1526 2104 1616 2144; x_wconf 83' lang='lat' dir='ltr'><em>Apud</em></span> <span class='ocrx_word' id='word_1_648' title='bbox 1650 2105 1795 2144; x_wconf 83' lang='lat' dir='ltr'><em>Angelum</em></span> <span class='ocrx_word' id='word_1_649' title='bbox 1818 2107 1927 2136; x_wconf 84' lang='lat' dir='ltr'><em>Maium</em></span> <span class='ocrx_word' id='word_1_650' title='bbox 1959 2112 2019 2136; x_wconf 85' lang='lat' dir='ltr'><em>est:</em></span> 
     </span>
     <span class='ocr_line' id='line_1_65' title="bbox 1073 2143 2020 2189; baseline 0.006 -17"><span class='ocrx_word' id='word_1_651' title='bbox 1073 2143 1223 2173; x_wconf 72' lang='lat' dir='ltr'><em>Adsidere</em></span> <span class='ocrx_word' id='word_1_652' title='bbox 1246 2145 1345 2175; x_wconf 83' lang='lat' dir='ltr'><em>illum.</em></span> <span class='ocrx_word' id='word_1_653' title='bbox 1372 2147 1432 2175; x_wconf 88' lang='lat' dir='ltr'><em>Cic.</em></span> <span class='ocrx_word' id='word_1_654' title='bbox 1458 2147 1561 2185; x_wconf 63' lang='lat' dir='ltr'><em>Neque</em></span> <span class='ocrx_word' id='word_1_655' title='bbox 1582 2152 1636 2176; x_wconf 84' lang='lat' dir='ltr'><em>cet.</em></span> <span class='ocrx_word' id='word_1_656' title='bbox 1652 2148 1761 2177; x_wconf 91' lang='lat' dir='ltr'><em>Locum</em></span> <span class='ocrx_word' id='word_1_657' title='bbox 1788 2149 1868 2178; x_wconf 90' lang='lat' dir='ltr'><em>hunc</em></span> <span class='ocrx_word' id='word_1_658' title='bbox 1889 2150 2020 2189; x_wconf 83' lang='lat' dir='ltr'><em>reperire</em></span> 
     </span>
     <span class='ocr_line' id='line_1_66' title="bbox 1074 2186 2018 2230; baseline 0.004 -15"><span class='ocrx_word' id='word_1_659' title='bbox 1074 2186 1109 2215; x_wconf 86' lang='lat' dir='ltr'><em>A.</em></span> <span class='ocrx_word' id='word_1_660' title='bbox 1133 2186 1203 2217; x_wconf 82' lang='lat' dir='ltr'><em>Mai.</em></span> <span class='ocrx_word' id='word_1_661' title='bbox 1227 2197 1288 2216; x_wconf 92' lang='lat' dir='ltr'><em>non</em></span> <span class='ocrx_word' id='word_1_662' title='bbox 1312 2189 1416 2228; x_wconf 83' lang='lat' dir='ltr'><em>potuit.</em></span> <span class='ocrx_word' id='word_1_663' title='bbox 1441 2189 1474 2217; x_wconf 90' lang='lat' dir='ltr'><em>In</em></span> <span class='ocrx_word' id='word_1_664' title='bbox 1496 2189 1562 2229; x_wconf 88' lang='lat' dir='ltr'><em>ipso</em></span> <span class='ocrx_word' id='word_1_665' title='bbox 1590 2191 1726 2230; x_wconf 84' lang='lat' dir='ltr'><em>exemplo</em></span> <span class='ocrx_word' id='word_1_666' title='bbox 1752 2191 1823 2222; x_wconf 89' lang='lat' dir='ltr'><em>Cod.</em></span> <span class='ocrx_word' id='word_1_667' title='bbox 1848 2193 1904 2221; x_wconf 91' lang='lat' dir='ltr'><em>Gu.</em></span> <span class='ocrx_word' id='word_1_668' title='bbox 1930 2192 2018 2220; x_wconf 77' lang='lat' dir='ltr'><em>Sabi-</em></span> 
     </span>
     <span class='ocr_line' id='line_1_67' title="bbox 1073 2229 2018 2271; baseline 0.005 -15"><span class='ocrx_word' id='word_1_669' title='bbox 1073 2229 1159 2257; x_wconf 86' lang='lat' dir='ltr'><em>nium</em></span> <span class='ocrx_word' id='word_1_670' title='bbox 1184 2234 1212 2258; x_wconf 90' lang='lat' dir='ltr'><em>et</em></span> <span class='ocrx_word' id='word_1_671' title='bbox 1236 2231 1355 2270; x_wconf 79' lang='lat' dir='ltr'><em>alioqui</em></span> <span class='ocrx_word' id='word_1_672' title='bbox 1382 2231 1510 2262; x_wconf 84' lang='lat' dir='ltr'><em>exhibet.</em></span> <span class='ocrx_word' id='word_1_673' title='bbox 1542 2247 1584 2254; x_wconf 96' lang='lat'>—</span> <span class='ocrx_word' id='word_1_674' title='bbox 1619 2232 1666 2271; x_wconf 84' lang='lat'><em>49)</em></span> <span class='ocrx_word' id='word_1_675' title='bbox 1694 2233 1766 2262; x_wconf 90' lang='lat' dir='ltr'><em>Cod.</em></span> <span class='ocrx_word' id='word_1_676' title='bbox 1802 2235 1831 2262; x_wconf 85' lang='grc' dir='ltr'><em>Α.</em></span> <span class='ocrx_word' id='word_1_677' title='bbox 1854 2234 1923 2263; x_wconf 87' lang='lat' dir='ltr'><em>Maii</em></span> <span class='ocrx_word' id='word_1_678' title='bbox 1951 2232 2018 2261; x_wconf 80' lang='lat' dir='ltr'><em>Ad-</em></span> 
     </span>
     <span class='ocr_line' id='line_1_68' title="bbox 1073 2270 2017 2315; baseline 0.006 -16"><span class='ocrx_word' id='word_1_679' title='bbox 1073 2270 1187 2300; x_wconf 72' lang='lat' dir='ltr'><em>sidet-e</em></span> <span class='ocrx_word' id='word_1_680' title='bbox 1209 2273 1308 2304; x_wconf 78' lang='lat' dir='ltr'><em>illam.</em></span> <span class='ocrx_word' id='word_1_681' title='bbox 1331 2274 1408 2304; x_wconf 85' lang='lat' dir='ltr'><em>Tum</em></span> <span class='ocrx_word' id='word_1_682' title='bbox 1431 2274 1508 2303; x_wconf 89' lang='lat' dir='ltr'><em>idem</em></span> <span class='ocrx_word' id='word_1_683' title='bbox 1531 2275 1566 2303; x_wconf 83' lang='lat' dir='ltr'><em>A.</em></span> <span class='ocrx_word' id='word_1_684' title='bbox 1591 2274 1658 2304; x_wconf 81' lang='lat' dir='ltr'><em>Mai.</em></span> <span class='ocrx_word' id='word_1_685' title='bbox 1687 2277 1751 2306; x_wconf 77' lang='lat' dir='ltr'><em>Sat.</em></span> <span class='ocrx_word' id='word_1_686' title='bbox 1778 2275 1847 2315; x_wconf 74' lang='lat' dir='ltr'><em>Iug.</em></span> <span class='ocrx_word' id='word_1_687' title='bbox 1885 2278 1931 2307; x_wconf 84' lang='lat'><em>11.</em></span> <span class='ocrx_word' id='word_1_688' title='bbox 1960 2276 2017 2303; x_wconf 89' lang='lat' dir='ltr'><em>Lo-</em></span> 
     </span>
     <span class='ocr_line' id='line_1_69' title="bbox 1075 2314 2014 2386; baseline 0.001 -42"><span class='ocrx_word' id='word_1_689' title='bbox 1075 2324 1139 2386; x_wconf 51' lang='lat' dir='ltr'><em>cuz}1</em></span> <span class='ocrx_word' id='word_1_690' title='bbox 1160 2314 1192 2344; x_wconf 91' lang='lat' dir='ltr'><em>in</em></span> <span class='ocrx_word' id='word_1_691' title='bbox 1226 2316 1330 2346; x_wconf 87' lang='lat' dir='ltr'><em>eodem</em></span> <span class='ocrx_word' id='word_1_692' title='bbox 1366 2327 1430 2357; x_wconf 81' lang='lat' dir='ltr'><em>cap.</em></span> <span class='ocrx_word' id='word_1_693' title='bbox 1474 2317 1582 2356; x_wconf 83' lang='lat' dir='ltr'><em>legitur</em></span> <span class='ocrx_word' id='word_1_694' title='bbox 1624 2318 1705 2358; x_wconf 88' lang='lat' dir='ltr'><em>apud</em></span> <span class='ocrx_word' id='word_1_695' title='bbox 1746 2318 1823 2350; x_wconf 84' lang='lat' dir='ltr'><em>cort.</em></span> <span class='ocrx_word' id='word_1_696' title='bbox 1869 2323 1899 2348; x_wconf 88' lang='lat' dir='ltr'><em>et</em></span> <span class='ocrx_word' id='word_1_697' title='bbox 1937 2318 2014 2346; x_wconf 88' lang='lat' dir='ltr'><em>Ger-</em></span> 
     </span>
     <span class='ocr_line' id='line_1_70' title="bbox 1071 2356 1150 2386; baseline 0 0"><span class='ocrx_word' id='word_1_698' title='bbox 1071 2356 1118 2386; x_wconf 85' lang='lat' dir='ltr'><em>lac</em></span> <span class='ocrx_word' id='word_1_699' title='bbox 1143 2378 1150 2386; x_wconf 88' lang='lat'><em>.</em></span> 
     </span>
    </p>
   </div>
   <div class='ocr_carea' id='block_1_12' title="bbox 1467 2444 1574 2478">
    <p class='ocr_par' dir='ltr' id='par_1_15' title="bbox 1467 2444 1574 2478">
     <span class='ocr_line' id='line_1_71' title="bbox 1467 2444 1574 2478; baseline -0.009 0"><span class='ocrx_word' id='word_1_700' title='bbox 1467 2444 1574 2478; x_wconf 90' lang='lat' dir='ltr'><em>Dd*</em></span> 
     </span>
    </p>
   </div>
  </div>
 </body>
</html>
