2263 2668
513 151 577 184 DE
606 148 992 184 SIGNIFICATIONE
1020 149 1303 184 VERBORUM.
1365 149 1510 183 LIBER
1532 148 1621 182 XVI.
1966 151 2041 186 657

93 245 221 283 (e.22.):
250 242 426 285 Priusquam
449 244 480 272 in
502 255 534 273 os
556 243 662 272 iniecta
682 241 770 283 gleba
792 250 847 279 est,
876 240 959 271 locus
982 240 1046 279 ille,
1076 241 1126 272 ubi
1148 250 1306 273 crematum
1330 249 1371 271 est
1394 252 1515 282 corpus,
1540 239 1616 270 nihil
1636 240 1722 271 habet
1744 241 1908 282 religionis,
1935 244 2043 275 iniecta

90 286 197 327 glebam
224 294 284 315 tum
307 294 333 315 et
355 285 406 315 ille
427 285 561 314 humatus
586 293 626 314 est
651 293 677 314 et
702 284 864 325 sepulcrum
887 291 1026 320 vocatur,
1055 296 1092 315 ac
1115 293 1184 316 tunc
1207 285 1330 326 denique
1350 284 1445 313 multa
1468 283 1606 325 religiosa
1628 285 1693 313 iura
1716 284 1927 325 complectitur.
1955 286 2043 317 Dac-

92 329 157 361 Λᾶ.
195 330 243 359 At.
289 327 341 358 Go
351 328 395 357 th.

96 421 102 427 ῃ
257 378 362 427 Reus.
391 378 452 419 (Ad
475 390 503 417 p.
517 377 601 417 237.)
632 378 690 408 Sed
720 377 858 417 exemplo
887 376 1012 406 adiuvat
1037 377 1314 418 interpretationem
1336 378 1432 407 Numa
1455 377 1486 406 in
1509 377 1642 406 secunda
1665 377 1780 414 tabula,
1815 379 1945 408 secunda
1968 380 2041 419 lege,

94 431 124 450 m
147 431 207 460 qua
230 427 392 461 scriptum:

184 469 571 543 FUNSUSSEEIJSTQOUID'
601 469 780 501 EORUM.
810 470 940 501 FUAT.
969 469 1108 501 UNUM.
1134 469 1308 501 IUDICEI.
1333 469 1607 501 ARBITROVE.
1633 468 1789 500 REOVE.
1819 469 1924 501 DIES.
1948 471 2043 501 DIF..

95 565 182 593 Nunc
205 570 329 603 uterque
352 570 435 594 actor
456 573 583 602 reusque
606 563 637 591 in
660 563 801 593 iudicium
826 569 982 601 evocatur,
1018 564 1147 603 itemque
1170 570 1326 594 accusator
1348 565 1384 594 de
1406 565 1455 594 via
1478 564 1556 593 citur
1580 573 1662 592 more
1683 567 1796 600 vetere,
1828 568 1858 592 et
1880 570 2043 594 consuetu-

97 607 166 636 dine
184 607 314 646 antiqua.
339 606 437 637 scal.
470 605 550 635 Reus
574 617 650 634 nunc
674 605 797 643 dicitur,
821 608 871 648 qui
893 618 1027 637 caussam
1053 606 1134 636 dicit.
1169 609 1245 637 Reus
1268 618 1350 636 nunc
1373 608 1486 636 (licitur
1506 607 1546 645 is,
1572 606 1623 645 qui
1645 615 1706 634 rein
1728 605 1867 644 promisit
1888 617 1922 635 ac
1944 606 2042 644 debet,

95 650 153 678 hoo
176 654 234 686 est,
260 650 339 679 unde
362 650 434 688 quid
457 648 568 677 iudicio
592 651 718 687 petitur,
745 650 814 678 inde
837 660 905 678 reus
928 650 1100 689 stipulando
1123 655 1151 678 et
1175 651 1338 689 stipulaudi
1361 650 1486 686 dicitur,
1515 649 1567 688 qui
1589 648 1749 687 stipulatus
1772 653 1824 677 est.
1872 649 1948 677 Reus
1969 659 2043 688 pro—

97 692 241 721 mittendo
264 697 292 720 et
314 692 525 731 promittendi,
555 691 605 729 qui
628 692 772 729 promisit.
812 693 887 720 Reus
910 692 1050 729 debendi,
1082 694 1131 730 qui
1155 693 1257 730 debet,
1281 698 1335 722 etc.
1373 691 1468 729 Reus,
1494 693 1544 732 qui
1565 698 1606 719 est
1628 702 1693 720 cum
1716 689 1808 720 altero
1831 689 1851 720 l.
1875 702 1940 720 con.
1976 691 2044 720 Hoc

96 739 140 763 est
162 737 258 763 omnis
281 735 417 772 litigator.
463 735 522 762 Cic.
545 735 581 762 de
606 734 756 763 O1·at.11.:
793 733 873 764 Reos
901 733 1033 774 appello,
1071 746 1128 763 non
1151 747 1198 765 eos
1220 734 1322 772 mollo,
1358 736 1409 775 qui
1431 741 1606 774 arguuntur,
1643 731 1693 761 secl
1716 743 1827 769 omnes,
1862 744 1986 773 quorum
2009 732 2044 762 tle

98 788 126 805 re
148 775 336 816 disceptatur.
381 776 432 805 Sic
454 778 529 805 enim
551 775 622 805 olim
645 775 846 816 loquebantur.
895 776 1008 816 Quippe
1029 788 1081 805 suo
1103 779 1232 814 nomine,
1256 783 1311 807 etc.
1358 779 1510 814 Legerem:
1544 775 1657 814 Quippe
1678 786 1731 803 suo
1754 775 1870 803 nomine
1890 775 1928 803 ab
1950 774 2044 804 altero

97 817 178 859 quod
199 818 358 858 stipulatus
379 826 427 848 est.
450 835 491 840 —
514 818 574 848 Sed
596 818 731 858 exemplo
754 818 885 849 adiuvat.
924 819 1020 848 Verba
1042 819 1130 857 legis:
1155 821 1180 848 si
1202 819 1274 860 quid
1296 820 1398 849 horum
1422 818 1458 847 ad
1483 818 1687 857 exceptiones,
1712 827 1786 855 quae
1808 827 1858 845 reo
1882 817 1930 845 vel
1951 818 2045 846 iudici

97 862 260 896 dabantur,
298 862 461 900 pertinent,
500 867 532 890 ut
555 866 598 889 est
620 861 738 890 morbus
759 862 902 898 sonticus,
934 861 1028 904 funus
1047 860 1217 902 familiare,
1250 867 1305 894 etc,
1350 863 1379 890 Si
1410 861 1518 897 iudex,
1557 860 1604 888 vel
1633 860 1707 888 alter
1735 864 1802 888 uter
1825 869 1862 888 ex
1883 859 2045 897 litigatori-

97 904 153 933 bus
175 904 278 932 morbo
300 905 416 932 sontico
438 904 671 942 impediebatur,
701 904 751 932 lex
774 904 910 940 iubebat,
942 904 1019 933 diem
1041 903 1144 932 iudicii
1167 915 1228 933 esse
1251 905 1401 938 diffisum,
1431 904 1489 932 hoc
1512 907 1554 931 est
1576 902 1743 941 prolatum,
1772 906 1801 931 et
1823 902 1852 930 in
1873 901 1952 930 diem
1972 903 2046 932 alte-

97 957 162 976 rum
180 947 334 975 reiectum.
358 946 445 976 Dac.
476 945 557 975 Reus
574 957 638 975 cum
652 957 717 986 pro.
746 945 827 975 Reus
851 958 916 975 cum
935 957 990 986 pro
1013 953 1134 986 utroque
1156 946 1302 986 litigatore
1321 947 1408 987 poni,
1432 954 1463 974 ut
1485 946 1515 974 in
1538 956 1585 981 eo,
1609 945 1660 984 qui
1680 945 1710 972 in
1733 943 1859 984 aliquem
1883 945 1959 984 agit,
1983 952 2044 974 tum

95 1000 150 1029 pro
173 999 221 1025 eo,
258 990 309 1029 qui
331 988 403 1017 dicit
421 1000 477 1028 pro
499 1001 542 1026 se,
580 996 684 1017 auctor
707 1011 714 1018 .
739 1011 745 1017 .
771 1011 778 1018 .
802 988 915 1027 reliqua
938 999 996 1017 non
1019 989 1104 1027 potui
1127 990 1284 1028 expiscari.
1329 991 1365 1018 Et
1390 999 1481 1027 supra
1504 988 1561 1016 iam
1585 987 1700 1015 dixerat
1723 987 1816 1014 Reum
1838 991 1896 1015 tam
1919 997 1975 1025 pro
1999 998 2045 1024 eo,

99 1031 151 1070 qui
173 1031 329 1069 convenit,
353 1041 441 1070 quam
465 1042 519 1070 pro
544 1041 595 1068 eo,
620 1031 672 1069 qui
694 1031 888 1069 convenitur,
910 1042 925 1059 a
949 1031 1098 1060 veteribus
1122 1038 1305 1070 usurpatum.
1331 1030 1431 1061 Scal.
1465 1030 1545 1059 Reus
1568 1040 1632 1058 cum
1652 1039 1707 1069 pro
1729 1035 1858 1069 utroque.
1893 1029 1936 1057 tta
1953 1029 2044 1059 Sche-

98 1074 162 1103 dae.
193 1073 251 1102 Sed
272 1075 308 1102 iis
331 1079 405 1112 puto
429 1073 578 1112 quoddam
602 1074 781 1111 desiderari,
805 1083 899 1112 neque
922 1073 995 1102 mihi
1018 1084 1119 1102 seusus
1142 1074 1261 1103 videtur
1285 1075 1406 1112 integer.
1440 1074 1590 1111 Scriptum
1615 1072 1715 1099 forsan
1737 1071 1848 1100 suerat:
1870 1069 1951 1100 Reus
1973 1083 1998 1101 c.
2013 1083 2044 1110 p.

99 1129 125 1147 u.
145 1128 175 1156 p.
197 1124 271 1145 recte
290 1117 332 1145 ait
355 1115 474 1145 Sinnius
494 1117 524 1145 in
547 1127 578 1145 eo
601 1128 683 1156 quem
707 1114 742 1144 de
763 1127 810 1145 reo
833 1115 975 1145 inscribit.
1018 1116 1056 1145 Et
1079 1128 1142 1146 cum
1168 1115 1240 1146 dicit
1260 1128 1315 1155 pro
1337 1128 1379 1152 se,
1411 1120 1466 1145 etc.
1512 1115 1585 1143 Ista:
1619 1121 1645 1141 et
1666 1125 1730 1142 cum
1755 1112 1843 1149 dicit,
1875 1118 1930 1143 etc.
1952 1114 2046 1143 verba

99 1164 171 1188 sunt
192 1159 304 1186 Sinnii:
332 1158 413 1186 Nihil
436 1159 519 1187 aliud
542 1159 648 1194 video,
676 1163 704 1187 et
727 1158 803 1187 banc
827 1169 919 1187 meam
944 1159 1141 1187 coniecturam
1165 1159 1315 1187 mordicus
1338 1158 1493 1192 obtinebo,
1518 1158 1613 1185 donec
1635 1155 1741 1194 aliquis
1763 1155 1948 1194 probabilius
1971 1156 2045 1194 quid

99 1203 129 1230 iu
152 1201 282 1230 medium
308 1202 446 1238 proferat.
471 1201 559 1232 Dac.
591 1200 680 1229 Reus.
711 1201 744 1229 ld
768 1202 890 1230 verbum
913 1202 1022 1240 passim
1045 1202 1076 1229 in
1099 1202 1179 1235 iure,
1203 1207 1232 1230 et
1250 1202 1417 1239 specialiter
1436 1201 1525 1229 Titul.
1549 1200 1586 1228 de
1608 1198 1726 1226 duobus
1748 1198 1815 1228 reis.
1848 1197 1928 1226 Reus
1949 1199 2046 1238 stipu-

99 1243 202 1273 lando.
243 1244 302 1280 Qui
331 1249 359 1272 et
387 1254 455 1272 reus
480 1244 642 1282 stipulandi
665 1244 694 1272 in
718 1244 824 1274 1.1.ff,
849 1245 885 1272 de
908 1244 1026 1272 duobus
1049 1244 1116 1274 reis.
1159 1243 1239 1282 Quid
1261 1243 1372 1273 horum.
1411 1243 1491 1279 Quid
1513 1242 1619 1270 horum
1643 1240 1701 1269 fuit
1722 1240 1828 1268 vitium
1851 1240 1941 1269 iudici
1964 1240 2046 1269 arbi-

100 1292 186 1315 trove
209 1297 296 1316 reove
320 1286 382 1314 dies
404 1286 570 1323 distensus,
603 1286 651 1314 vel
674 1285 799 1314 diffusus
822 1290 901 1322 esto;
936 1287 983 1316 vel
1007 1286 1130 1315 diffusus
1153 1292 1205 1315 est.
1253 1286 1326 1315 Vide
1351 1286 1367 1314 l.
1380 1289 1409 1318 2.
1435 1288 1457 1324 §.
1471 1287 1500 1318 3.
1516 1285 1545 1315 ff.
1570 1284 1593 1313 si
1619 1283 1683 1322 quis
1705 1282 1903 1312 cautionibus.
1947 1282 2046 1312 Actor

101 1341 227 1370 reusque.
259 1329 402 1357 Actorum
425 1329 537 1367 reique.
572 1327 631 1359 Me.
659 1329 747 1359 Reus.
797 1327 903 1357 Goth.

265 1378 408 1409 Roscii.
455 1379 647 1408 Referebatur
670 1390 684 1407 a
707 1380 794 1408 Festo
817 1379 902 1408 locus
926 1379 1080 1409 Ciceronis
1103 1380 1138 1408 de
1164 1380 1246 1411 Orat.
1268 1380 1320 1409 lib.
1333 1380 1353 1408 I.
1378 1381 1521 1417 cap.28.:
1560 1376 1662 1418 Itaque
1688 1376 1743 1406 lzoc
1768 1375 1882 1405 iamdiu
1904 1383 1944 1404 est
1968 1386 2046 1405 con-

100 1428 229 1458 secutus,
263 1429 293 1450 ut
317 1423 346 1450 in
369 1433 426 1462 quo
449 1422 569 1462 quisque
590 1422 718 1461 artificio
741 1420 910 1458 excelleret,
946 1423 970 1451 is
994 1423 1024 1450 in
1047 1434 1099 1451 suo
1119 1434 1221 1461 genere
1241 1422 1371 1452 Roscius
1394 1422 1544 1451 diceretur.
1590 1422 1672 1456 Quae
1695 1424 1862 1458 sequuntur
1885 1419 2047 1456 fragmenta

100 1474 255 1501 versuum,
280 1465 420 1492 videntur
442 1465 592 1503 pertinere
614 1466 650 1492 ad
674 1465 797 1493 Rustica
819 1465 939 1494 vinalia.
962 1465 1050 1493 Ant.
1074 1465 1166 1504 Aug.
1201 1466 1296 1494 Infra:
1319 1464 1425 1494 Roscii
1445 1461 1590 1503 appellari
1611 1461 1703 1491 solent
1726 1463 1756 1490 in
1778 1469 1840 1490 arte
1860 1460 1962 1500 aliqua
1983 1472 2047 1499 per-

99 1507 188 1547 fecti,
211 1505 291 1546 quod
312 1505 443 1536 Roscius
468 1504 630 1536 Comoeslus
653 1507 682 1535 in
705 1514 767 1535 arte
788 1518 841 1535 sua
861 1506 1007 1547 perfectus
1022 1506 1136 1545 fuerit,
1159 1506 1249 1542 adeo,
1272 1515 1303 1536 ut
1326 1507 1401 1536 nihil
1422 1508 1448 1535 ei
1470 1506 1575 1534 deesset
1598 1504 1639 1533 ad
1658 1502 1881 1544 perfectionem5
1907 1510 1937 1531 ut
1959 1501 2009 1531 lib.
2021 1501 2047 1533 Ῑ.

101 1551 177 1587 (27.)
201 1548 235 1577 tle
260 1548 384 1578 Oratore
406 1550 448 1576 ait
474 1547 582 1578 Cicero.
630 1549 739 1577 Deinde
761 1548 842 1577 aliud
872 1553 974 1586 caput:
1011 1548 1138 1577 Rustica
1166 1549 1279 1578 vinalia
1307 1561 1400 1578 mense
1421 1549 1560 1587 Augusto
1586 1547 1692 1576 Veneri
1721 1545 1822 1575 dicata
1850 1552 1933 1582 sunt,
1969 1543 2049 1584 quod

101 1591 199 1621 euclem
223 1590 276 1620 illo
301 1590 347 1619 die
368 1589 453 1619 aedes
475 1592 501 1618 ei
523 1598 694 1620 consecrata
717 1592 764 1619 sit.
796 1589 929 1619 Iumenta.
946 1601 1074 1630 quoque,
1098 1589 1230 1627 olitores,
1253 1599 1279 1620 et
1303 1602 1400 1620 omnes
1422 1590 1501 1619 horti
1522 1591 1550 1618 in
1574 1590 1634 1619 eius
1657 1587 1747 1617 tutela
1770 1595 1844 1617 sunt.
1880 1588 1920 1615 De
1935 1587 2049 1616 iumen-

102 1635 139 1664 tis
156 1639 254 1664 autem
272 1633 448 1661 mentionem
466 1633 551 1669 fecit,
578 1634 645 1671 quia
666 1634 797 1661 iumenta
821 1638 962 1662 coronata
987 1642 1020 1660 eo
1044 1633 1091 1661 die
1114 1633 1149 1660 ab
1174 1643 1262 1671 opere
1285 1633 1454 1669 cessabant3
1480 1642 1647 1670 quanquam
1667 1641 1726 1659 non
1746 1641 1780 1659 eo
1797 1630 1860 1667 die,
1887 1629 1939 1658 sed
1956 1630 2048 1658 altero

103 1677 139 1706 ab
160 1677 229 1712 illo,
257 1675 313 1704 hoc
337 1680 381 1703 est
405 1675 604 1704 Consualibus
628 1685 741 1704 cessare
764 1675 848 1704 solita
873 1675 914 1703 ait
936 1674 1112 1703 Plutarchus
1136 1675 1164 1703 in
1189 1675 1430 1711 Quaestionibus.
1454 1673 1554 1703 Scal.
1600 1673 1707 1702 Roscii
1727 1671 1814 1712 vulgo
1836 1670 1982 1712 appellari
2001 1682 2049 1700 so-

102 1718 171 1749 lent.
207 1719 291 1747 Hunc
313 1718 413 1746 locum
437 1719 478 1746 ita
499 1719 690 1756 suppleverat
712 1718 783 1746 olim
798 1718 937 1755 Scaliger.
973 1718 1067 1746 Locus
1084 1718 1249 1754 Ciceronis,
1273 1728 1358 1756 quem
1376 1718 1478 1746 Festus
1500 1716 1638 1754 intelligit
1659 1716 1709 1754 (de
1725 1716 1806 1743 Orat.
1822 1714 1851 1750 I,
1874 1716 1925 1751 28,
1950 1713 2050 1752 130.):

104 1761 207 1802 Itaque
229 1768 254 1789 et
274 1759 315 1789 acl
337 1759 415 1789 hanc
436 1759 656 1789 similitudinem
680 1760 765 1789 liuius
788 1760 939 1789 histrionis
961 1761 1121 1789 oratoriam
1143 1759 1260 1789 laudem
1285 1760 1464 1800 dirigamus,
1487 1757 1639 1794 videtisne,
1662 1768 1750 1798 quam
1772 1756 1848 1785 nihil
1865 1755 1904 1784 ab
1922 1766 1970 1792 eo,
1994 1756 2051 1784 nisi

101 1803 245 1846 perfecte,
267 1801 344 1831 nihil
357 1803 415 1831 nisi
429 1813 495 1832 cum
513 1814 626 1831 summa
644 1810 791 1831 venustate
801 1804 862 1842 fiat
874 1801 891 1832 Ρ
912 1801 1000 1830 Nihil
1015 1803 1072 1830 nisi
1087 1803 1142 1837 ita,
1166 1809 1198 1830 ut
1214 1801 1323 1839 deceat,
1346 1810 1371 1831 et
1387 1803 1430 1831 uti
1445 1812 1543 1831 omnes
1560 1807 1672 1829 moveat
1691 1807 1777 1839 atque
1795 1797 1939 1828 delectet?
1962 1798 2049 1827 Dae.

267 1843 431 1874 Rustica
452 1844 617 1874 vinalia.
641 1844 700 1884 (Ad
724 1856 752 1884 p.
767 1845 852 1886 237.)
877 1844 952 1874 Vide
974 1855 1064 1883 supra
1087 1843 1213 1874 Rustica
1234 1844 1354 1874 vinalia.

266 1886 427 1916 Raucos.
472 1888 588 1915 Raucos
616 1887 780 1926 appellatos
808 1897 870 1916 esse
900 1888 941 1915 ait
969 1888 1005 1915 ab
1034 1887 1185 1923 ariditate,
1224 1888 1271 1915 vel
1295 1899 1310 1916 a
1334 1886 1529 1915 similitudine
1559 1885 1708 1924 spicarum
1739 1883 1857 1912 aristae.
1902 1882 1935 1911 In
1960 1880 2050 1920 spicis

104 1930 182 1959 enim
205 1930 352 1958 frumenta
375 1940 445 1958 rava
470 1930 616 1968 appellari
639 1930 734 1960 docet.
768 1930 964 1958 Glossarium:
989 1928 1106 1965 Ravus,
1130 1928 1254 1968 καρπός.
1286 1930 1357 1958 Vult
1380 1930 1509 1958 fructum
1532 1928 1664 1966 quemvis
1688 1931 1835 1955 maturum
1858 1926 1972 1953 flavum
1995 1934 2051 1952 vo-

106 1973 183 2010 cmi,
207 1973 310 2001 Festus
333 1977 446 2001 tantum
469 1974 616 2001 frumenta
640 1972 670 2001 in
693 1973 792 2012 spicis.
816 1971 918 2002 Scal.
963 1970 1087 2000 Raucus
1109 1982 1125 1999 a
1147 1982 1235 2001 ravus
1257 1983 1273 2001 e
1295 1973 1415 2008 addito,
1439 1975 1473 2001 ut
1495 1981 1510 1999 a
1531 1981 1637 2010 parum
1656 1980 1775 2009 parcus.
1819 1967 1910 1997 Dac.

267 2022 374 2052 Rica.
420 2024 463 2052 Ex
488 2023 584 2052 verbis
607 2023 686 2052 Festi
708 2024 778 2051 satis
801 2028 939 2062 apparet,
963 2032 998 2052 ne
1020 2023 1098 2051 inter
1119 2028 1232 2051 veteres
1256 2022 1376 2061 quidem
1398 2022 1469 2051 satis
1492 2021 1685 2057 convenisse,
1704 2019 1775 2058 quid
1798 2023 1873 2046 esset
1895 2017 1966 2046 rica.
1998 2017 2050 2045 Vel

105 2065 266 2096 dicendum
289 2070 334 2094 est
355 2066 562 2094 vestimentum
591 2066 784 2104 quadratum,
824 2076 883 2104 quo
907 2065 1085 2094 Flaminicae
1107 2075 1163 2103 pro
1188 2065 1309 2104 palliolo
1332 2065 1456 2093 mitrave
1478 2063 1654 2098 utebantur,
1690 2061 1768 2100 quod
1793 2071 1844 2099 ego
1867 2061 2051 2097 interpretor

105 2110 259 2146 flmmeum,
283 2113 312 2137 et·
334 2109 472 2137 vestitum
496 2118 533 2136 ex
556 2109 622 2136 lana
645 2109 727 2146 alba,
751 2118 838 2147 quem
863 2118 915 2146 ego
938 2108 1069 2137 tutulum
1092 2108 1224 2147 accipio,
1248 2113 1346 2145 togam
1370 2108 1456 2136 etiam
1480 2111 1509 2135 et
1531 2106 1682 2143 cingulum
1705 2104 1826 2143 capitis,
1850 2104 1942 2132 ricam
1961 2102 2049 2130 fuisse

107 2156 250 2181 vocatam.
281 2152 356 2179 Sane
378 2151 470 2179 ricam
493 2151 702 2180 vestimentum
725 2151 902 2188 quadratum
926 2151 988 2179 sive
1010 2150 1165 2187 ssameum,
1189 2151 1251 2179 sive
1274 2151 1379 2189 capitis
1402 2153 1604 2187 tegumentum
1625 2148 1732 2181 fuisse,
1753 2145 1865 2174 indicio
1888 2150 1946 2180 est,
1970 2142 2047 2181 quod

107 2206 140 2223 eo
155 2193 334 2222 flaminicae
356 2203 411 2231 pro
433 2193 555 2231 palliolo
578 2193 702 2222 mitrave
726 2193 903 2230 utebantur,
927 2203 1001 2232 quae
1022 2193 1138 2222 assidue
1160 2194 1266 2222 ssameo
1289 2197 1372 2222 erant
1395 2192 1532 2228 amictae,
1554 2196 1588 2219 ut
1610 2200 1700 2229 supra
1721 2189 1752 2217 in
1766 2190 1891 2229 flameo.
1918 2187 1956 2215 Et
1971 2184 2048 2232 illud

106 2236 232 2275 Turpilii
254 2235 284 2264 in
306 2235 434 2264 hetaira:
458 2234 572 2264 Interea
594 2237 712 2274 aspexit
733 2236 872 2275 virginem
895 2237 924 2264 in
948 2236 1042 2274 capite
1060 2243 1221 2274 gestantem
1244 2234 1367 2264 riculam
1390 2233 1524 2263 indutam
1546 2233 1698 2262 ostrinam.
1731 2232 1768 2260 Et
1787 2230 1862 2259 illud
1879 2232 2046 2258 Germanici

108 2279 254 2308 Caesaris:
276 2294 320 2299 —
340 2276 379 2307 Et
400 2288 449 2306 ore
469 2276 578 2306 Velato
601 2279 733 2318 tristique
751 2289 843 2317 genas
864 2276 1039 2308 abscondita
1063 2279 1134 2308 rica.
1164 2278 1238 2307 Item
1262 2278 1337 2307 illud
1359 2277 1500 2306 Varronis
1522 2276 1573 2304 lib.
1586 2274 1636 2304 IV.
1659 2274 1695 2303 de
1717 2275 1748 2303 L.
1770 2275 1799 2303 L.
1823 2273 1862 2310 (p.
1881 2273 1946 2302 133.
1969 2267 2047 2316 ξι)·);

108 2321 187 2351 Rica
208 2332 227 2348 a
250 2321 324 2356 ritu,
356 2318 436 2359 quod
457 2317 590 2349 Romani
611 2321 668 2349 ritu
688 2321 867 2358 sacrficium
881 2319 1036 2361 foeminae
1057 2331 1121 2349 cum
1135 2319 1277 2361 faciunt,
1308 2321 1407 2360 capita
1428 2318 1534 2348 velant.
1579 2317 1734 2346 Praeterea
1756 2321 1783 2345 et
1806 2313 1879 2343 illud
1900 2311 1985 2360 Gellii
2010 2311 2048 2340 de

109 2363 233 2394 Euclide
256 2363 408 2391 Socratico
440 2362 490 2400 qui
518 2362 572 2391 sub
601 2370 729 2398 noctem,
766 2373 832 2391 cum
861 2362 1124 2403 advesperasceret,
1164 2364 1264 2392 tunica
1294 2361 1384 2402 longa
1412 2359 1548 2390 muliebri
1575 2358 1695 2388 indutus
1717 2367 1742 2387 et
1760 2355 1854 2397 pallio
1877 2351 2048 2382 versicolore

109 2407 233 2435 amictus
255 2412 281 2434 et
303 2411 391 2444 caput
414 2404 476 2433 rica
499 2403 609 2434 velatus
631 2417 645 2433 e
667 2404 755 2435 domo
776 2416 829 2434 sua
852 2405 987 2446 IVIegaris
1008 2403 1144 2434 Athenas
1166 2404 1208 2434 ad
1230 2405 1380 2435 Socratem
1403 2401 1596 2434 commeabat.
1640 2402 1722 2430 Unde
1746 2398 1853 2428 Nonius
1876 2396 1959 2435 (pag.
1973 2396 2045 2428 539·

157 2456 324 2483 GRAMMAT.
343 2464 408 2482 Lar.
431 2453 466 2481 ΙΙ.
1504 2455 1535 2488 0
1550 2466 1569 2487 0
1586 2465 1605 2486 0
1621 2465 1641 2485 0
