2263 2668
543 141 607 175 DE
634 139 1018 176 SlGNlFlCATIONE
1046 137 1330 175 VERBORUM.
1382 138 1527 172 LIBER
1552 138 1610 172 lV.
1974 136 2050 171 4⁰7

106 237 240 277 deaeque,
263 245 418 275 peragere:
448 232 628 272 decalicam
652 235 770 264 omnino
794 234 936 270 calicare,
959 232 1041 261 calce
1062 231 1187 260 illinire:
1211 230 1370 271 deparcus,
1391 231 1480 260 valde
1502 240 1610 271 parcus
1634 230 1713 269 apud
1734 229 1927 266 Suetonium3
1951 227 2049 271 ἄψορ-

105 279 177 317 dus,
201 279 289 308 valde
312 278 430 314 foedus,
455 278 514 307 Cic.
559 277 613 305 Da
624 288 648 307 c.

270 321 447 349 Dianius.
492 320 581 358 Lege:
612 320 775 356 Dianium,
805 324 837 347 ut
859 317 1034 347 Minervium
1059 321 1087 345 et
1112 316 1250 345 Vitruvio
1274 316 1493 354 Aesculapium.
1518 313 1618 344 Scal.
1663 314 1783 353 Optime
1804 313 1961 352 legendum
1985 324 2048 342 mo-

103 363 171 392 nuit
200 363 330 402 Scaliger
352 364 505 392 Dianium.
549 362 598 390 Sic
621 362 798 391 Zl‘Iinervium
826 366 855 390 et
884 359 1061 389 Vulcanium
1092 359 1204 388 dicitur
1233 359 1317 388 locus
1346 359 1498 387 Minervae
1526 358 1574 387 vel
1602 357 1738 386 Vulcano
1768 361 1968 385 consecratus.
2012 357 2049 385 Et

103 406 186 445 apud
208 406 325 435 Livium
348 411 448 444 aperte
473 405 607 434 Dianium
630 405 738 442 legitur
759 404 845 433 lib.I.
869 408 940 432 sect.
955 405 1023 433 48.:
1065 400 1161 439 Quum
1190 413 1220 430 se
1249 400 1366 430 domum
1397 402 1547 440 reciperet,
1582 401 1808 440 pervenissetque
1833 398 1876 429 ad
1906 409 2048 428 summum

106 447 242 489 Cyprium
264 449 359 477 vicum
383 447 433 476 ubi
457 448 601 476 Dianium
624 459 713 487 nuper
724 446 801 488 fuit.
823 446 878 475 Da
888 457 911 476 c.
956 445 1107 481 Dianium,
1131 445 1170 472 ita
1194 444 1274 483 apud
1296 444 1431 481 Livium,
1457 449 1490 473 ut
1514 443 1649 473 Vitruvio
1672 442 1897 480 Aesculapium,
1922 446 1949 470 et
1974 441 2049 470 Var—

104 492 172 522 roni
193 491 380 530 Megalesion.
428 488 532 520 Goth.

268 532 545 574 Diffarreatio.
590 531 751 560 Dissolutio
773 530 950 563 matrimonii
974 528 1209 559 confarreatione
1232 528 1377 558 contracti
1401 528 1581 557 diffarreatio
1604 527 1768 557 dicebatur.
1811 527 1914 559 Cicero
1937 527 1966 555 in
1991 527 2048 555 To-

103 575 179 615 picis
203 574 288 614 (c.3‚
315 577 393 613 14.):
432 573 527 603 Genus
549 581 589 603 est
613 585 708 609 uxor,
739 575 798 602 eius
821 573 895 602 duae
907 572 1045 615 formae,
1069 582 1127 600 una
1151 579 1276 600 malrum
1296 570 1449 612 familias,
1474 570 1526 599 hae
1547 578 1630 607 sunt,
1654 581 1728 610 quae
1749 571 1778 598 in
1801 580 1920 599 manum
1943 579 2049 598 conve-

104 629 185 655 nere3
213 615 306 646 altera
329 628 441 652 earum,
472 628 545 657 quae
568 615 770 645 tantummodo
794 627 902 645 uxores
923 615 1071 644 habentur.
1118 614 1209 642 Addit
1232 614 1405 642 Severinus:
1437 612 1542 641 Tribus
1565 612 1660 641 modis
1683 623 1761 641 uxor
1783 610 1958 646 habebatur,
1987 622 2049 647 usu,

101 659 300 701 farreatione,
323 660 517 698 coemptione,
540 657 590 687 sed
613 658 810 698 confarreatio
833 657 904 687 solis
924 656 1112 698 pontificibus
1135 655 1339 692 conveniebat,
1365 666 1439 697 quae
1461 663 1553 684 autem
1577 657 1607 684 in
1632 666 1749 683 manum
1769 666 1822 693 per
1844 654 2048 692 coemptionem

104 709 311 738 convenerant,
347 701 402 730 lzae
424 701 575 742 matt-esf
598 700 793 737 vocabantur,·
829 712 903 741 quae
924 711 989 729 vero
1016 712 1067 728 usu
1089 697 1135 727 vel
1152 698 1355 739 farreatione,
1391 698 1515 726 minime.
1560 699 1596 726 Et
1620 697 1759 736 Ulpianus
1781 697 1826 728 tit.
1845 698 1873 727 8.
1901 695 2048 723 Institut.t

103 743 196 772 Farre
218 745 385 773 convenitur
406 743 436 772 in
457 755 574 772 manum
599 744 684 772 cerlis
705 742 798 772 verbis
819 750 846 772 et
868 742 985 771 testibus
1009 741 1103 771 decem
1124 740 1322 781 praesentibus
1345 748 1370 769 et
1393 739 1515 769 solemni
1537 741 1683 780 sacrficio
1696 739 1807 781 facto,
1830 739 1860 767 in
1884 748 1942 778 quo
1963 737 2051 777 panis

103 797 218 827 quoque
235 786 354 828 fari-eus
376 785 537 817 adhibetur.
575 786 695 824 Dionys.
717 786 768 814 lib.
780 789 810 817 2.
835 797 851 814 a
875 785 1002 814 Romulo
1024 795 1091 823 rege
1114 784 1284 812 institutum
1307 793 1370 812 esse
1393 783 1512 819 scribit,
1536 787 1571 810 ut
1594 784 1769 811 farreatione
1792 781 1978 811 matrimonia
2000 779 2050 807 fie-

102 834 184 866 rent,
216 834 248 857 ut
272 839 303 857 ea
326 838 358 857 re
381 829 476 864 dicta,
508 829 589 867 quod
613 829 658 856 sar
679 838 740 867 quo
763 833 835 856 tunc
856 839 932 867 pane
956 828 1132 864 utebantur,
1172 826 1410 854 communionem
1437 826 1512 853 vitae
1535 825 1709 853 ostenderet.
1755 825 1795 852 De
1817 823 1921 853 eodem
1944 831 2051 860 genere

102 871 283 900 matrimonii
307 871 425 899 Tacitus
448 872 553 900 scribit
574 871 683 900 lib.IV.
706 870 744 910 (c.
762 873 824 908 16.)
850 871 1018 899 Annalium.
1043 870 1115 898 Plin.
1139 869 1191 898 lib.
1204 869 1317 903 XVIII,
1341 879 1366 898 c.
1382 870 1411 899 3.
1435 867 1523 897 Ant.
1546 868 1638 907 Aug.
1670 867 1758 902 Lege:
1782 866 1980 907 Differri-catio
2000 875 2050 903 ge-

102 925 157 943 nus
180 922 220 942 est
242 914 383 953 sacrficii
405 925 492 954 quom
515 914 589 942 inter
610 915 702 942 virum
727 918 782 942 etc.
805 913 852 942 vel
875 924 932 954 quo
955 914 1028 942 inter
1049 914 1140 941 vir-um
1165 917 1220 940 etc.
1264 911 1336 940 Inde
1360 911 1481 939 Glossae
1505 910 1625 938 Isidori:
1657 909 1874 950 Diffarreatio,
1896 905 2050 936 dissolutio

101 957 176 985 inter
197 957 289 985 virum
313 963 339 984 et
356 955 531 996 foeminam.
555 956 643 987 Doc.
666 956 874 996 Diffarreatio.
902 957 955 984 Cui
973 955 1121 984 contraria
1141 954 1289 983 san-catio.
1312 955 1395 983 Boet.
1418 954 1448 982 in
1471 954 1545 991 Top.
1565 953 1678 990 Ulpian.
1694 954 1739 981 tit.
1752 954 1782 983 9.
1807 951 2003 980 Halicarnass.
2018 952 2048 980 2.

101 999 196 1028 Tacit.
213 1002 261 1029 11.
287 998 391 1028 Annal.
406 999 495 1028 xvtt.
522 999 595 1027 Ptin.
610 1000 640 1030 8,
672 999 788 1027 Glossis
811 999 1038 1035 cousin—reatus,
1061 995 1254 1038 συμβιώσεως
1276 994 1364 1037 χάριν
1387 993 1520 1034 ξευκτής-
1546 993 1653 1024 Goth„
1685 995 1803 1024 Confer.
1824 993 1909 1022 Jahn.
1934 991 2049 1021 Annall.

101 1040 223 1072 Philon.
246 1045 275 1069 et
296 1041 422 1078 Paedag.
449 1041 610 1077 volutus,
633 1042 752 1077 susc.2,
777 1052 805 1080 p.
822 1043 891 1073 148.
908 1052 969 1080 seq.

266 1083 385 1113 Dium.
429 1083 467 1112 Et
490 1085 568 1113 Dius
599 1083 715 1112 heroum
742 1082 853 1124 aliquis
880 1089 935 1114 etc.
979 1084 1121 1122 Agnoscis
1149 1082 1236 1111 facile
1266 1081 1456 1110 subaeratum
1480 1081 1565 1109 Pauli
1594 1079 1755 1115 numisma,
1794 1078 1844 1116 qui
1873 1078 1935 1107 sine
1959 1076 2050 1107 dubio

102 1126 190 1165 plane
217 1126 328 1163 legerat
351 1126 430 1164 apud
452 1127 570 1154 Festum
593 1127 673 1154 Dius
695 1125 808 1155 Fidius.
852 1126 879 1154 Is
903 1127 981 1155 enim
1004 1132 1047 1155 est
1069 1137 1084 1154 a
1108 1126 1178 1154 Iove
1201 1135 1292 1163 genus
1315 1124 1437 1153 ducens.
1483 1122 1673 1152 Granunatici
1698 1122 1818 1150 Graeci:
1855 1121 1933 1148 Dius
1949 1118 2049 1158 filiu-³,

101 1167 179 1203 Διὸς
200 1169 281 1203 vids,
304 1165 461 1207 Ἡρακλῆς.
485 1167 586 1198 Scal.
624 1168 780 1196 Herculem
804 1169 950 1207 intelligit.
988 1170 1045 1197 Sed
1069 1169 1231 1207 scripserat
1252 1168 1370 1204 Festus,
1400 1171 1434 1195 ut
1458 1166 1569 1205 optime
1593 1165 1739 1202 Scaliger,
1764 1164 1843 1192 Dius
1854 1162 1953 1202 fidius
1976 1159 2050 1189 Her.

101 1210 140 1239 ab
154 1209 222 1240 Iove
241 1221 331 1249 genus
355 1210 470 1241 ducens.
500 1211 556 1239 Pro
581 1221 639 1249 quo
663 1211 852 1239 subaeratum
876 1212 1019 1240 numisma
1036 1211 1118 1240 Pauli
1136 1210 1226 1240 dedit.
1250 1209 1338 1239 Dac.
1371 1209 1558 1237 Adiectivum
1582 1206 1648 1236 dius
1672 1218 1725 1246 pro
1748 1217 1781 1235 eo
1806 1205 1884 1244 quod
1909 1209 1952 1233 est
1970 1202 2050 1232 diur-

99 1265 156 1282 nus
177 1263 214 1282 ex
237 1253 388 1281 Samson-ito
411 1264 545 1281 sermone
568 1253 762 1292 repetendum
787 1259 845 1291 est,
882 1254 935 1282 ubi
964 1253 1048 1282 divas
1077 1254 1152 1282 diem
1182 1252 1335 1291 significat.
1380 1252 1465 1280 Unde
1497 1251 1575 1280 dium
1600 1255 1628 1279 et
1652 1249 1749 1278 divum
1774 1248 1903 1283 coelum,
1941 1245 2050 1275 rectius

101 1300 198 1324 tamen
220 1294 273 1324 sub
296 1293 364 1324 clivo
387 1296 477 1324 scribi
501 1295 630 1326 videtur.
676 1297 844 1325 Diuturnus
865 1302 894 1326 et
917 1295 1047 1326 diutinus
1070 1295 1151 1335 quod
1175 1295 1267 1332 diem,
1292 1294 1322 1325 h.
1344 1305 1369 1324 e.
1394 1299 1508 1334 tempus
1532 1294 1628 1322 durat.
1669 1293 1781 1320 'furnus
1805 1291 1880 1319 enim
1904 1294 1933 1318 et
1955 1295 2051 1316 ternus

101 1337 207 1366 suffixa
230 1338 414 1367 descendunt
438 1349 453 1366 a
477 1338 626 1367 Sanscrita
649 1338 750 1367 radice
773 1338 825 1376 iri,
851 1345 898 1368 tra.
922 1340 972 1380 (cs.
999 1339 1171 1368 Latinorum
1194 1336 1308 1375 trans),
1340 1347 1414 1376 quae
1436 1346 1608 1377 permeare,
1639 1335 1762 1364 transire
1785 1333 1959 1372 significant.
2006 1328 2049 1359 Cf.

100 1379 198 1409 Lisch.
221 1380 251 1408 in
275 1389 398 1409 censura
424 1380 593 1410 Doederlini
615 1381 645 1409 in
668 1381 785 1412 Annall.
807 1381 883 1420 phil.
907 1382 1005 1411 Jahnii
1020 1382 1079 1418 XI,
1105 1385 1137 1419 1,
1161 1391 1227 1420 pag.
1240 1383 1291 1413 22.
1336 1381 1417 1409 Dius
1439 1379 1532 1418 fidius
1555 1378 1629 1407 nihil
1654 1387 1716 1406 esse
1738 1376 1871 1412 videtur,
1904 1373 1958 1403 nisi
1983 1371 2052 1402 deus

93 1421 185 1464 fidus.
227 1422 327 1459 Quare
350 1424 389 1452 ita
413 1424 578 1464 appellatus
601 1424 639 1452 sit
661 1423 820 1460 Hercules,
847 1435 906 1453 non
930 1425 1039 1465 liquet,
1064 1424 1121 1453 nisi
1146 1424 1222 1453 sorte
1243 1428 1368 1462 propter
1390 1433 1475 1462 opem
1498 1422 1625 1452 fideliter
1646 1420 1735 1449 latam
1757 1417 1927 1448 hominibus
1949 1416 1991 1444 ita
2014 1414 2052 1443 sit

100 1465 214 1504 dictus,
238 1475 329 1505 quare
341 1465 438 1505 fidem
461 1465 619 1507 implorare
640 1467 766 1496 alicuius
790 1472 834 1495 est
857 1478 944 1506 opem
968 1472 997 1496 et
1018 1467 1163 1496 auxilium
1186 1467 1246 1495 eius
1270 1472 1418 1506 expetere.

263 1507 504 1548 Defrensam.
550 1509 748 1538 Glossarium:
780 1509 947 1551 Defrensa,
973 1507 1090 1550 ἄρουρα
1111 1512 1297 1549 θερισθεῖσα.
1342 1507 1487 1548 Defrens,
1513 1505 1646 1547 ἄρουρα,
1668 1503 1821 1545 θερισμός.
1848 1500 1946 1532 Scal.
1993 1499 2052 1528 De-

99 1549 179 1579 srens
207 1550 256 1579 vel
279 1550 422 1579 Desrensa
453 1551 575 1590 proprie
603 1556 648 1580 est
676 1561 758 1590 seges
785 1551 927 1580 demessa.
970 1552 1043 1580 Inde
1064 1562 1119 1591 per
1141 1550 1345 1590 metaphoram
1369 1550 1505 1592 defrensa
1526 1551 1612 1579 vestis
1633 1549 1692 1578 dici
1714 1548 1812 1589 potuit
1833 1546 1922 1576 vestis
1944 1542 2051 1572 detrita

100 1597 129 1621 et
150 1592 282 1622 detonsa.
326 1593 413 1622 Dae.

264 1633 420 1663 Deinde.
464 1635 509 1664 Ex
532 1635 753 1673 praepositione
777 1633 813 1663 de
835 1640 864 1665 et
886 1634 970 1673 inde,
1006 1646 1081 1674 quae
1102 1636 1163 1665 loci
1186 1635 1432 1674 significationem
1457 1634 1592 1662 continet
1614 1644 1630 1662 a
1652 1633 1767 1662 Graeco
1791 1632 1894 1668 ἔνθεν,
1928 1633 1957 1658 et
1977 1627 2050 1656 haec

100 1674 157 1704 suit
173 1675 251 1704 Festi
273 1676 425 1705 sententia.
469 1677 519 1705 Sic
543 1675 667 1714 exinde,
695 1675 831 1716 perinde,
861 1676 1001 1718 proinde,
1035 1677 1174 1714 subinde,
1207 1688 1284 1717 quae
1307 1679 1396 1707 etiam
1420 1682 1535 1716 tempus
1559 1675 1735 1714 significant.
1779 1675 1851 1704 Nam
1873 1683 1928 1713 pro
1947 1676 2050 1710 postea

101 1717 148 1746 vel
170 1716 304 1757 deinceps
326 1723 438 1747 veteres
460 1723 655 1758 usurparunt.
698 1719 786 1748 Dac.

264 1761 493 1801 Deincipem.
538 1762 682 1800 Apuleius
704 1761 781 1790 dixit
804 1760 964 1801 deincipem
986 1774 1152 1792 sermonem.
1177 1761 1277 1792 Scal.
1322 1762 1398 1791 vide
1422 1772 1511 1802 supra
1534 1772 1556 1790 s.
1578 1771 1608 1790 v.
1632 1761 1789 1800 Deinceps.

263 1802 463 1832 Diomedis
486 1804 615 1844 campi.
661 1804 707 1833 Ad
732 1805 869 1833 Aufidum
892 1805 1020 1842 flumen,
1045 1806 1095 1833 ubi
1120 1806 1251 1843 Cannae,
1273 1805 1358 1833 vicus
1383 1806 1583 1833 Romanorum
1607 1804 1693 1833 clade
1716 1801 1833 1831 nobilis.
1875 1798 1963 1828 Dac-

264 1845 472 1875 Diomeclea
494 1845 634 1876 insula.
678 1847 763 1875 circa
785 1848 942 1876 'Iimavum
966 1848 1088 1876 sontem.
1134 1848 1228 1876 Hodie
1250 1847 1393 1889 Beiforie.
1439 1847 1526 1876 Dae.

263 1888 496 1926 Depontani.
541 1889 600 1924 Qui
623 1891 773 1927 sexaginta
796 1901 890 1918 annos
912 1891 971 1918 nati
995 1890 1032 1919 de
1055 1895 1146 1929 ponte
1169 1891 1199 1918 in
1223 1890 1350 1918 Tiberim
1372 1888 1655 1929 praecipitabantur.
1695 1887 1756 1915 Cic.
1779 1896 1833 1925 pro
1856 1885 1938 1913 Sext.
1960 1880 2046 1909 ROSC-

100 1929 246 1966 (c.35.):
285 1928 391 1959 Habeo
421 1932 507 1960 etiam
537 1930 632 1960 dicere
660 1944 742 1972 quem
772 1940 877 1962 contra
904 1944 1010 1962 morem
1034 1934 1173 1962 maiorem
1197 1935 1336 1962 minorem
1359 1933 1445 1961 annis
1467 1931 1540 1960 LX.
1563 1930 1599 1959 cle
1618 1937 1708 1969 ponte
1729 1930 1759 1958 in
1787 1926 1911 1956 Tiberim
1935 1921 2047 1951 &iecit-

99 1971 195 2000 Varro
217 1973 413 2009 oexngesimo:
449 1973 518 2002 Vix
538 1973 652 2014 ecfatus
674 1981 735 2003 erui
757 1986 822 2004 cum
846 1986 925 2004 more
947 1977 1090 2003 maiorum
1114 1974 1191 2004 ultro
1213 1974 1356 2004 Casuum
1378 1975 1540 2014 arripiunt,
1572 1972 1608 2001 de
1627 1978 1715 2012 ponte
1737 1972 1766 2000 in
1790 1968 1921 1999 Tiberim
1943 1963 2046 1993 delur*

99 2012 189 2049 bant,
212 2012 327 2042 senibus
349 2016 456 2044 crassis
477 2015 531 2045 heu
552 2015 626 2045 muli
646 2027 705 2045 non
725 2016 856 2046 videmus
877 2017 950 2057 quid
968 2017 1096 2057 faciant.
1128 2017 1207 2046 Nam
1231 2018 1296 2058 quis
1315 2024 1427 2056 patrem
1452 2027 1528 2045 nunc
1551 2014 1648 2044 decem
1672 2025 1764 2043 annos
1782 2019 1866 2041 natue
1883 2020 1942 2038 non
1956 2003 2045 2035 modo

99 2055 214 2096 aufert,
236 2067 285 2084 seu
308 2054 386 2084 tollit
409 2059 465 2085 nisi
485 2057 616 2088 veneno?
641 2059 714 2088 Vide
735 2071 836 2099 aegeos
859 2066 887 2087 et
910 2060 1121 2098 sexagenarios
1154 2059 1245 2089 Dac.
1283 2060 1326 2090 Cf.
1349 2059 1478 2088 Nonium
1501 2069 1531 2098 p.
1546 2061 1598 2091 86.
1621 2067 1650 2087 v.
1674 2054 1816 2086 Gamales
1834 2053 1936 2089 ibique
1958 2052 2045 2076 1206.ae

99 2097 238 2128 Gothosr.
261 2103 289 2126 et
313 2099 451 2136 Scaligcri
474 2099 512 2128 ud
534 2100 658 2130 Varron.
683 2102 766 2131 Coni.
787 2112 854 2140 pag.
869 2104 1011 2139 117.seq.

262 2140 498 2170 Desiderare.
543 2142 665 2181 Proprie
694 2153 763 2172 cum
793 2144 899 2173 sideris
927 2149 1044 2183 tempus
1072 2143 1175 2181 desiit,
1212 2144 1290 2174 unde
1311 2149 1343 2173 et
1359 2144 1523 2173 desiderari
1546 2143 1688 2174 dicuntur
1707 2146 1784 2176 ,qnae
1805 2135 1923 2168 desunt.
1968 2132 2043 2163 Vide

98 2181 284 2212 considerare
304 2189 333 2211 et
353 2182 560 2222 praesiderare.
605 2184 692 2214 Dae.

262 2225 554 2268 Defomicatum.
590 2226 817 2267 szomitatum.
850 2228 937 2263 Quod
962 2229 998 2258 de
1020 2228 1124 2258 fomite
1148 2229 1315 2266 excutitur,
1338 2234 1379 2258 est
1401 2233 1499 2258 autem
1521 2228 1614 2259 sumes
1637 2223 1774 2252 materies
1797 2221 1880 2251 arida
1903 2218 1940 2248 ad
1962 2217 2042 2262 ignej

96 2268 240 2297 scendum
263 2274 341 2307 apta.
389 2269 468 2306 vin-g.
492 2270 574 2305 (Aen.
588 2269 616 2304 l,
642 2272 739 2307 150.):
775 2287 806 2291 —
840 2269 1012 2310 Rapuitque
1034 2272 1063 2299 in
1075 2271 1190 2313 fomite
1202 2273 1374 2315 flammam.
1419 2270 1521 2301 Fames
1543 2278 1559 2297 a
1573 2264 1683 2307 foveo,
1717 2264 1800 2305 quod
1822 2262 1925 2298 fomite
1947 2260 2040 2289 foveri

96 2311 236 2342 solerent.
258 2310 349 2340 Dac.
378 2310 599 2350 Defomilatum.
631 2313 853 2342 Desumicatum.
900 2312 1005 2342 Goth.

259 2353 533 2392 Depeculatus.
577 2355 762 2391 Legendum:
785 2354 985 2395 Depeculatus
1007 2366 1025 2383 a
1046 2355 1185 2395 peculatu
1208 2355 1324 2385 dicitur.
1356 2353 1447 2391 Quod
1469 2352 1662 2391 sequentibus
1686 2350 1886 2380 confirmatur.
1919 2345 2036 2391 Vefffl'eS

100 2394 279 2425 Graecorum
302 2397 450 2434 magistri:
473 2395 681 2436 Depeculatio,
707 2396 875 2437 νοσφισμὸς
898 2399 1051 2438 δημοσίων
1073 2397 1242 2438 χρημάτων.
1266 2396 1365 2428 Scal.
1412 2394 1551 2426 Peculan·
1572 2400 1601 2425 et
1623 2392 1791 2434 depeculari
1811 2395 1855 2420 est
1876 2389 1985 2421 furam,
2007 2389 2036 2414 et
