2263 2668
240 179 313 214 aaz
664 166 1012 201 COMMENTARH
1035 167 1084 200 tN
1109 165 1252 199 mma
1278 164 1476 200 macom
1500 167 1755 202 EXGERPTA

405 260 630 296 Secordiom.
674 256 832 295 Semnum,
863 268 918 296 pro
942 268 1003 297 quo
1027 263 1128 297 postea
1149 258 1303 295 socordia,
1336 264 1368 288 ut
1390 258 1501 287 sebrius
1522 265 1591 298 post
1613 260 1736 290 sobrius.
1784 261 1896 290 Gloss.:
1934 260 2059 299 Socors,
2089 262 2182 304 οἶκᾶρ-

240 316 304 349 6103
343 309 464 348 ἄφρων,
487 303 545 331 hoc
569 306 613 330 cst
633 301 694 330 sine
716 299 819 337 corde,
841 299 956 331 stultus.
991 299 1166 330 Socordiam
1190 312 1206 330 a
1228 303 1350 339 segnitia
1374 312 1406 329 eo
1430 302 1586 340 distinguit
1604 304 1708 333 Donat.
1727 303 1777 340 (ad
1795 304 1910 334 Terent.
1928 304 2019 334 Andr.
2033 305 2057 341 I,
2079 308 2107 342 3,
2131 309 2184 344 1,),

241 335 320 395 quod
343 352 470 380 animum
494 344 645 381 secordia,
674 343 799 381 segnitia
820 352 892 372 vero
916 353 1026 381 corpus
1049 348 1172 382 spectet.
1217 343 1365 384 Segnitia‚
1389 345 1500 382 inquit,
1522 344 1563 373 ad
1584 345 1746 384 agendum,
1770 345 1908 375 socordia
1930 345 1971 374 ad
1993 346 2184 377 consideran-

241 398 318 426 dum,
347 388 549 429 Supplendum
573 388 602 415 in
625 386 725 415 verbis
747 386 884 414 Catonis:
910 385 997 424 Quod
1020 384 1201 415 ostenderitis
1222 388 1392 416 immensam
1416 392 1472 416 etc.
1494 388 1542 416 vel
1564 388 1636 426 quid
1659 388 1764 417 simile.
1787 388 1875 417 Dac.
1914 389 1973 417 Alii
1995 388 2182 427 Socordiam,

241 445 273 468 ut
296 442 324 466 et
346 434 476 462 Glossae.
503 428 607 460 Goth.
645 428 697 457 Ea:
718 439 761 465 se,
785 427 865 468 quod
886 436 926 457 est
949 429 1019 458 sine.
1058 428 1134 458 Vide
1157 439 1246 468 supra
1269 428 1319 458 sed
1338 440 1394 468 pro
1415 429 1492 466 sine,
1522 431 1601 459 unde
1624 431 1745 469 quidam
1769 430 1817 459 hic
1839 431 1940 468 legunt
1961 430 2021 461 sed.
2052 430 2161 462 Idem.

403 474 538 510 Semis,
568 469 768 501 semodius.
814 470 924 507 Semis,
957 468 1117 507 semodius,
1148 473 1296 501 semuncia
1319 482 1333 500 a
1357 472 1469 500 Graeco
1491 469 1545 511 ‘fit-⁶²
1568 473 1719 502 ducuntur
1744 478 1774 502 et
1794 483 1850 512 pro
1873 473 2054 512 aspiratione
2073 473 2184 504 habent

239 534 266 558 ε,
291 529 348 558 qua
370 517 487 547 ratione
510 520 538 543 et
561 514 652 543 multa
677 513 742 541 alia.
767 512 854 543 Dae.
889 513 961 542 Vide
986 513 1062 541 infra
1087 512 1205 552 Serpsit.
1255 513 1357 543 Goth.

403 556 625 588 Sublicium.
656 555 720 595 (Ad
746 554 875 593 p 239.)
909 556 1006 584 Livius
1031 555 1085 584 sub
1110 557 1190 585 Anco
1214 567 1282 594 rege
1305 556 1468 585 Ianiculum
1492 557 1639 586 adiectum
1663 568 1725 586 esse
1749 557 1852 586 scribit
1875 562 1903 585 et
1926 557 1962 585 ob
1986 557 2183 587 commodita-

238 611 297 635 tem
318 602 431 632 itineris
455 604 544 639 ponte
566 599 690 628 sublicio
713 603 776 626 tuin
798 598 927 636 primum
949 598 980 626 in
1003 598 1102 628 Tiberi
1123 599 1202 627 sacto
1228 600 1365 636 coniungi
1395 599 1463 627 urbi
1492 600 1648 638 placuisse.
1693 600 1830 628 Eiusdem
1862 600 1962 638 pontis
1990 599 2122 630 defensio
2145 600 2184 629 ab

237 646 361 677 Horatio
385 644 499 673 Coclite
521 647 660 670 narratur
681 641 717 669 ab
741 640 845 669 eodem
869 641 950 668 [Διίὀ
976 640 1071 670 lib.Il.
1095 642 1216 678 (c.10.).
1262 640 1332 669 Sine
1352 640 1453 681 ferreo
1489 641 1574 671 clauo
1596 641 1697 683 fuisse
1725 644 1767 671 ita
1791 641 1934 680 disposita
1956 643 2184 682 contignatione,

239 697 270 719 ut
291 689 485 718 eximerentur
507 684 602 713 trabes
624 684 683 712 sive
703 682 848 720 sublicae,
880 694 916 712 ac
938 684 999 711 sine
1011 681 1143 724 fulturis
1165 691 1381 723 reponerentur,
1412 684 1523 712 Plinius
1546 690 1651 714 auctor
1674 690 1718 713 est
1740 685 1790 713 lib.
1803 684 1941 714 XXXVI.
1965 694 2030 723 cap.
2043 686 2092 716 15.
2137 685 2183 714 Ab

238 732 297 762 hoe
321 734 409 769 ponte
432 727 547 766 saepius
570 737 586 754 a
609 725 798 764 pontificibus
820 725 948 761 resecto,
978 730 1011 753 ut
1034 726 1075 754 cis
1098 730 1126 754 et
1149 726 1194 755 uls
1219 726 1347 754 Tiberim
1371 737 1453 755 sacra
1476 726 1596 765 fierent,
1625 727 1781 766 pontifices
1803 727 1901 756 dictos
1924 737 1987 756 esse
2012 727 2105 756 Varro
2128 737 2184 756 ex-

239 775 348 804 istimat
370 771 420 799 lib.
434 769 481 798 lV.
505 769 541 797 de
565 769 594 797 L.
613 769 644 797 L.
667 767 714 808 (V.
737 777 803 807 pag·
817 770 866 799 87.
882 778 942 806 seq.
965 768 1038 807 Sp.).
1084 768 1161 797 [dem
1185 768 1234 797 lib(
1252 769 1299 796 VJ.
1322 767 1400 808 (VII.
1424 772 1572 808 pag.329.
1587 780 1645 808 seq.
1670 768 1737 809 Sp.)
1759 774 1800 798 ait
1822 770 1857 798 ab
1880 769 1939 798 hoe
1960 774 2050 808 ponte
2075 770 2184 807 Argeo-

238 826 303 845 rum
327 813 484 842 simulacra
510 811 668 850 quotannis
691 821 707 839 a
730 810 937 838 sacerdotibus
960 810 1016 838 iaci
1040 811 1143 839 soleret
1189 812 1265 839 Pons
1294 812 1393 840 dictus
1419 817 1462 840 est
1484 823 1501 840 a
1522 811 1642 841 sublicis
1666 811 1816 842 sublicius.
1861 810 2049 841 Sublicarum
2075 814 2184 841 mentio

238 859 272 887 fit
294 869 308 886 a
333 857 455 884 Caesare
479 854 527 883 lib.
540 854 588 883 IV.
611 854 647 882 de
668 853 744 881 bello
769 853 846 882 Gall.
871 853 908 889 (e.
925 855 983 890 17.)
1009 853 1089 881 Livio
1114 854 1162 883 lib.
1178 853 1291 890 xxm,
1315 854 1387 890 (37.)
1420 855 1556 883 Vitruvio
1579 855 1630 885 lib,
1645 854 1693 882 ΙΙΙ.
1719 856 1827 893 cap.3.
1863 854 1969 883 Festus
1992 859 2091 883 tamen
2114 853 2185 883 sub-

237 900 306 930 lices
330 898 491 937 appellasse
514 897 650 932 videtur,
684 901 715 925 ut
737 895 820 924 elices
844 905 961 933 quoque
985 896 1140 932 dicuntur,
1173 902 1201 924 et
1223 906 1316 933 aquae
1339 894 1440 925 licium
1463 902 1592 926 vocatur
1615 896 1650 925 ab
1675 894 1817 925 elicienda
1840 907 1935 936 aqua,
1965 897 2028 932 vel,
2064 901 2099 926 ut
2121 896 2186 925 aliis

238 943 371 977 xidetur,
402 951 419 968 a
442 938 564 979 liquenti
586 949 675 978 aqua.
721 939 819 966 Utitur
843 938 979 975 exemplo
1003 938 1135 967 Sallustii
1157 938 1187 966 in
1212 938 1359 974 historiis,
1391 941 1442 976 qui
1464 938 1625 968 sublicibus
1648 946 1754 968 cavata
1777 938 1863 967 dixit.
1886 938 1971 968 Ani.
1991 938 2086 978 Aug.
2130 939 2184 968 Fe-

238 991 302 1014 stus
325 984 398 1012 dicit
419 980 560 1018 sublices,
592 991 652 1009 non
674 979 819 1016 sublicas,
857 980 939 1018 quod
962 985 990 1008 et
1013 981 1043 1008 iu
1066 981 1246 1009 Sallustiano
1269 981 1406 1019 exemplo
1430 989 1502 1010 erat.
1546 982 1595 1010 Sic
1617 982 1705 1010 etiam
1728 986 1842 1010 veteres
1867 981 2005 1010 Glossae:
2041 979 2185 1018 Sublices,

237 1029 421 1065 καταπῆγες,
447 1025 477 1055 οἱ
499 1024 529 1054 ἒν
553 1025 680 1064 ποταμῷ
701 1023 835 1063 γέφυραν
858 1020 1123 1061 ὗποβαστᾶζοντες.
1168 1023 1323 1052 Referebat
1346 1029 1498 1062 praetcrea
1519 1024 1622 1052 Festus
1645 1024 1814 1062 opinionem
1839 1033 1957 1060 coium,
1982 1023 2034 1062 qui
2055 1023 2185 1052 vocabu·

237 1072 299 1100 lum
323 1070 463 1097 Volscum
486 1076 547 1095 esse
570 1066 703 1100 aiebant,
735 1066 816 1103 quod
840 1075 898 1093 non
922 1065 1007 1094 aliter
1029 1066 1179 1094 Formiani
1202 1067 1294 1103 tigna,
1330 1066 1437 1104 quibus
1460 1076 1562 1095 eorum
1586 1077 1660 1105 pons
1684 1071 1835 1094 surrectus
1859 1071 1937 1103 erat,
1973 1066 2184 1105 appellaban13

237 1115 306 1142 item
331 1120 453 1144 eorum,
491 1109 543 1147 qui
566 1108 716 1144 dicebant,
753 1108 887 1136 Sublices
911 1107 946 1136 ab
971 1119 1004 1136 eo
1028 1108 1136 1144 dictas,
1175 1109 1243 1146 qnia
1274 1108 1329 1136 sub
1359 1108 1400 1137 eis
1429 1119 1503 1147 aqua
1529 1109 1645 1147 liquens
1669 1108 1826 1137 laberetur.
1872 1108 1931 1137 Sed
1953 1119 2007 1137 nos
2030 1117 2185 1137 censemus

237 1154 381 1185 sublicam
405 1152 532 1186 dictam,
562 1157 595 1179 ut
617 1149 783 1190 obliquam:
815 1154 842 1178 et
865 1151 993 1187 intellige
1016 1151 1138 1180 trabem.
1182 1149 1319 1179 Sublicus
1342 1161 1412 1188 ergo
1435 1156 1463 1180 et
1485 1150 1615 1188 oblicus,
1645 1151 1692 1180 vel
1714 1149 1866 1190 subliquus
1890 1156 1918 1180 et
1940 1149 2076 1190 obliquus
2100 1160 2185 1179 com·-

239 1198 335 1237 posita
357 1199 441 1229 sunt,
467 1204 594 1232 quorum
617 1193 742 1231 simplex
765 1192 861 1232 liquus
883 1193 934 1221 vel·
954 1191 1050 1231 liquis.
1090 1194 1179 1221 Vetus
1203 1199 1309 1221 auctor
1334 1194 1456 1232 loquens
1480 1194 1515 1222 de
1538 1194 1639 1232 liguris
1663 1198 1691 1222 et
1714 1193 1913 1221 lineamentis:
1945 1191 2066 1221 Omnem
2088 1199 2184 1221 autem

239 1239 432 1270 summitatem
455 1234 596 1265 metiundi
618 1234 830 1264 observationes
853 1242 919 1263 sunt
942 1233 1033 1263 duae:
1062 1236 1186 1264 enormis
1207 1243 1232 1264 et
1256 1235 1353 1275 liquis.
1397 1235 1550 1272 Enormis,
1574 1248 1647 1276 quae
1668 1237 1698 1265 in
1722 1246 1833 1263 omnem
1857 1243 1955 1265 actum
1979 1236 2064 1263 rectis
2085 1246 2184 1274 angu-

237 1281 275 1311 lis
297 1281 467 1310 continetur.
512 1278 633 1318 Liquis,
662 1288 737 1316 quae
758 1276 907 1306 minuendi
929 1274 1040 1305 laboris
1063 1288 1152 1306 causa
1174 1285 1200 1306 et
1222 1277 1306 1306 salva
1330 1285 1472 1307 rectorum
1496 1280 1608 1307 ratione
1629 1276 1803 1317 angulorum
1827 1276 1983 1307 secundum
2007 1277 2101 1316 ipsam
2124 1287 2185 1306 ex-

238 1325 406 1353 tremitatem
431 1319 619 1350 subtenditur.
646 1318 743 1349 Scal.
787 1319 867 1348 [nfra
890 1319 920 1347 iu
944 1319 1041 1347 verbis
1064 1320 1165 1348 Naevii
1189 1320 1359 1348 Saturnium
1384 1331 1501 1349 versum
1524 1331 1669 1359 agnosco:

816 1360 910 1400 Quam
934 1360 1078 1402 liquidum
1107 1369 1206 1390 tranat
1228 1361 1352 1391 sublicio
1373 1370 1462 1401 ponte
1483 1374 1604 1393 amnem.

238 1407 273 1436 Et
297 1406 383 1436 alibi:

815 1444 840 1473 Ε
861 1444 969 1474 tabulis
992 1444 1090 1475 adhuc
1112 1446 1163 1486 qui
1185 1458 1288 1476 nomen
1310 1445 1419 1476 obtinet
1438 1458 1514 1487 pons

817 1487 976 1520 Sublicius,

239 1532 275 1561 Et
299 1531 458 1561 Sallustius
482 1537 537 1559 ete.
566 1530 645 1558 Nihil
669 1535 765 1558 tamen
789 1529 913 1560 affirmo,
948 1530 1047 1568 Neque
1071 1530 1148 1558 enim
1172 1530 1244 1558 mihi
1267 1535 1295 1559 et
1317 1531 1431 1559 homini
1454 1537 1482 1560 et
1505 1531 1603 1560 adhuc
1625 1532 1724 1560 iuveni
1749 1536 1827 1559 tanta
1851 1529 1970 1558 fiducia.
2005 1530 2060 1558 [sta
2085 1530 2184 1568 potins

238 1575 420 1604 doctioribus
443 1574 596 1611 relinquo,
627 1573 677 1610 qui
701 1573 808 1600 certius
831 1572 867 1600 de
889 1572 923 1600 iis
947 1573 1197 1611 pronunciabunt.
1243 1573 1282 1600 Ea
1306 1572 1378 1601 mihi
1401 1578 1481 1602 certe
1504 1584 1572 1612 spes
1596 1579 1653 1610 est,
1683 1575 1762 1610 fore,
1794 1578 1825 1601 ut
1849 1572 1935 1610 acqui
1957 1572 2061 1600 harum
2084 1581 2184 1601 rerum

238 1618 439 1646 aestimatores
464 1615 618 1644 conatibus
642 1616 750 1643 nostris
774 1615 906 1650 faveant,
936 1615 1109 1653 praesertim
1133 1616 1157 1643 si
1180 1615 1305 1643 subinde
1329 1626 1391 1644 sese
1414 1616 1548 1644 homines
1572 1616 1785 1652 recordentur,
1815 1614 1997 1651 humanique
2021 1613 2093 1642 nihil
2117 1624 2132 1642 a
2155 1623 2185 1642 se

240 1661 367 1688 alienum
389 1658 566 1686 existiment.
607 1658 665 1685 Sed
688 1656 852 1685 redeamus.
896 1657 989 1685 Verba
1014 1657 1144 1685 Sallustii
1168 1668 1242 1696 quae
1265 1658 1370 1686 Festus
1394 1658 1550 1695 laudabat,
1588 1658 1704 1697 aliquid
1727 1656 1978 1686 comminiscendo
2002 1657 2076 1684 velle
2099 1656 2186 1685 edere

239 1704 324 1730 nimis
349 1701 547 1739 periculosum
572 1705 623 1728 est.
670 1699 768 1734 Quare
796 1699 869 1727 nihil
895 1700 1030 1735 tentabo,
1069 1699 1125 1727 hoc
1149 1710 1239 1728 unum
1264 1700 1361 1728 dicam
1385 1699 1415 1731 τὸ
1440 1701 1492 1738 (ν.)
1515 1699 1693 1730 inrumiendi
1715 1705 1891 1739 corruptum
1915 1709 1993 1734 esse,
2031 1699 2108 1727 sorte
2131 1708 2185 1737 pro

239 1742 410 1773 inveniendi.
440 1743 527 1771 Dae.
574 1741 709 1770 Sublices
734 1742 770 1769 ad
793 1742 959 1770 Sublicium
984 1746 1104 1780 pontem
1129 1748 1249 1779 agentes
1272 1748 1354 1771 erant
1377 1749 1405 1772 et
1429 1745 1478 1781 qui
1502 1753 1620 1772 manum
1645 1743 1682 1771 ad
1704 1744 1809 1781 stipem
1832 1741 2032 1781 porrigebant.
2077 1743 2185 1769 Seneca

241 1788 276 1814 de
300 1787 359 1814 vita
383 1786 465 1813 beata
490 1786 616 1822 cap.25.
644 1782 748 1814 Goth.
796 1784 907 1813 Neuter
929 1794 1032 1812 versus
1057 1785 1160 1813 Naevii
1182 1785 1222 1813 ita
1246 1790 1278 1813 ut
1301 1797 1315 1813 a
1342 1786 1464 1814 Dacerio
1487 1791 1531 1815 est
1553 1787 1750 1821 constitutus,
1786 1785 1957 1813 Saturnium
1980 1783 2102 1812 exhibet
2124 1794 2186 1812 me-

241 1833 328 1856 trum.
372 1827 550 1856 Credibilius
579 1831 622 1854 est
649 1836 753 1854 versus
780 1826 820 1854 ita
852 1827 1036 1865 supplendos
1063 1837 1141 1864 esse,
1178 1828 1279 1865 quales
1302 1828 1339 1856 ab
1362 1829 1469 1857 Ursino
1491 1839 1529 1857 ex
1552 1834 1635 1867 parte
1657 1828 1714 1856 iam
1737 1827 1881 1857 restituti:
1921 1825 2018 1864 Quum
2039 1824 2186 1866 liquidum

245 1868 375 1899 sublici&
398 1877 496 1898 tranat
517 1876 605 1909 ponte
627 1867 749 1897 Amnem.
793 1869 845 1897 Et:
871 1869 924 1898 Ab
946 1868 1056 1897 ta‘bulis
1078 1870 1129 1908 qui
1150 1868 1248 1899 adhuc
1270 1868 1372 1899 odmen
1396 1869 1496 1899 re'linet
1518 1870 1670 1900 Sublicius
1689 1881 1773 1910 pons.

405 1912 743 1951 Supervacaneum.
788 1912 880 1949 Lego:
907 1910 945 1939 Id
968 1911 1186 1949 tantummodo,
1210 1911 1290 1952 quod
1310 1913 1442 1953 sufficiat
1464 1914 1593 1953 satisque
1613 1914 1651 1941 sit
1663 1911 1810 1953 familiae
1831 1917 1888 1941 eto.
1933 1911 1990 1940 Hic
2012 1914 2113 1939 autem
2133 1920 2186 1938 su-

244 1962 447 1990 pervacaneum
474 1954 595 1992 ponitur
625 1963 679 1992 pro
709 1965 896 1992 supervacuo.
941 1954 979 1982 Et
1007 1953 1084 1983 iuter
1106 1959 1265 1993 utrumque
1288 1955 1318 1983 id
1342 1955 1527 1984 differentiae
1548 1960 1682 1984 statuunt
1706 1954 1913 1989 Grammatici,
1951 1958 1984 1982 ut
2005 1962 2187 1992 superuaca-

247 2003 328 2020 neum
349 1993 379 2021 id
401 1995 530 2033 dicatur,
554 1996 634 2034 quod
657 2006 716 2023 non
739 2001 783 2024 est
804 1996 1010 2025 necessarium.
1041 1998 1280 2035 Supervacuum,
1304 1998 1386 2036 quod
1407 1997 1540 2026 abundat
1563 2003 1592 2027 et
1614 1998 1782 2037 superfluit.
1815 1997 1960 2033 Quamvis
1982 1995 2059 2025 illud
2080 1994 2188 2024 discri-

248 2044 312 2062 men
337 2045 394 2063 nou
417 2037 612 2067 observarunt
634 2043 758 2067 veteres.
803 2038 892 2068 Dac.

410 2077 605 2118 Struferta
615 2081 700 2110 rios.
744 2082 817 2109 Cato
841 2081 871 2109 in
895 2080 975 2109 libro
997 2080 1034 2110 de
1056 2092 1089 2110 re
1111 2081 1222 2110 rustica
1246 2082 1287 2109 ita
1309 2082 1412 2111 scribit
1435 2083 1547 2120 (134.):
1582 2081 1759 2121 Priusquam
1783 2082 1898 2110 messim
1916 2080 2037 2123 facias,
2062 2089 2187 2119 porcam

247 2115 470 2156 praecidaneam
492 2120 546 2150 hoc
568 2121 655 2151 modo
666 2124 739 2162 fieri
760 2130 881 2163 oportet.
923 2124 961 2152 Et
983 2129 1103 2162 postea:
1132 2123 1308 2163 Priusquam
1330 2135 1452 2164 porcam
1467 2124 1617 2165 feminam
1637 2123 1806 2153 immolabis·
1828 2123 1903 2152 Iano
1925 2129 2031 2152 struem
2054 2131 2187 2151 commo—

249 2166 311 2187 veto
333 2160 393 2188 sic:
427 2158 498 2188 Iane
520 2170 600 2199 pater
621 2171 648 2192 te
668 2164 725 2194 liae
746 2173 823 2194 strue
846 2164 1056 2195 commovenda
1079 2165 1171 2195 bonas
1190 2178 1289 2205 preces
1309 2178 1412 2206 precor
1435 2172 1489 2196 etc.
1542 2166 1677 2196 Ferctum
1700 2165 1765 2195 Ioui
1792 2173 1903 2195 moveto
1925 2172 1952 2194 et
1974 2171 2104 2194 mactato
2124 2163 2186 2192 sic:

251 2200 378 2249 luppiter
399 2208 425 2229 ie
446 2201 501 2230 boc
513 2204 614 2242 fercto
637 2205 814 2237 obmovendo
837 2207 930 2236 bonas
950 2219 1048 2246 preces
1066 2219 1186 2247 precor,
1223 2210 1266 2237 uti
1293 2210 1348 2237 sies
1375 2208 1474 2238 volens
1498 2209 1644 2249 propitius
1668 2208 1757 2245 mihi,
1793 2207 1948 2248 liberisque
1968 2207 2053 2242 meis,
2089 2204 2186 2241 domo,

246 2241 439 2291 familiaeque
458 2255 545 2272 meae.
580 2246 699 2276 ll1actus
721 2249 777 2278 hoc
790 2248 893 2289 fer-cto
916 2255 973 2278 etc.
996 2250 1086 2279 Ant.
1110 2250 1143 2279 A
1151 2262 1204 2289 ug.
1240 2250 1450 2292 strufertarios
1471 2251 1588 2292 antiqui
1608 2250 1692 2280 soliti
1711 2258 1777 2280 sunt
1799 2249 1947 2290 appellare
1965 2248 2095 2278 homines
2116 2258 2185 2277 con-

251 2284 404 2333 dfwffll‘ny
440 2286 492 2324 (1Ήὶ
517 2284 558 2314 ad
580 2285 662 2316 lucos
682 2289 728 2318 vel
748 2291 864 2320 arbores
877 2291 1046 2333 fulguritas
1068 2300 1119 2321 aut
1139 2291 1337 2332 piacularium
1362 2295 1582 2323 commissarum
1605 2304 1695 2322 causa
1717 2300 1794 2322 strue
1814 2300 1840 2321 et
1852 2292 1938 2332 ferto
1959 2302 2048 2321 sacra
2059 2289 2185 2331 faciunt

251 2327 295 2376 h=2s
317 2325 426 2356 verbu:
453 2326 513 2356 0νο
535 2335 563 2356 12
584 2326 705 2375 Iupiter,
728 2333 771 2359 uti
792 2333 863 2361 mihi
884 2333 983 2362 volens
1003 2336 1148 2373 propitius
1169 2336 1223 2371 sis,
1246 2334 1326 2375 quod
1348 2343 1374 2364 et
1396 2335 1478 2366 nullo
1501 2337 1586 2365 etiam
1610 2334 1746 2364 adhibito
1767 2334 1954 2376 strufertario
1970 2332 2072 2372 fiebat.
2106 2331 2185 2359 Haec

252 2370 370 2416 tostus,
396 2372 429 2397 ut
451 2374 591 2417 appareat
613 2380 720 2399 maiora
743 2374 836 2410 spatia
858 2375 888 2402 in
911 2376 1040 2405 editione
1062 2377 1163 2405 relicta
1186 2388 1264 2414 esse,
1293 2388 1381 2416 quam
1403 2389 1480 2417 opus
1501 2380 1540 2407 sit
1561 2378 1599 2406 ad
1621 2388 1667 2414 ea,
1692 2388 1764 2416 quae
1787 2377 2008 2409 desiderantur,
2031 2371 2184 2412 capienda·

254 2412 296 2439 Ex
320 2411 364 2438 lns
388 2420 607 2448 cognoscimus,
642 2417 783 2450 quantum
808 2415 926 2444 odorari
948 2418 1118 2454 potuimus,
1150 2419 1352 2460 strufertarios
1372 2421 1479 2456 fuisse,
1510 2421 1560 2460 qui
1582 2419 1783 2449 huiuscemodi
1806 2418 2010 2457 superstitioni
2032 2414 2185 2444 obeundae
