2263 2668
555 123 619 157 DE
645 119 1031 158 SIGNIFICATIONE
1057 116 1341 153 VERBORUM.
1392 117 1539 152 LIBER
1563 118 1589 151 1.
1981 116 2056 150 3⁰9

269 216 493 247 Alieno-iae.
537 216 619 253 Quae
642 222 710 245 ante
731 217 855 256 pistrina
879 215 1068 245 aliem-iorum
1090 211 1143 251 qui
1165 211 1270 240 alicam
1297 211 1459 240 molebant.
1502 212 1596 241 Plaut.
1625 210 1655 239 in
1679 209 1801 239 Poenul.
1823 209 1853 246 Ι,
1877 211 1906 241 2.
1933 208 1974 248 (v.
1992 208 2054 247 54.)

641 259 807 296 Prosedas,
830 260 972 299 pistorum
995 257 1123 292 amicas,
1147 253 1286 294 reliquias
1307 253 1456 283 alicarias.

104 303 193 332 Dac.
241 300 432 331 prostibulae.
479 299 560 339 Quae
581 299 635 329 tibi
657 301 739 331 olant
761 301 908 331 stabulum
931 307 1111 338 statumque,
1136 297 1253 326 eaedem
1277 302 1304 325 et
1326 297 1480 326 Prosedae.
1528 297 1651 326 Plautus
1674 305 1772 334 supra.
1811 291 1925 322 Idem,
1972 292 2058 323 Sicut

105 345 170 374 hae.
216 344 283 374 Eae.
331 342 439 372 Goth.
483 342 679 374 prostibulae.
724 340 798 373 Vi'de
820 345 896 373 infra
919 342 1072 372 Prosedas.
1120 337 1170 368 Go
1184 339 1229 370 th.

270 385 468 416 Almities.
514 386 714 416 Glossarium:
736 386 892 424 Almities‚
918 384 1041 423 αὔξησις
1064 379 1167 422 ἀρχῆς.
1211 380 1363 418 Almitus,
1393 378 1564 421 ἀνατροφή,
1589 377 1739 420 οἷναγωγή.
1783 377 1930 416 Almites,
1953 375 2059 413 κάλλος

105 427 290 470 ἆνατροφῆς.
336 428 496 458 Charisius.
541 427 696 466 Almam,
728 426 897 470 εὐπρέπεια.
942 425 1048 457 Scal.
1100 425 1318 463 Interpretatur
1349 423 1500 453 Charisius
1529 421 1708 463 εὐπρέπειαν
1730 423 1781 452 lib.
1804 422 1827 453 I.
1859 420 1907 461 (p.
1930 422 1981 453 33-
2004 419 2057 449 Ed·

104 471 212 512 Frob.)
256 472 305 500 Sic
328 471 473 509 intelliges
496 471 593 499 Paulli
616 472 721 510 verba,
761 483 834 511 quae
862 471 936 501 mihi
963 469 1106 498 mendosa
1135 477 1196 496 esse
1222 467 1408 496 videbantur.
1461 466 1546 496 Ant.
1575 466 1667 506 Aug.
1712 463 1853 494 Almities
1876 468 1904 492 et
1925 461 2060 492 Almiuu

105 515 182 544 idem
206 518 263 551 est,
287 514 367 551 quod
390 513 512 542 Horatio
534 512 700 551 Faustitas,
730 514 763 543 id
786 520 829 544 est
852 520 946 544 terrae
969 512 1121 546 fertilitas,
1156 509 1314 538 salubritas
1344 520 1488 548 aquarum
1511 515 1538 538 et
1568 510 1646 538 lovis
1670 518 1766 537 aurae.
1810 507 1936 536 Faustus
1959 515 2060 534 rerum

104 557 235 587 habitus.
278 556 372 585 Dae.

269 597 392 628 Allus.
437 598 541 626 Hallus
563 598 698 627 inferiori
720 599 787 628 loco
810 599 887 628 idem
911 598 1097 637 appellatur,
1128 595 1355 633 mirandumque
1378 599 1439 632 est,
1472 594 1589 622 Festum
1613 598 1640 622 et
1670 593 1702 621 in
1725 591 1783 620 hoc
1806 596 1834 619 et
1855 591 1887 619 in
1915 590 1983 619 aliis
2006 601 2060 618 va-

104 643 148 672 rie
171 641 315 676 scribere,
339 645 372 669 ut
397 639 510 669 ederam
534 645 563 669 et
585 639 736 679 hederam,
766 641 869 671 Gaiam
892 647 921 670 et
948 640 1065 670 Gaiam.
1113 639 1216 667 Paullo
1240 649 1310 666 vero
1334 637 1365 666 id
1388 637 1616 665 adscribendum
1640 646 1701 664 nou
1725 639 1785 671 est,
1817 644 1884 661 cum
1907 638 1974 661 ante
1995 643 2059 661 eum

104 685 183 713 Festi
205 684 279 713 liber
301 684 467 712 litterarum
491 682 594 711 ordine
624 690 700 713 esset
729 685 918 724 perscriptus.
970 682 1058 712 Ani.
1089 682 1187 721 Aug.
1239 681 1358 709 Veteres
1386 680 1452 708 edd.
1484 679 1592 707 habent
1620 677 1736 714 Alleae,
1769 676 1849 715 quod
1879 685 1930 714 ego
1963 674 2061 713 reperi

105 727 136 756 in
166 727 273 756 Isidori
303 726 433 755 Glossis:
468 724 584 762 Allex,
612 726 719 765 pollex
741 728 772 756 in
797 727 878 768 pede.
923 728 1033 755 Tamen
1062 725 1094 753 in
1123 725 1225 753 littera
1255 724 1291 752 H.
1316 727 1443 752 vocatur
1474 722 1585 750 Hallus.
1635 722 1670 751 Et
1697 719 1898 749 Glossarium:
1937 716 2060 753 Hallus,

104 768 199 806 ποδός
221 769 312 810 μέγας
335 766 488 804 δάκτυλος.
533 767 633 798 Scal.
1868 757 1872 760 ’

270 810 490 841 Alveolum.
533 811 607 840 Nam
630 811 744 849 alveus,
769 817 801 840 ut
825 810 972 845 alveolus,
996 811 1031 839 de
1053 809 1153 839 tabula
1176 809 1301 838 lusoria.
1346 808 1437 838 Dac¹

271 852 413 883 Alvus.
457 854 494 883 Et
520 854 577 883 viri
600 855 687 883 etiam
711 855 875 884 Masculino
899 864 1005 892 genere
1027 853 1126 892 posuit
1149 852 1275 881 Accius:

520 913 561 918 —
583 913 626 918 —
647 914 687 919 —
715 897 753 926 Ut
776 909 864 938 quam
878 896 1099 939 fragilissimus
1122 893 1214 924 alvus.

107 940 200 970 Dae.
245 939 329 968 Adde
351 939 481 967 Nonium
502 939 531 967 in
555 938 663 972 Alvus,
712 938 815 970 Goth.

270 982 412 1021 Angor.
459 982 544 1010 Plaut
566 982 596 1010 in
618 983 746 1012 Mostell.
778 983 823 1022 (I,
847 984 882 1019 3,
909 983 977 1019 60.)
998 981 1101 1020 paucis
1125 980 1296 1009 immutatis.
1342 978 1376 1008 Ιη
1401 979 1539 1018 anginam
1565 988 1616 1016 ego
1639 987 1715 1005 nunc
1738 988 1780 1004 me
1801 974 1886 1004 velim
1909 973 1995 1008 verti,
2034 978 2063 999 ut

105 1025 248 1065 verificae
277 1023 324 1053 illi
340 1024 453 1066 fauces
477 1023 664 1064 prehendam.
693 1025 784 1055 Ant.
807 1026 900 1064 Aug.
936 1025 1054 1054 Scribe:
1089 1035 1107 1052 a
1135 1022 1247 1053 Graeco
1277 1020 1426 1063 ἀγχόνη.
1470 1021 1564 1049 Miror
1587 1030 1603 1047 a
1634 1018 1812 1048 doctissimis
1840 1017 1911 1045 viris
1941 1013 2063 1051 margini

106 1067 275 1106 appositum
299 1064 492 1107 ἆγχηνέλλειν.
535 1067 600 1096 Hoc
623 1068 696 1106 quid
720 1068 773 1104 sit,
797 1078 833 1096 ne
856 1068 914 1106 ipsi
937 1068 1057 1106 quidem
1081 1067 1187 1095 sciunt.
1232 1066 1289 1095 Sed
1313 1064 1447 1104 quisquis
1469 1063 1528 1092 hoc
1551 1072 1640 1091 ausus
1663 1066 1722 1098 est,
1746 1071 1807 1089 nou
1827 1059 1967 1095 dubium,
1992 1057 2063 1095 quin

105 1110 147 1138 ita
169 1110 273 1147 legerit
295 1110 327 1138 in
350 1109 447 1138 lexico
471 1120 541 1147 suo,
572 1120 639 1139 cuin
661 1111 818 1149 legendum
843 1111 942 1149 potius
965 1115 1055 1139 esset:
1093 1107 1208 1150 ἄγχειν,
1239 1109 1339 1139 ἰ’λλειν.
1384 1108 1455 1135 Nam
1480 1105 1559 1147 ἄγχω
1583 1111 1627 1134 est
1649 1105 1726 1134 mm.
1772 1103 1845 1132 Vide
1869 1111 1956 1140 quam
1980 1108 2066 1137 saepe

104 1152 176 1181 boni
199 1158 228 1181 et
251 1152 331 1181 docti
354 1152 413 1180 viri
435 1162 503 1180 suos
532 1153 587 1181 sibi
609 1154 714 1182 oculos
735 1154 793 1192 ipsi
816 1154 971 1182 fascinant.
1004 1151 1102 1182 Scal.
1135 1149 1308 1192 συνάγχη
1332 1151 1393 1189 (ita
1417 1149 1494 1178 enim
1520 1147 1608 1177 Goth.
1632 1148 1702 1177 Dae.
1727 1146 1901 1183 ediderunt)
1924 1139 2065 1184 ἄγχηνέλ-

105 1197 183 1233 λειν,
205 1195 255 1224 alii
277 1194 394 1234 ἄγχειν,
424 1195 522 1225 imam.
569 1194 676 1225 Goth.

271 1237 490 1276 Antigerio.
536 1238 675 1267 Placidus
697 1239 729 1267 in
749 1239 868 1276 glossis:
898 1238 1073 1277 Antigerio‚
1097 1236 1144 1265 vel
1165 1234 1411 1277 quemadmodum
1435 1235 1511 1272 (lege
1534 1230 1706 1269 admodum)
1729 1230 1775 1260 vel
1795 1229 1936 1270 inprimis.
1959 1224 2063 1256 Fulv-

111 1279 191 1309 Urs.
218 1279 341 1308 Glossae
355 1284 473 1308 veteres
491 1280 625 1309 Latinae:
650 1281 826 1321 Anagnia,
849 1279 944 1309 valde.
971 1280 1176 1319 Antigerium,
1201 1277 1461 1319 quemadmodum,
1486 1276 1636 1315 imprimis.
1662 1272 1764 1304 Scal.
1787 1272 1911 1308 Quintil,
1930 1268 2066 1302 lib.V111‚

106 1324 136 1353 3.
177 1320 258 1360 Quid
279 1333 392 1351 necesse
412 1329 453 1350 est
476 1321 572 1351 dicere
594 1322 754 1363 oppido,
792 1334 849 1364 quo
873 1324 918 1351 usi
939 1331 1006 1351 sunt
1026 1321 1129 1361 paullo
1153 1330 1252 1350 nostro
1276 1329 1402 1360 tempore
1423 1317 1605 1359 superiores?
1646 1316 1755 1346 Vereor
1775 1323 1805 1344 ut
1828 1316 1886 1344 iam
1909 1324 1966 1342 non
1979 1311 2067 1353 ferat

107 1364 293 1414 quisquam„
320 1362 402 1394 Certe
423 1365 635 1404 antigerio,
666 1367 748 1395 cuius
770 1365 868 1395 eadem
891 1366 1070 1405 significatio
1093 1372 1148 1401 est,
1179 1376 1260 1394 nemo
1285 1365 1342 1393 nisi
1364 1362 1535 1391 ambitiosus
1557 1367 1658 1390 utetur.
1682 1378 1720 1382 --
1745 1358 1943 1386 Glossarium:
1973 1354 2067 1401 Ληζί-

103 1407 199 1446 gerio,
237 1409 414 1446 προλημμα,
452 1407 521 1447 νίκη
546 1405 742 1448 ἆντιοιράσις.
789 1409 878 1447 Lege:
915 1405 1074 1447 πρόλημμα
1097 1408 1199 1447 νίκης,
1235 1404 1420 1445 ἆντίπρασις.
1452 1405 1540 1433 Dac.
1583 1402 1686 1431 Fuerit
1711 1402 1802 1440 igitur
1824 1398 2012 1439 Antigerium
2034 1395 2066 1424 ld

108 1449 191 1488 quod
215 1449 293 1478 Galli
315 1449 451 1478 hodierni
474 1451 580 1480 dicunt
602 1459 762 1490 avantage‚
796 1456 825 1480 et
846 1451 1004 1490 Antigerio
1028 1451 1149 1489 proprie
1172 1461 1205 1479 en
1228 1457 1390 1489 avantoge,
1421 1459 1491 1476 avec
1511 1445 1695 1485 cl'avaniage.

271 1491 453 1522 Antehac.
498 1493 615 1532 Opinor
636 1494 796 1534 legendum
818 1492 960 1523 Anticlea.
992 1492 1072 1522 Urs.
1109 1493 1192 1523 Ante
1218 1492 1273 1532 (sic
1295 1493 1371 1522 enim
1397 1489 1479 1529 Dae.)
1505 1489 1597 1525 Quasi
1619 1498 1691 1517 vero
1715 1494 1781 1516 anie
1802 1496 1857 1526 pro
1879 1491 1965 1514 antea
1987 1481 2066 1511 solus

106 1534 263 1564 Terentius
285 1535 449 1574 usurparit.
493 1535 548 1565 Da
558 1548 583 1566 c.

271 1576 523 1607 Anteurbana
542 1577 711 1619 praedia.
737 1578 869 1608 Imitatio
888 1579 1087 1608 Graecorum:
1112 1576 1275 1617 προάστεια
1297 1577 1400 1616 χωρία.
1424 1572 1529 1604 Scal.
1560 1573 1644 1609 Quae
1664 1577 1693 1603 et
1712 1570 1888 1601 suburbana-
1910 1566 2023 1596 Novell.
2037 1567 2066 1596 7·

109 1621 175 1650 0-3·
198 1621 221 1657 §·
237 1622 263 1650 1·
284 1620 464 1653 N0V211-84-
488 1624 554 1652 c-l.
580 1621 725 1653 1.198.ff.
749 1621 785 1649 de
808 1621 890 1650 verb.
914 1621 1013 1659 signif.
1038 1621 1168 1651 Glossis:
1199 1624 1394 1660 προαστεῖον,
1418 1616 1581 1646 ProceSSiO-
1630 1614 1737 1645 Goth·

271 1661 488 1694 Antarium.
534 1663 691 1692 Antarium
713 1664 826 1693 bellum
849 1664 954 1693 eodem
977 1664 1066 1693 modo
1089 1664 1218 1700 dictum,
1262 1673 1321 1701 quo
1344 1673 1360 1690 a
1384 1659 1521 1690 Vitruvio
1544 1657 1670 1687 Amat-ii
1682 1656 1786 1698 funes.
1831 1654 1954 1684 Veteres
1978 1651 2067 1680 Glos-

110 1711 174 1731 sae:
206 1703 367 1733 Aniarium
393 1704 516 1743 bellum,
545 1703 562 1737 ἆ
585 1705 643 1747 πρὸ
667 1709 725 1737 τῶν
747 1709 849 1737 πυλῶν
873 1703 1013 1744 πόλεμος.
1056 1707 1090 1735 In
1114 1707 1211 1736 veteri
1234 1705 1401 1734 Glossario:
1439 1702 1619 1737 Amadum,
1650 1697 1813 1738 ἆνταρμός,
1840 1696 1899 1725 hoc
1922 1699 1965 1724 est
1986 1698 2066 1722 ante-

109 1750 316 1784 pagmentum,
347 1746 383 1775 ab
408 1748 508 1778 eadem
531 1755 627 1778 mente
651 1749 776 1779 dictum.
798 1748 895 1779 Scal.
939 1749 1031 1787 Magis
1055 1750 1152 1788 placet
1173 1749 1322 1777 amorium
1346 1745 1454 1776 bellum
1476 1744 1548 1780 dici,
1580 1743 1661 1781 quod
1684 1743 1841 1780 Tyrannus
1864 1749 1917 1767 seu
1933 1740 2067 1781 apostata

111 1787 254 1816 adversus
276 1798 373 1826 regem
395 1800 482 1820 suum
505 1793 597 1830 gerit,
635 1791 671 1820 ab
695 1790 842 1831 ἅνταίρω,
878 1791 1002 1822 rebello.
1047 1793 1121 1820 Nam
1144 1797 1173 1820 et
1196 1791 1302 1820 Graeci
1325 1788 1474 1818 uniar-ium
1496 1783 1650 1824 ἄνταρμόν
1669 1789 1788 1813 vocant.
1831 1782 1988 1810 Falluntur
2010 1779 2066 1808 vin

110 1830 278 1879 doctissimi
294 1831 453 1861 Vulcanius
476 1839 505 1862 et
525 1834 673 1873 Scaliger,
704 1835 753 1873 qui
777 1837 807 1863 in
830 1835 984 1863 Glossario
1007 1836 1155 1863 antarium
1179 1839 1207 1863 et
1229 1829 1382 1873 ἆνταρμόν
1406 1831 1442 1860 de
1466 1829 1686 1867 antipagmento
1709 1826 1873 1865 accipiunt3
1903 1823 1974 1852 inde
1993 1819 2065 1850 ἄντ-

109 1885 219 1912 αρτης,
242 1873 345 1902 Latine
366 1883 500 1914 antarta,
528 1887 584 1916 pro
611 1887 670 1915 quo
694 1883 723 1907 et
745 1879 872 1914 intarta,
903 1878 1038 1914 rebellis,
1061 1882 1222 1916 tyrannus,
1252 1879 1395 1915 apostata.
1440 1871 1624 1910 Hesychius:
1659 1867 1820 1909 ἇντάρτης,
1842 1866 1989 1905 τύραννος
2009 1859 2066 1892 οἷν-

108 1917 252 1956 τιβαὶνων
274 1917 395 1956 βασιλεῖ.
438 1918 528 1949 Dac.

273 1958 417 1989 Amare.
462 1962 508 1990 Ab
532 1963 612 1991 axis.
641 1962 838 1991 Glossarium:
863 1969 1001 1991 anax-ant
1025 1957 1213 1999 ὀνομάζουσι.
1236 1961 1322 1990 Dae.
1347 1958 1420 1987 Vide
1444 1967 1519 1995 quae
1542 1966 1632 1995 supra
1656 1954 1692 1983 ad
1716 1964 1744 1983 v.
1760 1952 1938 1982 Axamenta
1960 1947 2066 1986 dispu-

110 2005 173 2029 tata
195 2005 274 2030 sunt.
318 2001 377 2030 Pio
400 2012 554 2040 anax-ant,
585 2006 665 2043 quod
690 2010 734 2034 est
755 2005 786 2033 in
809 2005 980 2040 Glossario,
1012 2005 1132 2041 legerim
1162 2011 1298 2040 anoeam5
1326 2007 1369 2030 est
1392 2000 1467 2029 enim
1491 1999 1657 2028 derivatum
1681 2008 1695 2025 a
1719 1994 1866 2024 Sauscrito
1897 2002 1972 2030 ang,
1996 1987 2063 2024 ank,

109 2055 196 2083 angs,
227 2047 261 2072 ut
282 2044 422 2076 vidimus.
468 2046 528 2074 Msi
548 2047 625 2076 forte
646 2058 750 2077 anaxo
774 2048 847 2076 nihil
870 2052 929 2082 est,
960 2046 1017 2075 nisi
1040 2047 1134 2075 forma
1159 2046 1194 2073 ab
1217 2055 1316 2081 anxa,
1350 2043 1522 2082 interposita
1546 2052 1563 2069 a
1587 2040 1726 2069 emollita.
1899 2076 1905 2082 ⁴
1995 2075 2000 2080 ¹

274 2085 585 2127 Antipagmenta.
631 2090 744 2119 Gloss.:
782 2091 1018 2128 antipagmenta,
1046 2087 1233 2128 προὴγματα.
1273 2087 1451 2126 Sculplurae
1474 2086 1619 2120 Deorum,
1654 2080 1827 2114 hominum,
1859 2080 2063 2109 animantium,

110 2128 235 2157 aliarum
256 2138 373 2166 rerum,
397 2140 473 2168 quae
495 2133 649 2170 postibus,
678 2137 728 2161 aut
750 2133 896 2161 columnis
915 2137 1014 2170 postes
1036 2131 1270 2166 sustinentibus,
1300 2130 1388 2168 pangi
1411 2129 1517 2157 solent.
1546 2127 1632 2155 Dae.
1675 2122 1762 2152 Adde
1782 2120 1887 2150 Anies.
1935 2115 2042 2147 Goth·

273 2171 484 2214 Antefixa.
529 2174 640 2203 Horum
666 2180 710 2203 est
733 2176 842 2203 mentio
864 2174 946 2212 apud
965 2174 1082 2202 Livium
1107 2173 1156 2202 lib.
1175 2173 1224 2204 34.
1246 2172 1393 2211 Antefioea
1416 2169 1530 2211 fictilia
1553 2168 1680 2197 Deorum
1704 2164 1907 2194 Romanorum
1931 2159 2061 2207 ridentes.

109 2212 146 2242 Et
168 2212 218 2242 lib.
231 2214 281 2245 36.
312 2213 348 2244 In
371 2214 441 2243 aede
465 2214 648 2246 Concordiae
667 2218 809 2253 victoria,
833 2228 908 2257 quac
930 2218 959 2245 in
983 2215 1108 2245 culmine
1130 2223 1205 2251 erat,
1227 2213 1358 2256 fulmine
1379 2215 1440 2243 icta
1461 2211 1653 2250 decussaque,
1679 2207 1720 2237 ad
1741 2206 1913 2242 Victorias,
1938 2212 2011 2242 quae
2032 2212 2061 2228 m

109 2255 248 2294 anifixis
267 2264 365 2294 erant,
393 2257 501 2294 haesit,
531 2267 618 2299 atque
640 2258 707 2287 inde
726 2258 866 2298 procidit.
913 2259 993 2294 Quid
1015 2260 1076 2287 sint
1098 2258 1232 2287 disertim
1255 2257 1387 2296 explicat
1409 2255 1562 2284 Vitruvius
1585 2253 1634 2282 lib.
1647 2255 1676 2284 3.
1721 2250 1757 2279 In
1779 2245 1946 2287 Areosrylis
1967 2250 2059 2272 autem

110 2308 162 2326 nec
183 2300 353 2328 marmoreis
378 2299 517 2340 epistyliis
539 2303 582 2330 uti
604 2300 710 2339 datur‚·
740 2300 790 2330 sed
811 2300 1003 2340 imponendae
1026 2300 1061 2330 de
1081 2302 1204 2330 materia.
1226 2299 1320 2329 trabes
1340 2305 1508 2339 perpetuae3
1531 2303 1556 2326 et
1578 2296 1707 2335 ipsarum
1730 2291 1846 2321 aedium
1868 2288 1974 2328 species
1994 2290 2059 2330 sun(

109 2338 245 2378 '‘arim‘’
277 2338 416 2380 humiles,
447 2342 548 2374 laxae.
597 2343 768 2385 Ornantque
789 2345 880 2383 signis
891 2342 1041 2385 fictilibus
1064 2351 1115 2371 aut
1138 2344 1227 2372 aereis
1249 2343 1395 2372 inauratis
1415 2351 1512 2370 earum
1527 2337 1678 2380 fastigia,
1709 2332 1876 2364 Tuscanica
1897 2339 1990 2363 more>
2015 2328 2058 2353 ”h

110 2389 150 2410 ⁸1
172 2381 214 2411 acl
234 2380 350 2413 Circum
373 2387 557 2422 maximum,
584 2384 708 2423 Cereris,
735 2385 876 2416 Herculis
899 2386 1088 2426 Pompeiani,
1112 2387 1178 2416 item
1195 2384 1344 2426 Capitolii.
1386 2384 1428 2413 lta
1449 2383 1549 2412 locum
1572 2381 1656 2410 illum
1672 2377 1798 2408 Vitruvii
1820 2374 1951 2410 legimus·
1982 2366 2055 2394 Dac-
