2263 2668
513 147 577 181 DE
606 143 992 180 SIGNIFICATIONE
1019 145 1300 181 VERBORUM.
1362 147 1506 181 LIBER
1527 148 1616 182 XVI.
1959 151 2034 187 633

91 240 208 278 deesse,
239 245 414 269 conservato
436 239 508 278 legis
532 239 648 268 nomine
671 238 856 278 generalibus
877 237 1010 275 legibus,
1046 249 1120 277 quae
1141 239 1179 268 ad
1201 249 1302 268 omnes
1324 239 1458 269 homines
1481 251 1641 280 omnesque
1664 251 1711 270 res
1733 243 1924 281 pertinerent.
1948 245 2034 276 Ant.

90 282 187 322 Aug.
223 282 298 312 Vide
323 283 398 314 Gell.
421 282 470 311 lib.
465 262 520 311 ²³X.
544 293 610 321 cap.
627 285 674 313 10.
710 282 767 310 Sed
795 281 875 320 quod
899 280 947 308 hic
971 281 1006 309 ab
1030 281 1113 310 Aelio
1138 283 1224 311 Gallo
1248 283 1405 312 discrimen
1429 283 1508 312 inter
1530 284 1623 322 legem
1647 289 1675 312 et
1696 285 1878 322 rogationem
1900 288 2035 325 ponitur,

90 325 241 354 veteribus
264 336 324 354 non
346 325 535 354 obseivatnm
558 325 648 352 fuisse
673 325 774 353 multis
797 323 976 362 argumentis
1000 324 1096 352 evinci
1120 330 1224 363 potest.
1270 325 1379 354 Omnes
1410 327 1486 354 enim
1514 327 1608 364 leges,
1644 326 1679 354 de
1705 327 1812 365 quibus
1835 330 1914 368 apud
1937 340 2036 369 popu-

90 367 154 396 lum
176 368 340 405 ferebatur,
362 367 528 406 rogationes
552 367 742 403 dicebantur,
765 367 842 404 leges
865 376 936 395 vero
960 376 1025 395 cum
1052 377 1097 395 eas
1121 368 1252 406 populus
1275 373 1438 416 acceperat.
1482 369 1576 397 Antea
1600 370 1804 416 promulgatae
1828 381 1895 400 cum
1918 373 2036 401 trinun-

91 410 161 438 dino
184 409 232 439 die
255 411 426 450 propositae
448 411 574 438 fuerant.
606 409 684 438 Haec
708 389 776 437 trita
800 413 876 437 sunt.
911 409 1002 437 Porro
1027 409 1107 446 quod
1129 411 1276 448 scripsere
1299 411 1355 439 viri
1379 411 1459 439 docti
1481 411 1531 440 hic
1552 411 1738 448 rogationem
1760 423 1796 441 ex
1815 414 1893 442 Galli
1910 414 1984 443 Aelii
2007 420 2037 445 et

90 452 171 481 Festi
192 456 338 482 sententia
360 453 437 482 idem
461 463 541 488 esse,
566 452 646 491 quod
670 452 751 490 apud
768 452 940 480 Ciceronem
963 452 1151 490 privilegium
1175 453 1299 489 dicitur,
1323 453 1353 481 id
1378 454 1497 482 omnino
1521 454 1627 482 salsum
1652 459 1702 482 est.
1743 455 1815 484 Nam
1838 457 1952 494 rogatio
1975 463 2036 487 tam

90 496 122 523 in
143 495 252 524 bonam
276 507 364 534 quam
386 497 417 524 in
439 495 545 524 malam
569 500 681 533 partem
705 495 890 530 sumebatur,
923 495 1111 532 privilegium
1134 506 1193 523 non
1217 496 1303 530 item,
1338 497 1448 535 quippe
1471 496 1551 535 quod
1575 496 1604 524 in
1629 502 1720 535 caput
1744 501 1857 526 tantum
1880 504 1910 528 et
1933 500 2036 538 perni-

92 537 166 566 ciem
186 538 297 577 privati
320 538 445 567 hominis
467 548 584 576 semper
608 538 686 575 apud
712 538 890 566 vetustiores
914 538 1063 565 Romanos
1086 538 1176 566 latum
1201 543 1253 566 est.
1295 538 1331 565 Ut
1353 539 1489 576 superius
1513 543 1695 569 annotatum.
1720 539 1811 569 Dae.
1849 541 1882 569 Id
1905 542 1951 570 ius
1975 543 2038 571 sin-

91 580 194 618 gulare
222 581 331 610 nostris
361 581 532 610 auctoribus
558 580 576 608 l.
589 582 618 611 8.
644 580 662 608 l.
679 580 726 610 14.
750 580 769 608 l,
784 581 832 611 15.
857 580 876 609 1.
893 579 984 611 16.11“,
1010 580 1047 608 de
1076 580 1201 618 legibus,
1247 581 1433 618 Privilegium
1463 582 1598 610 Ciceroni
1627 581 1682 620 (de
1712 592 1771 620 quo
1801 582 1865 610 dixi
1894 584 1931 612 ad
1960 584 2037 622 leges

91 622 158 652 XII.
177 622 297 662 Tabul.)
323 624 400 662 quod
424 634 439 651 a
463 623 524 661 lege
547 623 614 651 ideo
638 622 741 651 Festus
765 622 812 651 hic
836 623 875 650 ait
899 622 1029 651 differre.
1069 623 1206 651 Ceterum
1229 623 1307 660 leges
1327 622 1530 663 promulgatae
1552 623 1743 661 dicebantur,
1767 625 1790 652 si
1813 631 1899 655 erant
1921 627 2038 655 trinun-

92 664 163 694 dino
181 666 370 704 propositae,
392 673 526 705 rogatae,
551 675 617 694 cum
634 665 739 693 Tribus
763 669 941 702 rogarentur
964 665 1074 693 vellent
1096 665 1286 702 iuberentne;
1310 664 1403 702 lame,
1428 676 1494 694 Cum
1516 671 1651 705 receptae
1674 671 1701 694 et
1720 667 1909 706 approbatae.
1932 667 2035 700 Goth.

94 706 185 746 Quod
205 708 236 737 in
259 720 357 737 omnes
378 707 507 737 homines
530 719 605 736 resve
623 707 750 747 populus
772 709 872 744 scivit,
897 706 948 736 lem
970 706 1145 747 appellatur.
1193 708 1265 736 Vide
1288 708 1307 735 l.
1321 710 1350 738 8.
1366 708 1393 738 ss
1419 708 1454 736 de
1478 709 1597 747 legibus.
1644 707 1754 738 Idem.

255 749 454 780 Romulum
478 750 639 790 quidam.
665 751 723 789 (Ad
748 761 775 788 p.
790 749 874 785 224)
902 749 991 788 Quem
1015 749 1153 778 credibile
1175 758 1214 778 est
1238 762 1256 779 α
1277 750 1392 778 virium.
1430 747 1523 790 Ρώιιη
1549 753 1660 780 Graece
1683 752 1805 790 proprie
1828 757 1872 781 est
1896 752 2038 782 Valentia

92 793 211 830 Latine,
247 803 315 821 nam
338 792 490 831 ἐρῤῶσθαι
514 798 558 822 est
580 792 683 822 valere
729 793 825 821 Gloss.
846 789 958 831 Ρωμη,
984 791 1131 822 valentia.
1177 793 1219 821 Ita
1249 797 1396 821 vocarunt
1425 793 1513 822 robur
1536 794 1687 832 corporis,
1725 794 1807 832 quod
1830 799 1858 823 et
1879 795 1977 834 ipsum
2001 806 2038 824 ex

93 835 195 864 eadem
219 835 332 873 origine
354 837 452 873 venit,
489 846 555 864 nam
580 836 677 875 ῥῶμος
700 840 729 864 et
752 834 836 873 ῥώμη
860 833 919 866 ἀπὸ
942 837 996 866 τοῦ
1018 832 1169 873 ρωεσθαι,
1209 836 1363 864 Aeolicum
1387 836 1488 874 ῥώμορ
1513 842 1541 865 et
1564 837 1664 876 όωβορ
1687 841 1720 864 ut
1741 835 1873 876 βύρμαξ,
1911 835 2038 876 μύρμαξ,

91 877 162 906 inde
184 878 355 906 Latinorum
379 877 475 907 robur.
507 879 578 906 lnde
602 878 689 906 etiam
713 878 784 906 dicti
799 875 924 917 Ρῶμος,
944 875 1102 915 Ρώμυλος.
1130 876 1241 915 Ρωμος
1263 878 1339 906 enim
1364 883 1407 906 est
1430 879 1474 906 ιίι·
1487 878 1593 919 fortis
1625 879 1661 906 Ut
1681 881 1784 917 μῶμος
1806 880 1903 908 irrisio
1928 880 2039 909 dicitur

93 924 123 949 et
145 920 196 960 qui
217 919 334 957 irridet3
371 924 459 959 μῖμος
482 921 609 949 imitatio
632 926 660 949 et
684 921 734 960 qui
756 921 903 949 imitatur.-
942 921 984 949 sic
1006 921 1105 959 ῥωμος
1125 919 1280 962 fortitudo
1304 925 1331 948 et
1354 920 1398 948 vir
1417 919 1522 959 fortis.
1568 921 1679 949 Latinis
1702 920 1828 957 Remus,
1864 927 1896 950 ut
1915 921 2038 963 Apella,

92 961 218 1013 Apollo.
264 963 288 991 A
310 963 410 1002 ρῶμος
434 960 586 1001 ρωμυλος,
618 969 650 991 ut
673 974 687 990 a
711 965 828 1001 ψεῦδος
850 960 1019 1001 ψευδυλος,
1048 963 1127 991 unde
1151 961 1310 991 Pseudolus
1332 963 1498 991 Plautinus
1543 963 1563 991 A
1591 966 1695 1001 φεῖδος
1718 965 1875 1001 φείόυλος,
1905 965 1941 992 ab
1964 964 2040 1004 ἦδος

92 1002 206 1043 ἥὸυλος
227 1009 255 1034 et
278 1005 403 1043 similia,
426 1006 496 1034 inde
521 1006 631 1034 Latinis
655 1005 759 1044 pxiscis
783 1006 942 1041 Romulus,
968 1016 1059 1044 quare
1081 1005 1159 1034 infra
1186 1005 1305 1034 Paulus:
1334 1004 1481 1034 Romulus
1503 1013 1529 1034 et
1553 1005 1662 1035 Remus
1685 1016 1703 1033 a
1726 1007 1836 1035 virtute.
1881 1008 1953 1035 Nam
1976 1008 2039 1037 vir-

93 1051 142 1076 tus
163 1048 286 1087 proprie
308 1048 346 1077 de
369 1048 483 1077 viribus
507 1050 658 1088 corporiS‚
684 1053 716 1077 ut
739 1049 819 1086 apud
844 1048 1017 1088 Phaed.(1‚
1043 1047 1194 1086 13‚14)·

758 1090 872 1120 Virtuti
893 1102 1002 1131 semper
1020 1089 1170 1131 praevalet
1191 1091 1342 1142 sapientia.

94 1132 218 1162 Salmas.
241 1133 271 1161 in
295 1133 387 1162 Solin.
420 1133 493 1162 Inde
516 1133 706 1171 intelligenda
731 1144 805 1172 quae
828 1134 906 1162 dixit
926 1135 1028 1163 Festus
1051 1134 1081 1162 in
1104 1134 1161 1162 fine
1183 1137 1237 1163 τοῦ
1252 1132 1390 1163 Romam.
1426 1133 1584 1162 Romulum
1608 1134 1711 1162 urbem
1735 1134 1900 1164 nominasse
1915 1135 2040 1163 Romam

93 1175 194 1214 potius
218 1186 305 1214 quam
328 1177 502 1213 Romulani,
526 1184 557 1205 ut
579 1175 722 1215 ampliore
744 1176 882 1206 vocabuli
903 1177 1118 1216 significatione
1137 1177 1322 1215 prosperiora
1343 1177 1459 1215 patriae
1479 1188 1547 1205 suae
1569 1178 1753 1207 ominaretur·
1788 1176 1888 1205 Roma
1911 1177 1989 1205 enim
2012 1181 2041 1206 et

93 1215 204 1247 Remus
226 1219 320 1247 multo
345 1219 573 1256 significantiora
597 1224 681 1253 sunt,
706 1229 793 1258 quam
812 1218 944 1248 Romula
963 1224 991 1247 et
1008 1217 1170 1255 Romulus,
1196 1228 1271 1257 quae
1295 1218 1355 1247 sint
1378 1219 1527 1247 deminuta
1551 1230 1588 1248 ex
1611 1220 1676 1247 illis.
1699 1218 1785 1247 Dae.
1815 1219 1929 1258 Aficu
1949 1220 2041 1248 rumi-

93 1258 166 1289 nali.
198 1261 271 1290 Vide
292 1261 368 1289 insta
391 1260 570 1291 Ruminalis.
598 1260 703 1290 Goth..
739 1261 848 1291 Ruma.
887 1262 969 1290 Adde
992 1261 1069 1290 infra
1092 1260 1223 1298 Rumen,
1247 1261 1373 1289 Nonium
1397 1264 1476 1300 (pag.
1492 1264 1561 1293 167.
1586 1262 1690 1299 Mero.)
1714 1262 1743 1289 in
1766 1260 1904 1290 Rumam.
1928 1259 2040 1291 Idem.

94 1302 128 1331 A
149 1303 253 1332 virium
277 1302 486 1343 magnitudine.
533 1305 584 1332 Est
606 1305 682 1331 enim
705 1304 825 1332 Graecis
849 1302 933 1343 ῥώμη
957 1304 1035 1332 idem
1059 1314 1093 1332 ac
1116 1303 1213 1332 robur.
1257 1301 1370 1332 Idem.

256 1344 417 1376 Romam.
449 1346 516 1384 (Ad
540 1357 568 1385 p.
584 1346 675 1384 224.)
709 1344 939 1385 Caeximparum
968 1346 1025 1375 viri
1054 1346 1197 1374 mendosa
1227 1346 1319 1374 verba
1348 1350 1426 1375 sunt.
1469 1346 1534 1376 Vid.
1561 1346 1682 1385 Dionys.
1705 1345 1789 1375 lib..I
1814 1346 1863 1385 (I,
1890 1344 1959 1393 71.)
1990 1346 2042 1394 qui

94 1387 193 1425 3110113
215 1397 252 1416 ex
279 1387 326 1416 his
348 1388 456 1424 refert,
491 1393 519 1416 et
547 1388 603 1416 alia
632 1388 728 1418 aliter.
757 1387 963 1428 An1.Ang.
1008 1389 1041 1417 In
1064 1389 1202 1428 exemplo
1226 1389 1404 1428 Cephalonis
1428 1388 1571 1426 Gergithii
1598 1389 1722 1418 discedit
1744 1400 1758 1417 a
1781 1388 1925 1417 sententia
1947 1388 2042 1427 ipsius

93 1428 239 1458 historici.
285 1430 443 1468 Dionysius
466 1430 508 1469 (Ι,
531 1434 582 1463 71.
607 1440 674 1470 pag.
688 1430 765 1471 58,);
804 1410 956 1469 Κεφάλων
979 1428 996 1462 ὅ
1019 1432 1193 1483 Γεργίθιος,
1231 1429 1422 1472 συγγραφεὺς
1444 1431 1572 1468 παλαιός
1593 1429 1689 1468 πάνυ,
1720 1431 1851 1481 δευτέρᾳ
1862 1433 1951 1482 γενεᾷ
1973 1429 2045 1469 μετα

93 1470 148 1503 τὸν
165 1468 294 1503 Ἰλιακὸν
316 1471 458 1524 πόλεμον
470 1474 605 1505 ἐκτίσθαι
627 1474 702 1512 λέγει
724 1472 779 1512 τὴν
804 1471 893 1504 πόλιν
921 1471 980 1504 υπό
1009 1475 1067 1504 τῶν
1097 1474 1127 1511 ἐξ
1145 1471 1232 1504 Ἰλίου
1261 1475 1473 1505 διασωθέντων
1501 1473 1558 1504 σῦν
1580 1475 1702 1504 Αἰνεία·
1739 1472 1873 1513 οἰκιστην
1896 1470 1925 1504 δ’
1950 1470 2044 1512 αυτῆς

94 1511 261 1553 ἀποφαίνει
282 1514 336 1546 τὸν
357 1513 554 1566 ἠγησοῖμενον
577 1519 630 1566 τῆς
654 1513 796 1551 ἀποικίας
815 1512 943 1555 Ρῶμον·
981 1518 1090 1546 τοῦτον
1113 1512 1142 1546 6'
1167 1515 1243 1547 εἶναι
1265 1519 1320 1547 τοῦ
1343 1518 1467 1547 Αἰνείου
1495 1518 1612 1547 παίδων
1635 1517 1702 1547 ἕνα·
1737 1517 1874 1555 τέτταρας
1897 1516 1928 1546 δέ
1950 1526 2045 1555 φησιν

93 1557 200 1587 Αἰνεία
222 1557 363 1598 γενέσθαι
384 1560 511 1595 παῖδας,
537 1554 714 1595 Ασκάνιον,
738 1554 950 1595 Εὐρυλέοντα,
969 1555 1138 1597 Ῥωμυλον,
1157 1556 1278 1597 Ῥωμον.
1323 1559 1365 1588 De
1388 1559 1565 1598 Apollodori
1589 1559 1739 1588 Euxenide
1762 1559 1836 1587 nihil
1860 1559 1976 1587 memini
1998 1568 2044 1588 me

94 1589 199 1638 legere.
230 1601 365 1629 Alcimus
388 1601 510 1640 scripsit
532 1602 665 1640 ίστορίαν
685 1597 835 1638 Ἰταλικην.
868 1601 970 1639 quue
993 1601 1111 1629 nomine
1134 1601 1244 1629 citatur
1266 1600 1301 1629 ab
1326 1601 1487 1630 Athenaeo.
1518 1603 1656 1640 Antigoni
1680 1607 1797 1641 praetei
1819 1602 1891 1630 alios
1914 1601 2045 1630 meminit

96 1642 263 1681 Dionysius.
309 1641 538 1682 caeximparum
562 1648 591 1672 et
612 1644 726 1682 reliqua
749 1648 881 1672 monstra
905 1643 1065 1672 verborum
1095 1642 1169 1671 haec
1198 1644 1366 1681 scripturae
1396 1644 1518 1681 vestigia
1548 1646 1736 1683 praeferunt:
1773 1643 1888 1684 Easque
1910 1655 1929 1672 a
1952 1642 2044 1673 mullo

94 1695 189 1713 errore
211 1685 378 1714 nominatos
401 1684 530 1714 Aberrirr
508 1687 609 1725 gines,·
644 1696 767 1725 quorum
796 1684 917 1714 subiecti
944 1686 996 1725 qui
1015 1684 1136 1727 fuerint
1161 1683 1238 1714 Cae*
1262 1685 1444 1715 Xinidarum
1467 1687 1525 1715 iuri
1547 1688 1766 1727 vicinarumque
1788 1685 1902 1715 urbium
1924 1685 2044 1726 imperio

95 1731 149 1756 etc.
194 1726 278 1762 Quae
300 1737 371 1756 vera
395 1732 439 1756 est
461 1728 564 1765 lectio,
598 1728 622 1756 si
645 1728 723 1756 illud
747 1726 826 1757 Cae*
849 1726 985 1757 nidarum
1007 1738 1130 1766 prorsus
1152 1729 1300 1766 integrum
1324 1734 1415 1765 esset,
1453 1733 1485 1757 ut
1508 1729 1607 1767 aliqua
1630 1735 1715 1768 parte
1737 1729 1970 1758 contaminatum
1990 1732 2044 1758 est.

94 1769 168 1800 Erat
189 1770 266 1798 enim
290 1769 348 1799 tale
371 1771 442 1809 quid
460 1771 730 1807 Cacoxenidarum5
753 1775 802 1798 aut
824 1770 924 1799 nescio
948 1770 1020 1808 quid
1043 1770 1148 1800 simile.
1185 1770 1259 1799 Nam
1283 1776 1317 1800 ut
1340 1772 1426 1800 etiam
1451 1781 1488 1799 ex
1511 1772 1575 1800 aliis
1598 1772 1796 1811 scriptoribus
1819 1772 1971 1808 novimus,
1995 1769 2045 1808 qui

95 1811 169 1842 dicti
191 1817 260 1841 sunt
281 1812 470 1850 Aborigines,
505 1824 608 1843 eorum
632 1813 682 1842 3111
707 1793 830 1848 (inmas,
867 1813 916 1841 alii
939 1813 1011 1841 alias
1033 1812 1122 1841 urbes
1145 1813 1345 1842 condiderunt
1365 1814 1395 1842 in
1418 1814 1517 1851 Italia,
1550 1814 1675 1853 proinde
1698 1820 1731 1843 ut
1751 1825 1810 1843 non
1834 1824 1935 1843 omnes
1957 1812 2045 1842 simul

94 1854 150 1884 sub
173 1864 233 1883 uno
257 1855 333 1884 duce
355 1855 455 1893 ibant,
478 1856 530 1885 sed
553 1865 747 1895 unaquaeque
772 1866 841 1894 pars
864 1865 951 1884 suum
974 1855 1079 1884 ducem
1102 1855 1223 1893 habuit,
1248 1866 1316 1884 cum
1338 1856 1368 1884 in
1391 1857 1500 1885 multas
1524 1862 1624 1895 partes
1647 1857 1781 1886 distracti
1803 1861 1908 1885 essent.
1952 1855 2044 1885 Cuius

95 1897 190 1926 simile
213 1897 249 1926 de
273 1897 392 1927 Gotthis
415 1899 566 1948 prpditum
589 1904 640 1927 est.
686 1897 872 1935 Agathoclis,
905 1899 956 1936 qui
977 1910 1012 1928 τα
1037 1896 1192 1935 Κυζικηνα
1215 1878 1351 1937 scripsit,
1375 1898 1557 1935 Athenaeus,
1587 1899 1772 1938 Stephanus,
1803 1900 1852 1927 alii
1876 1898 2043 1927 meminere.

94 1940 265 1977 Legendum
290 1946 406 1979 postea·
429 1942 522 1970 visam
546 1953 605 1970 esse
626 1942 732 1970 iustam
756 1939 894 1970 vocabuli
914 1939 1047 1969 Romani
1069 1941 1196 1969 nominis
1219 1952 1337 1970 causam
1359 1952 1438 1978 eam,
1462 1953 1537 1982 quae
1555 1943 1639 1981 prior
1660 1942 1780 1971 eundem
1803 1940 1898 1970 locum
1922 1938 2045 1968 dedica-

94 1982 179 2011 visset
201 1981 293 2014 Fidei.
340 1983 424 2020 Visa,
454 1984 567 2023 inquit,
597 1985 674 2012 iusta
698 1988 742 2012 est
764 1993 868 2012 caussa
892 1983 1018 2011 nominis
1040 1984 1149 2011 Romae
1171 1983 1201 2011 in
1225 1983 1336 2022 oppido
1360 1994 1438 2013 novo
1463 1985 1657 2022 appellando,
1684 1989 1786 2024 utpote
1807 1993 1875 2011 cum
1898 1993 1930 2011 ea
1955 1983 2043 2010 Roma

95 2024 190 2064 prima
213 2024 312 2053 locum
335 2025 503 2055 dedicasset
524 2026 693 2055 fidei.1)e
715 2025 810 2054 fluvio
832 2025 906 2054 Nolo
922 2025 1134 2078 quaer'endum
1159 2035 1274 2056 censeo.
1309 2026 1420 2054 Calliae
1443 2027 1550 2063 verba,
1576 2037 1651 2065 quae
1674 2027 1734 2055 huc
1755 2026 1919 2076 pertinent,
1942 2029 2044 2053 extant

96 2067 177 2106 apud.
201 2067 374 2111 Dionysium
398 2069 445 2106 (1,
469 2072 520 2101 72.
545 2079 609 2108 pag.
623 2067 707 2106 58.;)
747 2069 880 2103 Καλλίας
901 2066 930 2098 δ’
954 2064 970 2098 ὅ
993 2066 1046 2103 τὰς
1062 2065 1282 2107 Ἀγαθοκλέους
1309 2066 1431 2108 πράξεις
1457 2065 1653 2110 ἀναγράψας,
1689 2067 1800 2107 Ῥώμην
1822 2079 1887 2098 τινα
1917 2064 2044 2120 Τρωαδα

95 2109 155 2140 τῶν
178 2106 448 2149 ἀφικνουμένων
434 2110 495 2150 α’μα
517 2116 577 2147 τοῖς
599 2110 699 2146 α’λλοις
727 2110 842 2150 Τρωσὶν
867 2111 908 2146 εἷς
926 2107 1068 2146 Ἰταλίαν,
1091 2108 1245 2162 γήμασθαι
1265 2113 1387 2150 Λατίνῳ
1410 2114 1452 2152 τῷ
1462 2114 1589 2162 βασιλεῖ
1609 2115 1666 2142 τῶν
1688 2108 1884 2162 Ἀβοριγίνων
1906 2110 1955 2140 καὶ
1979 2121 2042 2149 γεν-

95 2154 187 2190 νῆσαι
211 2150 266 2183 δύο
289 2155 400 2189 παῖδας
417 2150 527 2193 Ρῶμον
549 2154 598 2184 καὶ
619 2151 784 2191 Ρωμύλον,
823 2153 993 2188 οἰκίσαντας
1016 2152 1046 2182 δὲ
1068 2150 1170 2189 πόλιν,
1210 2150 1270 2184 ami
1300 2155 1354 2192 τῆς
1377 2151 1488 2192 μητρὸς
1511 2151 1609 2184 αὑτῶν
1631 2153 1742 2184 θέσθαι
1764 2152 1905 2191 τοῦνομα.
1949 2152 2040 2180 Hera-

96 2193 191 2223 clidae
213 2194 314 2223 Lembi
336 2195 505 2225 Athenaeus
527 2207 586 2225 non
610 2195 698 2224 semel
722 2195 862 2224 meminit.
899 2196 966 2223 Non
989 2195 1085 2223 solum
1107 2200 1206 2224 autem
1229 2196 1266 2225 de
1289 2206 1323 2224 eo
1346 2196 1521 2234 intelligitur
1542 2197 1572 2225 in
1594 2196 1653 2225 illis
1675 2197 1790 2247 verbis,
1815 2205 1890 2234 quae
1914 2205 1950 2223 ex
1973 2193 2040 2221 Dio-

95 2237 182 2275 nysio
196 2236 275 2266 infra
291 2248 416 2277 ponam;
440 2239 494 2268 sed
517 2244 547 2267 et
568 2238 725 2267 historiam
749 2237 888 2274 eandem,
913 2248 1001 2276 quam
1025 2237 1254 2276 tangitFestus,
1275 2248 1332 2267 ex
1329 2238 1438 2267 eodem
1461 2249 1626 2278 proponam
1645 2239 1676 2276 (l.
1695 2241 1746 2277 c.:)
1771 2236 1788 2270 ὁ
1811 2238 1842 2268 at
1864 2249 1916 2272 τας
1936 2235 2040 2283 ἱερείας

95 2291 148 2315 τας
170 2277 220 2310 ἕν
221 2276 314 2320 Αργει
339 2293 389 2312 και
411 2280 447 2312 τὰ
469 2279 544 2312 καθ’
560 2280 688 2320 ἑκάστην
710 2279 881 2331 πραχθέντα
906 2289 1094 2333 συναγαγων,
1120 2281 1245 2311 Αἰνείαν
1268 2281 1361 2320 φησὶν
1385 2281 1416 2311 ἐκ
1434 2283 1601 2312 Μολοττῶν
1623 2282 1663 2317 εἰς
1679 2279 1805 2312 Ἰταλίαν
1826 2277 1950 2310 ἐλθόντα
1972 2287 2023 2314 μετ

91 2319 262 2357 Ὀδυσσέως
285 2322 420 2371 οἰκιστὴν
441 2324 582 2364 γενέσθαι
605 2326 658 2362 τῆς
680 2320 809 2360 πόλεως,
832 2332 981 2360 ονομασαι
1000 2320 1029 2352 δ’
1046 2319 1139 2361 αὐτὴν
1162 2320 1222 2354 ἀπὸ
1244 2326 1314 2362 μιᾶς
1336 2326 1395 2354 τῶν
1406 2321 1539 2354 Ἰλιαδων
1552 2320 1673 2363 Ρώμης.
1698 2323 1808 2362 ταύτην
1830 2322 1861 2351 δὲ
1881 2321 1955 2358 λέγει
1977 2321 2040 2353 ταῖς

96 2361 197 2400 ἄλλαις
223 2362 340 2404 Τρωάσι
362 2365 662 2418 παρακελευσαμενον
684 2367 772 2407 κοινῇ
795 2361 859 2403 μετ’
880 2362 978 2395 αυτών
1000 2364 1148 2405 ἐμπρῆσαι
1170 2363 1204 2395 τὰ
1229 2375 1331 2404 σκαφη
1353 2366 1561 2406 βαρυνομένην
1583 2369 1620 2406 τῇ
1642 2364 1749 2408 πλανῃ.
1790 2362 1924 2393 Lembum
1949 2360 2039 2389 Hera-

97 2406 218 2444 elidem,
241 2405 276 2437 τὰ
300 2406 375 2439 καθ’
393 2408 519 2449 ἑκάστην
541 2407 669 2450 (χωραν)
691 2407 861 2447 πραχθέντα
884 2410 1075 2448 συναγαγεῖν,
1103 2413 1260 2446 cognoscet
1282 2408 1333 2446 qui
1355 2409 1478 2447 propius
1501 2419 1533 2438 ea
1557 2409 1660 2446 verba,
1685 2419 1759 2447 quae
1782 2416 1818 2435 ex
1840 2413 1874 2432 eo
1898 2402 2039 2441 producit

146 2457 313 2486 GRAMMAT.
334 2470 400 2489 ιΑτ
425 2460 458 2489 11.
1536 2461 1565 2494 L
1581 2462 1590 2493 l
1605 2462 1616 2492 l
1633 2462 1643 2493 l
