2263 2668
239 190 319 226 446
674 179 1019 217 COMMENTARII
1043 179 1092 213 ΙΝ
1116 180 1259 215 PAULI
1284 182 1480 217 DtACONI
1505 182 1758 217 EXCERPTA

241 285 361 316 navium
384 280 617 312 firmamentum,
649 273 740 314 ἕρμα,
769 283 874 312 nempe
898 281 1002 308 arena,
1025 271 1088 301 sive
1111 272 1196 303 etiam
1217 273 1332 313 lapides
1355 279 1384 303 et
1406 274 1480 312 alia,
1504 283 1579 313 quau
1602 274 1640 303 ad
1663 278 1773 303 certam
1797 285 1891 314 usque
1915 287 2076 309 mensuram
2100 282 2182 310 navi-

240 329 298 357 bus
321 326 530 364 imponuntur,
552 329 588 347 ne
611 317 764 346 instabiles
786 317 853 345 sint.
896 313 1041 353 hesych:
1062 312 1162 355 ’Έρμα
1185 315 1217 347 τὸ
1240 319 1297 347 νῦν
1319 320 1396 347 ναῦν
1419 317 1540 357 ἔρεισμα
1563 318 1700 357 στερίζον.
1746 316 1853 347 Idem.

404 370 513 401 Here.
559 369 616 398 Pro
639 367 706 397 heri.
745 367 841 395 Plaut.
866 366 947 404 Capt.
962 365 992 401 1,
1015 367 1043 396 2.
1067 363 1141 407 (2.):

815 415 950 447 Advorte
972 417 1100 445 animum
1123 417 1163 446 sis
1184 426 1229 454 iu,
1264 418 1333 447 istos
1356 417 1488 457 captivos
1510 416 1583 447 duos

813 458 894 489 Here
915 470 987 499 quos
1010 459 1066 488 emi
1088 457 1122 488 de
1141 459 1251 500 praeda
1274 459 1309 488 de
1330 458 1540 500 quaestoribus,

816 501 876 531 His
899 500 994 531 indito
1018 509 1136 531 catenas
1157 501 1345 542 singularias.

241 563 264 589 Α
285 561 397 587 Graeco
419 556 506 595 χθεσὶ
528 554 636 583 extrito
658 557 682 584 θ
703 559 732 583 et
753 566 770 593 χ
792 564 877 582 verso
900 553 930 581 iu
954 552 973 581 Ιι
997 553 1108 581 sactum
1130 552 1206 590 hesi,
1246 563 1312 581 nam
1341 553 1382 582 ita
1412 559 1524 582 veteres
1550 552 1704 590 dicebant,
1741 559 1845 591 postea
1868 553 1942 591 heri,
1981 554 2054 583 here.
2094 554 2180 586 Dae.

239 604 344 632 Forma
367 599 517 627 Sanscrita
541 602 584 625 est
606 596 688 637 hjas,
719 596 814 632 unde,
845 600 958 624 mutato
979 606 994 624 s
1013 595 1044 623 in
1067 607 1081 623 r
1102 600 1131 624 et
1152 594 1267 624 adiecto
1291 596 1302 624 i
1322 594 1574 633 demonstrativo,
1599 596 1711 624 factum
1734 595 1825 632 ἦίανί,
1849 597 1929 635 quod
1951 596 2040 625 hodie
2064 607 2182 636 quoque

239 644 318 684 apud
340 640 430 671 Italos
453 642 539 669 sonat
562 637 641 668 Ῐιίενί.
687 637 765 667 Illud
790 643 885 667 autem
909 638 920 665 i
942 635 1028 666 finale
1050 645 1136 677 saepe
1158 638 1262 667 transit
1284 637 1314 666 in
1337 649 1366 674 e,
1405 642 1438 667 ut
1457 639 1584 678 peregri,
1618 649 1752 678 peregre;
1788 639 1866 667 unde
1887 638 1948 668 heri
1970 643 1998 668 et
2019 638 2092 669 here.
2137 640 2182 669 Ab

239 688 304 716 hias
327 689 370 714 est
392 682 554 719 hesternus,
584 682 614 709 in
638 692 696 720 qua
718 681 814 710 forma
836 692 850 709 s
872 680 959 709 redit.

403 724 526 754 Helia.
579 722 698 753 Veteres
726 723 855 762 glossae:
900 721 989 757 Εοία,
1025 722 1147 760 φλοκτὶς
1177 719 1291 762 ἀρτίου.
1344 721 1383 751 At
1414 720 1504 751 Hirta
1534 721 1619 751 aliter
1648 722 1898 762 interpretantur:
1943 723 2049 761 Hirta,
2087 723 2182 753 Hieta

238 769 311 810 ὗμὲν
342 770 445 808 ῥοιᾶς,
487 765 644 804 videlicet,
682 766 763 805 quod
793 766 930 805 superius
962 761 1078 794 Giccum
1108 765 1168 793 dici
1198 770 1367 793 annotatum
1398 769 1457 801 est,
1494 769 1522 793 et
1552 765 1656 794 Hirtus
1687 764 1775 803 φωνὴ
1808 764 1910 801 κυνός.
1959 766 2042 795 Unde
2072 766 2182 795 factum

238 812 338 843 Hirtio
367 806 491 850 ἰχνεύω,
529 810 685 848 proprium
714 819 820 838 canum
851 805 973 845 vestigia
1001 806 1204 845 indagantium
1228 817 1295 836 cum
1318 807 1417 846 aliqua
1440 807 1523 836 vocis
1545 807 1715 837 nictatione.
1739 807 1840 839 Scal.
1882 807 2028 837 scribitur
2050 812 2079 837 et
2100 808 2183 839 hesta

238 856 274 885 ab
290 855 354 893 ἕψω
371 864 473 893 coquo.
506 851 569 880 Imo
593 852 692 891 potius
715 853 751 881 ab
774 850 839 880 hio.-
862 851 893 879 in
918 848 1000 889 panis
1024 849 1099 878 enim
1122 851 1237 888 pusulis
1261 849 1386 888 exiguus
1408 847 1508 878 hiatus
1531 851 1680 888 cernitur3
1705 861 1776 879 cave
1799 856 1897 880 tamen
1919 851 1998 880 hetia
2019 860 2085 880 cum
2108 850 2183 879 hina

237 896 420 932 confundas3
443 894 517 923 hirta
539 895 616 923 enim
639 895 685 923 vel
709 894 788 923 hicia
810 898 853 921 est
874 889 947 931 ὖμὲν
970 892 1062 931 ῥὀιᾶς.
1097 892 1184 921 Aliud
1208 898 1251 921 est
1273 897 1300 921 et
1316 892 1413 921 hirtus.
1446 893 1536 921 Recte
1559 898 1654 922 autem
1671 893 1773 922 Festus
1796 894 1880 934 quasi
1901 893 1990 922 hiera.
2023 893 2096 922 Nam
2112 893 2182 922 inde

239 945 352 969 veteres
374 937 485 966 hictare
506 937 653 966 dicebaut.
685 937 757 965 Vide
782 936 914 964 Diomed.
938 935 1020 964 lib.1.
1044 935 1086 974 (p.
1099 937 1169 967 334.
1193 938 1265 967 336.
1290 933 1434 974 Putsch.).
1459 934 1546 965 Dae.
1579 934 1730 965 Pusulam.
1754 936 1915 967 Pustulam.
1941 934 2042 965 Goth.
2076 934 2182 964 Heliae

233 982 349 1023 facere,
373 980 497 1015 dicitur,
522 984 556 1007 ut
568 980 666 1020 flocci
678 978 792 1019 facere.

401 1028 520 1059 Heres
540 1041 607 1069 pro
631 1028 790 1059 domino.
836 1028 946 1056 Gloss.:
978 1025 1071 1056 Heres
1092 1025 1213 1067 κύριος,
1244 1026 1445 1068 κληρονόμος,
1476 1026 1624 1066 dominus,
1651 1039 1808 1068 possessor.
1852 1029 1946 1058 Plaut.
1969 1028 2118 1058 Menaech.
2131 1027 2180 1064 111,

236 1078 266 1107 2.
291 1074 370 1111 (ss.)
768 1111 897 1150 Prandi,
924 1113 1043 1152 potavi,
1072 1120 1198 1142 scorium
1221 1113 1362 1151 accubui,
1388 1110 1498 1142 abstuli

769 1155 875 1192 Hanc,
898 1156 1002 1195 quoius
1023 1155 1102 1184 heres
1125 1167 1274 1196 nunquam
1297 1157 1350 1185 erit
1370 1163 1438 1196 post
1460 1155 1537 1185 hunc
1560 1153 1645 1185 diem.

235 1207 308 1238 Inde
330 1207 482 1237 Iustinian.
506 1207 530 1246 ᾗ.
552 1207 605 1237 ult.
629 1207 664 1236 de
686 1206 787 1236 hered.
811 1206 914 1245 qualit,
938 1211 965 1234 et
988 1205 1067 1236 diff:
1098 1205 1155 1235 Pro
1178 1205 1293 1244 herede,
1316 1206 1429 1246 inquit,
1450 1218 1546 1246 gerere
1568 1213 1609 1236 est
1629 1217 1683 1246 pro
1707 1205 1826 1235 domino
1846 1216 1958 1245 gerere,
1981 1213 2085 1235 veteres
2107 1206 2182 1235 enim

237 1248 374 1281 haeredes
394 1261 449 1289 pro
473 1247 601 1278 dominis
623 1247 822 1289 appellabam.
865 1247 1007 1278 Nimirum
1031 1248 1066 1277 ab
1089 1248 1172 1277 herus
1193 1255 1309 1278 veteres
1331 1250 1428 1279 fecere
1451 1248 1543 1286 heres,
1577 1258 1673 1287 neque
1696 1249 1792 1277 obstat
1814 1248 1944 1288 syllabae
1966 1249 2075 1288 prioris
2094 1249 2180 1285 ratio,

237 1304 313 1333 quae
335 1294 367 1322 in
389 1292 468 1321 heres
490 1292 637 1331 producta
661 1293 692 1320 in
714 1291 798 1320 herus
829 1292 996 1330 corripitur.
1040 1290 1122 1320 Idem
1151 1292 1227 1320 enim
1257 1301 1342 1331 saepe
1371 1291 1441 1321 alias
1469 1291 1510 1320 fit.
1552 1291 1661 1319 Tamen
1683 1291 1741 1320 viri
1764 1291 1845 1320 docti
1866 1291 1951 1320 heres
1974 1291 2125 1320 deducunt
2146 1291 2181 1320 ab

236 1336 370 1365 Hebraeo
393 1334 521 1371 iaresch,
545 1332 694 1363 haeredem
717 1345 792 1371 esse,
817 1332 979 1374 possidere,
1011 1334 1091 1372 quod
1114 1343 1174 1362 non
1198 1335 1326 1363 alienum
1350 1339 1409 1371 est,
1432 1334 1604 1373 praesertim
1627 1333 1651 1361 si
1673 1333 1786 1370 haeres,
1814 1334 1876 1363 sive
1898 1333 1994 1363 kaires
2014 1343 2068 1373 per
2091 1332 2182 1373 diph-

235 1378 378 1417 thongum
403 1377 473 1405 olim
496 1376 639 1416 scriptum
662 1376 727 1407 suit.
759 1375 847 1406 Dac.
891 1374 984 1404 Hsfres
1008 1380 1036 1404 et
1058 1375 1143 1405 herus
1166 1377 1296 1405 eiusdem
1318 1376 1400 1405 haud
1423 1376 1512 1405 dubie
1535 1376 1675 1413 originis,
1710 1376 1806 1404 vocali
1829 1376 1978 1404 demutata
2002 1381 2031 1405 et
2052 1376 2181 1405 flexione

235 1422 400 1459 variegata,
438 1419 585 1448 diversam
611 1420 715 1459 paullo
743 1418 907 1448 induerunt
937 1418 1095 1448 notionem.
1141 1417 1184 1447 Ad
1214 1419 1340 1448 eundem
1371 1419 1483 1447 sontem
1511 1418 1662 1457 pertinent
1685 1418 1798 1447 Graeca
1824 1418 1941 1447 nomina
1956 1416 2052 1457 ‘'Haa,
2089 1416 2180 1458 ἥρως,

231 1460 379 1505 Ἡρακλῆς
401 1461 465 1492 alia.

400 1501 611 1534 Heredium.
656 1500 748 1531 Varro
771 1502 821 1531 lib.
835 1502 858 1534 Ι.
882 1502 918 1532 de
939 1512 972 1532 re
995 1507 1069 1533 rust.
1093 1513 1157 1542 cap.
1172 1505 1220 1534 10.
1259 1502 1404 1541 Antiquus
1427 1507 1530 1531 noster
1552 1507 1620 1530 ante
1643 1499 1750 1531 bellum
1773 1500 1918 1530 Punicum
1941 1502 2089 1541 pendebat
2110 1502 2180 1531 bina

236 1550 352 1587 iugera,
388 1545 469 1585 quod
493 1557 508 1574 a
531 1544 658 1574 Romulo
682 1544 810 1583 primum
833 1545 929 1574 divisa
953 1546 1129 1575 dicebantur
1152 1543 1282 1582 viritim,
1313 1554 1406 1583 quae,
1437 1545 1518 1583 quod
1540 1544 1679 1573 heredem
1703 1547 1914 1582 sequerentur,
1948 1544 2102 1575 heredium
2125 1556 2180 1585 ap-

235 1590 393 1631 pellarunt.
421 1587 508 1618 Ant.
529 1587 622 1627 Aug.
661 1586 779 1617 cornel.
803 1586 876 1626 Nep.
899 1588 928 1615 in
952 1588 1056 1617 Porcio
1080 1588 1143 1616 Cat.
1167 1586 1234 1626 (1..)
1272 1586 1413 1616 versatus
1437 1591 1481 1615 est
1502 1586 1532 1615 in
1555 1586 1688 1623 Sabinis,
1718 1586 1797 1624 quod
1819 1586 1861 1615 ibi
1882 1586 2037 1616 heredium
2060 1599 2076 1616 a
2097 1593 2181 1627 patre

235 1634 374 1663 relictum
395 1629 531 1660 habebat.
557 1630 610 1658 Da
621 1641 645 1658 c.
681 1629 755 1659 Vide
778 1627 906 1658 Nonium
934 1629 1083 1668 (pag.61.
1108 1628 1214 1666 Mero.)
1245 1629 1275 1658 in
1300 1627 1431 1658 Heredii.
1457 1627 1562 1658 Goth.
1609 1629 1649 1657 {bi
1672 1637 1753 1657 nunc
1776 1628 1899 1667 legitur:
1935 1628 2084 1660 heredioli.
2124 1630 2181 1659 sed

237 1674 377 1705 Varronis
399 1672 482 1711 loco,
506 1673 557 1712 qui
581 1683 595 1700 a
620 1671 714 1700 Nonio
738 1672 904 1709 excitatur,
926 1678 1008 1702 recte
1030 1670 1175 1701 heredium
1197 1671 1319 1710 legitur,
1342 1671 1430 1700 etiam
1453 1671 1532 1710 apud
1555 1670 1692 1700 Nonium.

400 1714 552 1744 Hecate.
595 1715 666 1743 Eam
689 1715 720 1742 in
743 1714 826 1743 coelo
850 1714 976 1752 Lunam,
1014 1713 1046 1744 in
1068 1718 1148 1743 terra
1173 1713 1310 1750 Dianam,
1347 1713 1379 1742 in
1404 1713 1505 1743 inferis
1530 1713 1736 1752 Proserpinam
1761 1711 1850 1741 fuisse
1871 1716 1976 1752 poetae
1999 1713 2180 1744 fabulantur.

241 1759 322 1788 Unde
345 1764 373 1788 et
387 1758 553 1797 .1ergemina
576 1757 665 1785 dicta.
711 1756 768 1785 Alii
790 1762 888 1785 tamen
911 1757 1040 1787 diversas
1062 1756 1184 1785 faciunt.
1228 1757 1315 1786 Dac.

401 1798 527 1829 Helus.
574 1800 662 1837 Lege:
687 1797 782 1828 Helas
801 1804 828 1828 et
845 1797 963 1828 Helesa.
987 1798 1086 1829 Scal.
1121 1797 1231 1828 Helesa
1255 1803 1352 1827 autem
1377 1809 1430 1837 pro
1453 1797 1568 1835 bolesa,
1592 1796 1671 1836 quod
1694 1806 1749 1836 pro
1772 1795 1887 1834 holera,
1912 1803 1944 1827 ut
1961 1796 2090 1836 Valesii,
2116 1796 2183 1827 Va-

241 1841 320 1879 lerii,
350 1842 429 1878 dasi,
462 1841 535 1871 dari.
562 1841 651 1872 Dae.
694 1839 825 1880 Hdum,
856 1852 916 1870 non
939 1841 1049 1879 helem,
1080 1841 1246 1880 legendum.
1292 1841 1340 1870 Sic
1362 1841 1391 1870 in
1416 1841 1518 1870 tabula
1541 1840 1684 1869 Bantiana
1704 1838 1849 1878 sacurem
1872 1850 1939 1869 osce
1963 1849 2017 1879 pro
2031 1839 2180 1883 secer1'm3

241 1881 353 1922 facum,
380 1893 446 1913 osce
470 1894 523 1923 pro
537 1883 657 1925 facusit
679 1882 698 1915 i.
721 1894 745 1913 e.
758 1883 885 1926 fecerit‚·
916 1883 1015 1913 benusi
1037 1895 1092 1924 pro
1116 1885 1240 1920 venusii,
1270 1883 1288 1912 i.
1308 1894 1331 1913 e.
1355 1884 1470 1913 venerit.
1516 1883 1552 1912 Ut
1575 1892 1633 1911 non
1657 1881 1780 1911 dubium
1803 1881 1857 1918 sit,
1879 1881 1980 1912 helusa
2003 1893 2058 1922 pro
2081 1881 2182 1912 holera

245 1926 264 1953 i.
289 1935 311 1952 e.
333 1925 410 1954 olera
433 1925 541 1955 dixisse
563 1931 686 1957 veteres.

405 1967 534 1997 Herem
557 1968 757 1999 Maricam.
804 1967 930 2005 Vereor,
969 1979 1004 1997 ne
1025 1969 1148 1997 Verrius
1171 1968 1199 1996 in
1225 1972 1395 2007 corruptam
1420 1967 1597 2006 scripturam
1620 1967 1793 2003 offenderit,
1827 1971 1859 1994 ut
1882 1965 1974 1995 herem
1997 1976 2052 2006 pro
2075 1967 2182 1996 Nerie-

247 2016 313 2035 nem
335 2007 444 2044 legerit.
480 2012 552 2038 Nam
575 2010 678 2039 Nerien
702 2021 759 2039 uua
782 2021 817 2039 ex
841 2011 995 2040 comitibus
1019 2011 1136 2048 Martis,
1163 2021 1342 2049 quamquam
1366 2009 1440 2039 nihil
1463 2009 1588 2040 affirmo.
1630 2011 1767 2039 Celerum
1792 2007 1883 2038 herem
1907 2019 1961 2048 pro
1983 2006 2112 2039 heredem
2134 2009 2181 2039 di-

247 2048 360 2077 cebant.
404 2051 508 2079 Accius
531 2053 732 2082 Didascalicon
754 2053 803 2083 lib.
816 2053 852 2081 I.:

773 2110 812 2117 —·
859 2110 895 2117 -—-
940 2093 1153 2135 sapientiaeque
1175 2095 1299 2124 invictae
1317 2095 1417 2134 gratia

773 2137 875 2177 Atque
896 2136 1015 2167 honoris
1035 2145 1139 2176 patera
1160 2148 1233 2165 erem
1257 2137 1397 2166 mactavit
1419 2147 1515 2165 aurea.

248 2174 291 2202 Ita
314 2173 389 2202 enim
413 2173 473 2201 sine
496 2175 685 2214 aspiratione,
708 2184 740 2208 ut
762 2180 841 2219 apud
863 2180 1000 2208 Plautum
1023 2179 1217 2208 Menaechmis
1242 2179 1310 2219 (111,
1335 2183 1369 2215 2,
1393 2179 1473 2216 28.);

778 2221 860 2261 Quor
882 2232 970 2250 ausus
982 2221 1106 2262 facere,
1135 2223 1204 2262 quoi
1225 2232 1292 2261 ego,
1323 2232 1381 2261 qua
1405 2228 1451 2256 tu,
1481 2232 1539 2249 eres
1560 2231 1649 2249 eram.

249 2257 322 2304 me}
345 2258 419 2304 {nale
441 2262 554 2284 veteres
576 2262 635 2286 tam
657 2262 772 2299 excusi,
805 2274 892 2302 quam
915 2264 1019 2303 scripti
1042 2264 1193 2293 habebant
1215 2275 1288 2294 eras.
1312 2262 1409 2293 Scal.
1454 2263 1519 2291 Non
1542 2261 1700 2291 verisimile
1722 2266 1780 2297 est,
1815 2261 1895 2299 quod
1918 2261 1959 2291 ait
1981 2261 2074 2299 Scal.,
2104 2262 2177 2291 Ver-

250 2309 327 2328 rium
348 2309 379 2327 m
403 2303 573 2337 corruptam
596 2302 771 2339 scripturam
794 2306 949 2342 incidisse,
985 2307 1027 2335 ita
1050 2311 1082 2335 ut
1104 2306 1196 2336 herem
1220 2317 1276 2345 pro
1298 2305 1448 2335 Nerienem
1471 2306 1583 2344 legerit.
1625 2305 1699 2333 Nam
1721 2309 1750 2332 et
1772 2303 1877 2332 Nerieu
1898 2314 1959 2333 non
1981 2313 2093 2340 comes,
2126 2303 2179 2332 sed

250 2351 328 2389 uxor
349 2341 461 2388 Martis.
505 2341 562 2370 Sed
584 2352 619 2370 eo
643 2348 753 2373 tantum
779 2356 889 2376 errasse
911 2349 1031 2377 videtur
1052 2349 1172 2384 Festus,
1195 2348 1277 2387 quod
1300 2349 1404 2377 Herem
1428 2348 1528 2377 Martis
1551 2348 1690 2377 comitem
1713 2346 1804 2382 dixit,
1829 2356 1905 2385 quae
1926 2346 2057 2376 Nerienie
2077 2346 2178 2383 potius

251 2393 316 2413 eius
338 2393 441 2412 uxoris
463 2393 562 2413 comes
585 2385 656 2421 fuit,
690 2387 768 2415 unde
791 2393 820 2416 et
843 2399 904 2418 eam
926 2400 991 2418 cum
1015 2391 1140 2419 Neriene
1162 2391 1314 2429 coniungit
1335 2390 1462 2420 Ennius:

779 2443 820 2450 ⁶—
862 2446 903 2452 ·—·
945 2432 1094 2460 Nerienem
1117 2433 1227 2462 Martis
1248 2440 1274 2462 et
1297 2432 1414 2462 Herem.
