2263 2668
508 142 573 176 DE
599 138 989 176 SIGNIFICATIONE
1018 139 1301 176 VERBORUM.
1354 138 1500 173 LIBER
1525 137 1632 171 xvll.
1967 140 2041 175 7⁰7

267 234 396 265 sectio
425 242 457 264 et
485 242 658 264 sectores.
702 233 812 264 Ascon.
834 232 885 262 lib.
898 232 947 260 111.
972 232 1086 261 Verrin.
1110 232 1193 272 (pag.
1206 233 1256 265 84.
1281 233 1325 264 ed.
1349 231 1462 271 Lugd.)
1487 236 1629 260 sectorem
1659 229 1732 259 dicit
1754 231 1968 262 aestimatorem
1990 244 2042 263 re-

101 278 346 316 demptoremque
369 278 513 306 bonorum
538 277 668 306 damnati
689 281 776 313 atque
800 275 979 314 proscripti,
1011 276 1063 313 qui
1086 285 1164 314 spem
1188 280 1301 304 sectans
1324 276 1399 304 lucri
1423 276 1468 304 sui
1491 274 1566 302 bona
1590 273 1686 302 omnia
1709 273 1846 303 auctione
1867 275 1986 312 vendit,
2014 281 2044 306 et

101 321 193 349 semet
215 320 305 348 infert
328 321 483 358 pecuniam
507 321 552 348 vel
578 321 690 348 aerario
714 319 761 347 vel
784 318 879 346 sociis.
909 318 1004 345 Sectio
1030 323 1126 346 autem
1150 323 1193 346 est
1216 328 1249 346 ea
1267 318 1445 357 redemptio.
1476 317 1577 345 Cicero
1595 315 1722 354 Philipp.
1739 316 1775 344 11.
1792 318 1919 354 (c.26.):
1943 316 2044 346 Hasta.

100 363 196 401 posita
217 373 272 401 pro
295 361 366 390 aede
389 361 467 391 Iovis
492 363 636 398 Statoris,
675 360 751 389 hona
777 359 827 390 Cn.
848 359 980 398 Pompeii
1002 359 1112 399 Magni
1133 361 1199 389 voci
1224 360 1427 389 acerbissimae
1454 358 1582 388 subiecta
1609 359 1771 397 praeconis.
1818 357 1876 396 Qui
1903 358 1943 388 acl
1965 358 2043 389 illud

101 402 196 433 scelus
218 405 352 433 sectionis
376 404 493 433 auderet
515 403 667 440 accedere,
690 405 820 432 inventus
841 410 881 431 est
903 412 985 430 nemo
1005 410 1119 441 praeter
1140 402 1317 431 Antonium.
1349 404 1387 432 Et
1407 406 1524 441 postea:
1551 400 1621 430 Cum
1644 408 1738 429 sector
1758 401 1797 429 sis
1818 402 1874 429 isto
1897 400 1963 431 loco
1985 413 2043 430 na-

103 453 167 484 tus5
190 445 310 474 deinde:
335 458 399 475 cum
426 445 476 476 Cn.
498 445 632 485 Pompeii
650 453 758 481 sector,
782 456 840 474 non
860 452 887 473 te
908 443 1120 473 exsecrandum
1141 443 1251 484 populo
1272 444 1329 476 Ro.
1352 451 1406 474 etc.
1440 446 1485 473 Ex
1505 443 1552 472 his
1576 444 1657 472 vides
1679 443 1763 471 Pauli
1786 443 1932 482 epitomen
1955 444 2043 473 nimis

103 489 254 517 concisam
277 499 339 517 esse
361 489 391 516 in
414 488 520 517 horum
544 489 704 517 verborum
728 488 981 526 interpretatione.
1006 487 1093 517 Ant.
1117 488 1211 525 Aug.
1251 486 1357 516 Sectio.
1389 488 1454 527 lpsa
1478 487 1571 522 actio,
1595 495 1662 514 cum
1685 485 1799 514 scilicet
1821 486 1947 514 alicuius
1967 487 2044 515 bona

102 531 306 570 publicantur.
350 532 453 559 Cicero
478 531 603 570 Philipp.
620 531 656 559 II.
680 531 809 567 (c.26.):
839 528 1087 568 Exspectantibus
1108 529 1241 558 omnibus
1262 531 1396 569 quisnam
1420 537 1488 558 esset
1511 536 1570 557 tam
1592 528 1715 566 impius,
1747 534 1806 555 tam
1829 526 1958 565 clemens,
1982 536 2044 557 tam

103 572 162 602 diis
184 572 405 613 hominibusque
426 573 532 609 hostis,
569 574 620 613 qui
647 573 687 601 ad
717 571 794 601 illud
821 571 913 601 scelus
934 572 1070 600 sectionis
1092 570 1208 599 auderet
1231 571 1383 608 accedere,
1419 574 1550 600 inventus
1572 577 1612 599 est
1633 580 1714 598 nemo
1734 577 1850 608 praeter
1868 570 2044 608 Antonium,

101 617 270 654 praesertim
295 627 359 644 cum
383 623 425 643 tot
447 623 537 644 essent
560 616 640 643 circa
663 615 777 643 hastam
802 613 902 649 illam,
932 614 984 654 qui
1005 612 1066 642 alia
1090 615 1188 642 omnia
1210 613 1355 644 auderent.
1380 615 1469 643 Dae.
1515 613 1587 641 Vide
1609 613 1686 640 infra
1710 610 1850 641 Sectores.
1898 611 2001 644 Goth.

270 655 461 686 Secundae
483 669 545 686 res.
591 658 654 685 Hoc
677 662 721 686 est
744 667 913 696 prosperae.
944 657 1016 684 Nam
1039 655 1180 684 secundus
1203 666 1258 694 pro
1278 668 1415 695 prospero
1439 656 1548 685 dicitur
1571 666 1586 683 a
1609 655 1770 693 sequendo.
1801 653 1952 683 Secundus
1973 665 2044 683 vero

105 699 141 728 de
164 709 303 736 numero,
340 711 353 727 a
378 698 551 736 secundum,
586 701 666 738 quod
690 711 704 728 a
727 711 815 728 secus.
862 699 938 727 Haec
961 699 1017 727 suit
1039 698 1121 726 Pauli
1145 698 1191 726 vcl
1215 699 1291 726 Festi
1316 700 1468 729 sententia.
1515 698 1702 736 Quamquam
1724 701 1754 725 et
1776 702 1901 734 utraque
1924 697 2044 726 notione

103 740 246 770 secundus
269 752 283 769 a
308 743 459 779 sequendo
483 747 564 770 recte
587 742 753 770 deducitur.
797 741 884 770 Dac.

270 783 503 821 Sinciniam‚
542 786 756 813 cantionem
785 783 1017 812 solitariam.
1064 783 1156 820 Lego:
1187 784 1330 811 Sicinium
1354 784 1516 812 cantionem
1539 780 1713 810 solitariam.
1759 781 1871 809 Closs:
1902 779 2046 810 Sicinium

105 824 216 854 dicitur
237 827 323 865 quasi
344 825 503 865 singularis
525 825 688 855 cantilenae
708 837 785 861 voae,
808 825 840 854 id
862 832 902 854 est
925 836 989 854 cum
1011 836 1085 853 unus
1108 826 1204 861 canit,
1229 825 1308 865 quosl
1335 824 1455 854 Graecis
1476 825 1609 863 μονῳδία
1632 823 1754 860 ἆίοἰιιιι·;
1778 834 1865 863 quum
1887 833 1953 851 vero
1976 821 2044 859 cluo,

106 867 264 906 bicinium5
294 879 381 908 quum
405 868 505 905 multi,
536 868 649 898 chorus.
693 869 761 897 Fuit
785 869 854 896 olim
879 878 945 896 cum
968 868 1123 904 legendum
1147 873 1300 906 putarem:
1332 866 1496 896 Sicinnium
1519 867 1681 895 cantionem
1704 864 1907 900 saltatoriam,
1932 875 1969 893 ex
1990 865 2045 893 He-

105 909 188 948 sych.
212 917 240 939 et
264 911 431 947 Athenaeo,
457 911 507 950 qui
529 912 691 939 Sicinnium
714 912 947 949 interpretantur
969 910 1156 938 saltationem
1180 910 1351 949 satyricam.
1396 910 1478 938 Unde
1502 909 1576 937 Gell.
1599 908 1648 937 lib.
1664 909 1729 936 XX.
1752 909 1859 946 cap-3.
1900 907 1983 942 Quos
2005 907 2046 935 si—

104 953 226 981 ciuistas
248 953 353 990 vulgus
377 954 464 989 dicit,
502 955 552 993 qui
576 954 686 982 rectius
711 954 803 982 locuti
826 958 895 981 sunt
918 953 1091 982 sicinnistas
1113 953 1199 980 litera
1223 964 1240 981 n
1263 953 1377 990 gemina
1401 951 1553 982 dixerunt.
1598 951 1757 978 Sicinnium
1782 949 1857 979 enim
1880 958 1970 986 genus
1992 959 2048 979 ve·

104 995 175 1023 teris
203 996 368 1024 saltationis
400 997 464 1025 tuit.
506 997 680 1026 Saltabundi
710 1002 806 1025 autem
836 996 997 1031 cauebant,
1034 1005 1109 1033 quae
1139 1005 1216 1023 nunc
1242 1001 1351 1023 stantes
1374 999 1494 1022 canunt.
1538 993 1593 1022 Sed
1618 1003 1697 1021 nunc
1721 991 1891 1021 sententiam
1916 991 2046 1021 demuto.

105 1037 265 1075 Sicinium,
295 1044 328 1067 ut
351 1040 461 1078 optime
483 1040 589 1070 Meurs.
613 1040 643 1068 in
666 1039 786 1069 exercit.
811 1038 881 1067 (Ji-it.
903 1039 980 1066 Part.
996 1038 1030 1066 ll.
1054 1048 1117 1076 cap.
1131 1039 1178 1074 5.,
1208 1043 1249 1066 est
1279 1038 1376 1066 cantio
1399 1037 1461 1065 sine
1484 1041 1587 1072 cantu,
1617 1046 1683 1064 cum
1706 1035 1779 1064 fides
1801 1039 1915 1063 tantum
1938 1038 2048 1063 canunt

106 1081 169 1110 sine
192 1091 276 1110 voce.
314 1081 413 1110 Assae
435 1081 531 1112 tibiae.
571 1083 623 1110 Cui
647 1082 829 1110 contrarium
853 1081 935 1110 Assa
957 1092 1028 1110 vom.
1073 1080 1160 1108 Dae.

271 1122 453 1153 Sectores.
497 1125 600 1163 Neque
622 1124 695 1153 haec
712 1127 782 1153 satis
798 1124 966 1160 declarant,
991 1123 1061 1161 quid
1079 1124 1116 1150 sit
1130 1129 1238 1157 sector,
1262 1132 1357 1160 neque
1375 1126 1480 1150 auctor
1498 1120 1654 1149 Glossarii:
1679 1119 1781 1148 Sector
1799 1116 1919 1159 βιώνης.
1949 1116 2048 1148 Scal.

107 1164 240 1194 Srctores
263 1176 278 1193 a
303 1168 454 1204 sequendo
476 1167 498 1195 ii
522 1172 604 1202 suut,
630 1167 696 1205 qui,
722 1172 754 1195 ut
777 1166 893 1195 Asconii
916 1166 993 1204 (pag.
1007 1165 1056 1196 84.
1076 1166 1121 1194 ed.
1140 1164 1245 1203 Lugd.)
1266 1165 1365 1193 veihis
1389 1169 1471 1199 utar,
1495 1164 1545 1201 qui
1569 1174 1648 1201 spem
1672 1162 1749 1190 tucri
1770 1162 1817 1190 sui
1839 1161 1947 1196 secuti,
1971 1160 2048 1189 bona

107 1207 370 1236 condemnatorum
395 1210 483 1238 semel
507 1209 772 1246 auctionabantur,
810 1218 923 1248 proque
947 1208 992 1235 his
1017 1208 1156 1246 pecunias
1180 1207 1367 1245 pensitabant
1389 1206 1528 1244 singulis,
1563 1206 1592 1234 in
1615 1210 1768 1244 posterum
1791 1214 1846 1242 pro
1870 1203 2048 1241 compendio

106 1260 161 1278 suo
189 1251 303 1288 singula
333 1262 465 1290 quaeque
493 1254 619 1290 pecunia
649 1252 758 1290 populo
786 1251 946 1279 vendituri.
991 1250 1121 1279 Sectores
1149 1260 1219 1278 vero
1244 1261 1258 1277 a
1282 1250 1408 1277 secando
1439 1249 1596 1283 dicuntur,
1631 1247 1682 1286 qui
1712 1246 1824 1284 aliquid
1850 1249 1958 1276 secant.
2003 1244 2048 1274 Ad

107 1297 264 1331 utramque
287 1295 526 1331 significationem
550 1295 651 1322 allusit
675 1295 779 1322 Cicero
803 1294 867 1332 (pr.
892 1294 977 1321 Rosc.
1002 1293 1065 1322 Am.
1083 1291 1151 1331 29.)
1179 1291 1310 1320 Sectores
1339 1290 1482 1321 collorum
1505 1302 1542 1320 ac
1565 1289 1718 1325 bonorum,
1757 1289 1808 1317 ubi
1831 1289 1906 1317 male
1929 1287 2048 1326 quidam

108 1335 195 1364 codd.
217 1335 328 1364 habent
349 1344 512 1366 sectatores.
558 1336 610 1365 Da
621 1348 645 1366 c.

273 1378 465 1416 Sicyonia.
511 1380 609 1407 Genus
640 1377 825 1406 calciamenti
850 1376 1012 1406 muliebris.
1058 1376 1162 1404 Cicero
1179 1376 1200 1405 1.
1225 1376 1260 1404 de
1284 1376 1366 1407 Orat.
1389 1376 1516 1412 (c.54.):
1555 1374 1593 1403 Ut
1615 1375 1642 1403 si
1663 1373 1735 1402 milti
1758 1371 1873 1402 calceos
1896 1370 2049 1412 Sicyonios

106 1417 267 1457 attulisses,
290 1431 347 1449 non
372 1428 477 1459 uterer,
501 1422 633 1461 quamvis
655 1427 744 1449 essent
765 1418 876 1448 habiles
899 1426 924 1447 et
945 1420 1007 1458 apii
1029 1417 1069 1447 ad
1088 1417 1211 1458 pedemJ
1239 1417 1289 1447 secl
1311 1430 1366 1447 non
1389 1416 1494 1447 viriles.
1538 1416 1669 1456 Hesych.
1691 1413 1853 1451 Σικυόνια,
1877 1412 2050 1452 ὖποὸἠματα

106 1465 269 1502 γυναικεῖα.
299 1464 437 1502 Sicyonia
463 1475 478 1492 a
502 1465 629 1502 Sicyone
651 1463 680 1491 in
707 1463 918 1501 Peloponneso.
950 1462 982 1489 lu
1006 1472 1094 1489 versu
1113 1461 1232 1489 Lucilii:
1257 1460 1400 1496 Honesta,
1423 1460 1453 1488 id
1477 1465 1522 1489 est
1544 1459 1680 1499 pulchra.
1711 1459 1758 1486 Sic
1782 1457 1850 1486 alibi
1874 1457 1950 1485 dixit
1972 1455 2050 1484 idem

106 1503 226 1544 plantas
249 1507 387 1534 convestit
410 1506 553 1535 honestas.
598 1507 634 1534 Et
657 1506 735 1543 Virg.
758 1512 859 1543 pectus
881 1503 1029 1532 honestum
1054 1504 1137 1542 (Aen.
1156 1503 1225 1538 ΧΗ,
1252 1503 1343 1542 155)
1386 1503 1477 1532 Dac.

273 1547 471 1576 Simultas.
516 1548 618 1576 Potius
642 1559 656 1576 a
679 1546 769 1576 simul
795 1546 945 1579 simultas,
983 1551 1018 1574 ut
1040 1544 1167 1585 afacul
1187 1545 1321 1575 facultas.
1366 1544 1463 1573 Simul
1484 1548 1580 1572 autem
1605 1554 1659 1582 pro
1681 1541 1789 1578 simile,
1826 1546 1859 1570 ut
1877 1539 1975 1583 facul
1994 1549 2050 1578 pro

108 1589 204 1618 facile.
249 1589 302 1617 Vel
327 1589 471 1618 Simultas
494 1601 548 1628 pro
571 1591 718 1625 similitas,
757 1588 836 1627 quod
861 1600 875 1616 a
899 1587 1093 1616 similitudine
1122 1587 1289 1615 studiorum
1318 1587 1453 1616 simultas
1482 1588 1602 1615 oriatur.
1646 1586 1720 1614 Voss
1752 1586 1793 1620 (in
1816 1585 1902 1622 Etym
1925 1582 1979 1611 sub
2001 1583 2050 1620 v.).

109 1631 197 1660 Dae.
229 1632 341 1660 Gloss:
364 1633 555 1663 αἰτιπελιτεία
575 1629 683 1671 ἐχθρά,
707 1629 861 1670 ἀπέχθεια.
887 1629 992 1659 Goth.
1024 1631 1115 1658 Recte
1138 1629 1332 1658 Doederlinus
1353 1631 1423 1667 Syn.
1446 1633 1474 1658 et
1496 1630 1593 1667 Etym.
1610 1629 1672 1657 Lat.
1689 1628 1738 1656 IlI.
1762 1636 1827 1666 pag.
1842 1629 1892 1657 71.
1907 1635 1989 1664 seqq.
2011 1625 2051 1653 si·

109 1673 218 1702 multas
241 1679 270 1702 ct
291 1673 422 1703 aemulus
444 1685 532 1703 voces
555 1674 708 1713 componit
730 1678 759 1702 et
782 1673 912 1702 eiusdem
936 1682 998 1700 esse
1021 1673 1139 1710 originis
1164 1673 1219 1709 ait,
1243 1682 1330 1710 quem
1353 1672 1390 1700 cs.

273 1716 401 1745 Semen
413 1717 518 1747 tivae.
565 1716 745 1745 Sementinae
758 1715 868 1756 firiae.
900 1716 1098 1752 concaptivae
1114 1719 1213 1751 erant,
1237 1725 1296 1743 non
1313 1719 1415 1742 statae.
1439 1713 1533 1742 Varro
1551 1713 1602 1741 lib.
1617 1712 1649 1741 V.
1667 1710 1729 1752 (Vt.
1746 1721 1811 1750 pag.
1825 1712 1896 1741 207.
1913 1708 1958 1738 ed.
1972 1706 2051 1747 Sp.)=

110 1756 293 1786 Sementinae
304 1758 407 1799 seriae
429 1758 490 1788 (lies
512 1761 551 1795 is,
582 1761 634 1799 qui
655 1770 673 1787 a
697 1757 890 1797 Pontficihus
914 1756 1025 1792 dictus,
1055 1756 1222 1796 appellatur
1241 1768 1260 1785 a
1282 1764 1416 1791 semente,
1443 1754 1523 1795 quod
1544 1755 1666 1784 sationis
1688 1765 1779 1783 causa
1799 1758 1957 1791 susceptae.
2002 1751 2053 1779 Die

109 1801 218 1829 XXIV.
239 1801 368 1829 Ianuarii
398 1802 633 1830 celebrabantur.
681 1802 715 1829 Et
746 1806 815 1828 tunc
846 1810 928 1828 sacra
957 1801 987 1827 iu
1018 1800 1087 1828 aede
1112 1799 1239 1828 'telluris
1261 1800 1372 1828 Telluri
1402 1798 1510 1826 fiebant
1541 1802 1568 1826 et
1592 1797 1699 1826 Cereri.
1745 1796 1819 1824 Vide
1843 1794 1931 1824 Ovid.
1952 1793 2003 1822 lib.
2017 1792 2051 1820 V.

111 1843 201 1882 (Fast.
221 1844 242 1877 1.
267 1844 351 1882 659.)
376 1850 403 1873 et
430 1845 522 1873 Varro
547 1846 582 1872 de
605 1854 636 1872 re
659 1848 731 1873 rust.
757 1843 805 1871 lib.
819 1843 840 1872 1.
865 1854 928 1881 cap.
941 1844 970 1873 2.
998 1841 1084 1871 Dac.
1121 1842 1249 1870 Macrob.
1267 1843 1289 1878 1,
1317 1845 1364 1873 16.
1413 1839 1519 1869 Goth.

275 1885 494 1925 Simpulum.
539 1887 677 1915 Glossae:
714 1884 894 1923 Simpulum,
929 1881 1057 1919 κύαθος.
1101 1885 1289 1923 Simpulones
1316 1884 1402 1919 hinc,
1439 1883 1489 1921 qui
1515 1891 1654 1920 sponsum
1679 1880 1816 1910 convivia
1839 1879 2053 1908 discurrentem

111 1929 300 1959 comitantur.
346 1929 471 1958 Succius
494 1930 654 1958 Piscatoria
679 1928 769 1966 (apud
793 1927 978 1965 Fulgentium
1003 1928 1152 1964 pag.566.
1176 1927 1221 1955 ed.
1246 1928 1362 1963 Me1·c.);
1442 1929 1444 1931 ’

710 1969 875 1999 Summam
897 1970 953 1998 viri
965 1968 1051 2010 facti
1072 1976 1137 1997 sunt
1160 1968 1336 2008 simpulones
1354 1969 1450 2008 ganei.

110 2014 242 2042 Isidorus
266 2014 295 2041 in
319 2014 448 2042 Glossis:
473 2011 672 2053 Simpulator,
696 2013 836 2041 conviva.-
857 2013 969 2041 amicus
990 2012 1090 2050 sponsi
1111 2010 1247 2040 assiduus
1269 2023 1334 2041 cum
1357 2022 1389 2040 eo
1411 2012 1442 2039 in
1465 2010 1606 2039 convivio.
1631 2005 1733 2037 Scal.
1766 2005 1860 2034 Varro
1883 2003 1933 2034 lib.
1944 2002 1995 2032 IV.
2017 2001 2053 2051 de

111 2057 141 2085 L.
160 2057 190 2084 L.
215 2054 263 2095 (V.
288 2066 352 2094 pag.
369 2059 439 2088 129.
464 2056 527 2095 Sp.)
551 2067 567 2084 a
589 2055 751 2091 sumendo,
780 2054 837 2083 hoc
861 2060 903 2083 est
927 2053 1073 2089 bibendo,
1103 2055 1271 2092 simpulum.
1316 2052 1381 2092 Quo
1404 2053 1501 2082 vinum
1525 2050 1653 2087 dabant,
1689 2047 1800 2086 inquit,
1835 2053 1866 2076 ut
1888 2046 2053 2075 minutatim

106 2097 283 2139 funderent,
309 2110 326 2126 a
348 2100 439 2137 guttis
458 2106 573 2137 guttum
595 2096 789 2137 appellarunt.
828 2096 865 2125 Et
888 2108 944 2137 quo
966 2095 1117 2124 sumebant
1139 2097 1304 2125 minutatim
1327 2107 1346 2124 a
1367 2093 1506 2124 sumendo
1529 2091 1683 2133 simpulum
1706 2090 1898 2119 nominavere.
1937 2086 1972 2115 In
1994 2085 2054 2114 lm-

110 2142 189 2171 iusca
211 2139 308 2169 locum
332 2142 361 2169 in
385 2141 525 2169 conviviis
549 2152 563 2169 e
588 2138 713 2169 Graecia
737 2141 874 2168 successit
897 2137 1050 2178 Epichysis
1073 2145 1098 2166 et
1121 2138 1252 2179 cyathus.
1297 2137 1333 2167 In
1362 2138 1517 2177 sacrficiis
1544 2135 1681 2164 remansit
1707 2139 1807 2172 guttun
1833 2139 1859 2160 et
1887 2126 2051 2168 simpulum.

111 2183 240 2219 Scaliger
264 2194 279 2211 a
302 2183 423 2221 Syriaco
451 2181 564 2222 sephel,
599 2181 706 2221 sempel
733 2181 889 2220 simpulum
919 2182 1029 2209 sactum
1054 2180 1135 2209 dicit.
1181 2181 1234 2210 Vel
1255 2181 1354 2220 potius
1379 2191 1393 2208 a
1419 2182 1534 2208 Graeco
1561 2178 1676 2216 σίφων,
1710 2185 1725 2203 a
1749 2185 1806 2212 quo
1829 2175 1941 2219 Sim-FP»
1976 2169 2053 2197 unde

111 2225 323 2254 diminutivum
346 2225 517 2264 simpulum.
550 2225 623 2253 Nam
647 2230 805 2262 utrumque
828 2224 972 2261 significat
996 2224 1147 2252 vasculum
1171 2234 1238 2253 cum
1260 2225 1342 2252 tenui
1365 2223 1462 2251 fistula
1485 2222 1530 2250 vel
1553 2224 1678 2257 angusto
1701 2217 1779 2248 collo
1803 2216 1840 2245 ad
1862 2211 2053 2259 pitissaudum

111 2268 232 2303 vinum,
255 2269 293 2296 ita
316 2273 430 2303 tamen⁷
453 2272 486 2295 ut
504 2268 598 2296 Latini
621 2277 675 2295 suo
698 2267 826 2304 simpulo
849 2267 885 2295 ad
908 2276 990 2295 sacra
1015 2270 1128 2294 tantum
1153 2271 1322 2303 uterentur,
1347 2265 1452 2294 Graeci
1474 2274 1545 2292 vero
1568 2265 1608 2304 τῷ
1631 2263 1744 2300 σι’φωνι
1766 2259 1802 2288 ”d
1824 2255 1999 2302 gusmfldum
2023 2262 2053 2282 ¹¹¹

111 2320 246 2349 caupona
271 2311 381 2339 vinum.
420 2311 518 2346 Quare
540 2315 569 2339 et
590 2310 715 2338 meraria
738 2313 766 2338 et
787 2311 981 2348 gustator-ium
1004 2308 1166 2338 dicebatur.
1191 2309 1244 2337 Da
1254 2320 1279 2338 c.
1320 2309 1393 2338 Vide
1414 2306 1535 2335 Tertull.
1560 2315 1624 2344 cap.
1640 2307 1687 2336 13.
1715 2302 1837 2342 Apolog.
1877 2298 1930 2344 Alii
1953 2297 2054 2350 legunt

112 2354 285 2393 sympi'nium
309 2363 346 2382 ex
370 2353 478 2381 Arnob.
493 2353 548 2389 Ill,
572 2355 601 2384 6.
641 2352 698 2380 Alii
714 2351 891 2392 Sympuuum
914 2361 953 2380 ex
976 2352 1128 2388 Iuvenale,
1155 2351 1233 2380 unde
1252 2350 1452 2391 Simpulones,
1477 2349 1526 2377 alii
1547 2347 1738 2386 simpuvium,
1762 2344 1797 2372 de
1821 2351 1879 2379 ‘1¹¹0
1903 2339 1972 2367 V¹de
1995 2339 2053 2366 Μ’

113 2396 196 2425 nium
219 2395 297 2435 (pag.
312 2396 382 2427 544.
408 2395 510 2434 Marc.)
532 2396 564 2423 in
585 2394 777 2434 Simpuvium.
825 2393 928 2424 Goth.

1469 2441 1657 2475 Uuuu*
