2263 2668
234 168 309 202 396
659 165 1003 200 COMMENTARII
1028 165 1077 199 IN
1103 165 1247 215 PAULI
1274 166 1468 201 DIACONI
1494 168 1747 203 EXCERPTA

399 257 554 288 cubans.
598 256 698 296 virgil.
721 257 803 294 (Aen.
822 257 891 294 VII,
914 255 997 296 88.):

801 307 931 338 Pellibus
954 306 1086 338 incubuit
1108 310 1207 338 stratis
1229 320 1400 350 somnosque
1419 311 1530 350 petivit.

234 359 334 391 Scal.
377 358 547 394 Interdum,
570 359 622 397 qui
646 370 661 388 a
687 360 769 389 Divis
791 370 934 399 responsa
957 360 1005 388 vel
1029 359 1085 388 alia
1107 360 1266 400 petebant,
1288 360 1319 388 in
1343 370 1447 390 eoum]
1469 361 1539 391 fano
1562 362 1672 392 cubare
1695 362 1783 391 soliti.
1821 360 1965 392 Incubare
1985 364 2061 395 dixit
2086 366 2176 396 Plaut.

234 402 398 439 CurcuLI,
423 404 457 438 1,
482 402 578 439 (61.):

804 443 844 473 Id
865 457 897 475 eo
910 446 968 486 fit,
991 444 1061 485 quia
1081 443 1130 474 lzic
1151 443 1216 475 Zeno
1240 452 1374 485 aegrotus
1396 445 1518 476 incubat

807 485 844 517 In
866 485 1032 527 Aesculapi
1044 486 1138 529 sano.

231 529 268 557 Et
289 528 332 565 II,
355 529 392 564 2,
416 526 508 567 (16.):

808 572 944 612 Namque
965 571 1104 601 incubare
1125 573 1217 602 satius
1240 580 1266 601 te
1279 572 1386 614 fuerat
1409 572 1482 603 Iovi.

231 620 266 649 Et
290 619 392 658 Virgil.
408 620 472 650 VII.
495 621 568 650 Aen.
592 621 657 659 (88.
681 621 700 652 Ι.
724 619 774 662 c.).
820 623 874 651 Ubi
898 622 1033 651 Servius:
1070 621 1214 652 Incubare
1242 622 1379 652 dicuntur
1401 624 1519 664 proprie
1540 623 1587 661 hi,
1623 624 1673 664 qui
1697 622 1845 653 dormiunt
1868 623 1910 653 ad
1931 624 2104 666 accipienda
2127 638 2177 655 re-

229 673 344 702 sponsa.
394 662 476 692 Unde
504 671 560 694 est.-
599 663 670 692 ille
698 663 857 693 incubat
886 664 984 702 Ioui,
1019 664 1052 694 id
1073 673 1113 694 est
1136 665 1243 695 dormit
1265 666 1295 693 in
1319 665 1479 706 Capitolio,
1517 674 1549 695 ut
1571 677 1707 706 responsa
1727 668 1820 706 possit
1841 667 1979 707 accipere.
2024 668 2125 707 Neque
2147 669 2178 698 in

229 706 346 744 templis
368 711 483 734 tantum
505 706 701 742 incubabant,
724 707 776 735 sed
799 712 828 735 et
849 709 879 736 in
902 707 1040 745 tumulis,
1063 712 1097 736 ut
1119 709 1156 737 de
1181 708 1292 746 Augilis
1315 708 1439 737 tradunt
1461 709 1537 737 Mela
1560 714 1589 738 et
1611 709 1789 738 Herodotus.
1831 709 1905 738 Vide
1928 709 2045 740 Manes.
2082 712 2177 741 Porro

229 748 395 777 notandum
417 748 536 777 Festum
560 750 730 788 auspicatur
752 749 863 779 dixisse
886 760 942 789 pro
966 749 1087 780 oracula
1110 750 1234 780 consulit
1257 755 1285 779 et
1307 753 1478 790 augurium,
1503 752 1611 788 satum,
1636 752 1798 782 oraculum.
1843 752 1932 782 Dae.

395 788 547 820 Concio.
591 792 616 820 A
640 792 732 820 verbo
758 793 893 829 concieo,
931 803 1075 822 convoco.
1118 793 1156 822 Et
1180 799 1222 821 est
1245 794 1331 822 ancio
1354 800 1517 823 conventus
1541 805 1555 822 a
1580 799 1716 832 praetore
1739 795 1787 823 vel
1809 794 1962 824 sacerdote
1984 800 2175 825 convocatus.

230 832 265 860 Et
289 832 398 861 frustra
422 838 463 861 est
487 833 581 863 Varro
607 833 661 873 (De
684 835 715 862 L.
737 835 769 863 L.
791 835 848 872 VI,
872 838 987 873 p.222.
1012 835 1090 875 Sp.),
1117 836 1167 874 qui
1193 836 1365 865 concionem
1389 838 1474 875 quasi
1497 837 1679 866 coactionem
1702 837 1761 865 dici
1783 842 1879 876 putat.
1917 836 1968 867 Sic
1990 848 2009 865 a
2031 836 2108 867 lacte
2128 849 2177 868 co—

228 882 313 911 acto,
335 874 447 914 inquit,
472 887 571 905 caseus
594 877 778 913 nominatus,
802 878 846 906 sic
868 889 908 906 ex
931 877 1093 907 hominibus
1117 879 1219 907 concio
1243 876 1331 908 dicta.
1376 879 1466 909 Dac.

396 917 603 957 Cogitatio.
648 919 727 948 Idem
751 919 845 948 Varro
868 920 920 950 lib.
939 920 971 949 V.
994 920 1044 956 (de
1068 922 1098 950 L.
1122 921 1152 949 L.
1175 921 1230 957 VI,
1253 931 1280 959 p.
1295 924 1368 953 222.
1392 921 1472 960 Sp.):
1506 921 1624 951 Primus
1646 922 1776 961 agitatus
1799 923 1916 959 mentis,
1948 920 2028 962 quod
2047 923 2176 961 primum

228 969 278 996 ea,
301 970 375 1000 quae
397 971 496 989 sumus
518 962 629 998 acturi,
656 962 785 1000 cogitare
808 961 950 994 debemus.
994 963 1030 992 Et
1053 963 1142 1002 paulo
1167 968 1249 1003 post:
1284 962 1420 1003 Cogitare
1442 975 1461 993 α
1484 962 1614 1004 cogendo
1637 963 1757 994 dictum.
1805 964 1857 993 Da
1867 976 1891 993 c.

395 1001 504 1033 Clam.
549 1004 624 1032 Vide
648 1003 749 1033 Calim.
794 1004 882 1035 Duc.

395 1043 510 1074 Cella.
555 1045 662 1076 Caella.
702 1047 813 1076 Gloss:
844 1046 998 1076 Cellarium
1022 1054 1047 1076 et
1071 1046 1329 1083 Cellaromarium,
1358 1052 1486 1085 ταμεῖον.
1525 1049 1613 1086 Lege:
1645 1047 1803 1078 Cellarium
1827 1056 1852 1077 et
1877 1047 1987 1086 Cellar,
2012 1047 2175 1080 Omarium.

228 1084 382 1115 Omarium
406 1093 433 1116 et
456 1088 627 1117 Aumarium
653 1089 817 1118 dicebatur.
861 1090 1017 1118 Petronius
1040 1090 1121 1128 apud
1145 1090 1348 1128 Fulgentium:
1384 1090 1419 1119 In
1442 1092 1607 1119 aumarium
1630 1098 1730 1119 memet
1753 1092 1846 1130 ipsum
1870 1092 1991 1122 conieci.
2016 1090 2112 1120 Scal.
2152 1094 2176 1119 A

227 1127 382 1158 caelando.
413 1129 520 1159 Melius
543 1142 595 1170 per
618 1131 741 1170 simplex
764 1143 778 1160 e
800 1130 875 1161 cella
897 1143 915 1161 a
938 1131 1069 1163 celando.
1095 1132 1182 1162 Dac.
1223 1133 1302 1161 Cella
1325 1133 1354 1161 in
1378 1134 1438 1164 [3.
1463 1138 1484 1169 §.
1498 1137 1528 1164 2.
1541 1133 1570 1163 ff.
1594 1133 1629 1162 de
1653 1133 1702 1162 off.
1725 1133 1818 1172 praef.
1841 1134 1921 1171 vigil.
1943 1134 2013 1162 inde
2034 1133 2177 1171 fugitivus

225 1170 257 1198 in
280 1170 383 1200 cellam
407 1182 436 1200 se
458 1175 608 1212 recepisse
631 1174 769 1203 scribitur
790 1174 821 1202 in
843 1175 863 1204 l.
879 1177 928 1206 17.
952 1177 975 1212 §.
993 1176 1040 1206 15.
1057 1175 1086 1204 ff.
1111 1175 1146 1203 de
1170 1175 1312 1206 aedilitio.
1357 1176 1430 1204 Inde
1461 1176 1535 1204 cella
1565 1176 1674 1204 olearia
1698 1181 1725 1204 et
1748 1176 1862 1205 vinaria
1886 1177 1904 1205 l.
1920 1179 1968 1208 10.
1991 1176 2022 1204 in
2045 1176 2065 1204 f.
2087 1175 2117 1204 ff.
2140 1176 2177 1204 de

228 1222 284 1241 usu
307 1218 336 1241 et
357 1213 481 1244 habitat.
505 1219 656 1255 penuaria.
681 1217 700 1246 1.
713 1219 744 1248 3.
769 1219 791 1254 §.
806 1219 835 1249 8.
850 1216 880 1247 ff.
904 1217 939 1245 de
963 1227 1051 1255 penu.
1093 1217 1170 1246 Hinc
1193 1216 1349 1256 κελλάριος
1371 1219 1474 1256 glossis
1499 1219 1678 1255 Penuarius,
1701 1216 1859 1259 κελλάριον
1882 1219 1979 1248 Penu:
2002 1216 2176 1258 κελλαρικόν

225 1256 396 1294 penarium:
426 1258 581 1296 cellarius,
612 1259 704 1288 cellae
727 1260 914 1298 praepositus
936 1260 955 1288 l.
969 1260 1062 1291 24.fl'.
1086 1259 1122 1288 de
1144 1261 1313 1289 manumiss.
1338 1266 1403 1290 test.
1425 1262 1510 1292 1.12.
1524 1261 1554 1289 ss'.
1578 1262 1613 1289 de
1635 1262 1781 1290 instructo
1804 1262 1887 1294 l.12.
1913 1261 1985 1290 Cod.
2009 1260 2044 1290 de
2067 1260 2175 1290 divers.

226 1297 275 1326 off.
299 1304 326 1327 et
350 1300 463 1328 cellarii
493 1302 576 1330 locus
602 1302 744 1330 cellandis
769 1302 857 1331 rebus
879 1302 898 1330 l.
913 1302 963 1333 41.
988 1303 1053 1339 §.L
1068 1302 1099 1332 ff.
1122 1302 1159 1332 de
1181 1304 1267 1341 legat.
1285 1306 1314 1334 3.
1361 1304 1549 1332 Cellariensis
1572 1304 1684 1343 species
1707 1304 1726 1333 l.
1748 1305 1849 1344 penul.
1873 1305 1945 1335 Cod.
1969 1303 2116 1334 Theodos.
2138 1303 2176 1332 de

226 1339 303 1370 offic.
328 1342 457 1371 omnium
480 1344 570 1373 indic.
591 1349 620 1373 et
643 1344 723 1384 apud
746 1345 853 1384 Sulpit.
875 1345 975 1373 Sever.
991 1345 1025 1374 11.
1050 1345 1161 1374 Histor.
1185 1356 1259 1374 sacr.
1306 1344 1412 1374 Goth.

391 1391 503 1426 Giere.
550 1395 674 1426 Vocare.
697 1395 778 1434 Virg.
803 1395 889 1434 (Aen.
906 1395 964 1433 VI,
989 1396 1089 1433 165.):

887 1463 929 1468 ——
973 1458 1029 1486 quo
1053 1457 1110 1476 non
1131 1447 1325 1485 praestantior
1346 1445 1420 1476 alter

804 1488 883 1518 Aere
905 1489 977 1518 ciere
997 1490 1076 1518 viros
1099 1489 1285 1530 lifartemque
1306 1488 1462 1519 accendere
1485 1496 1581 1518 cantu.

224 1527 296 1556 Item
321 1538 449 1559 movere.
494 1529 576 1559 Idem
599 1530 724 1568 (Aen.1‚
749 1530 852 1567 541.):

803 1571 889 1602 Bella
912 1573 994 1602 cient.

224 1610 277 1640 Da
287 1623 310 1641 c.

798 1710 913 1743 AD
1018 1710 1603 1744 LIBRUMIV.

385 1780 500 1810 Duco.
544 1782 567 1810 A
591 1784 673 1814 δοκῶ
694 1789 777 1822 puto.
809 1785 888 1823 Virg.
914 1785 984 1816 Aen.
1004 1786 1048 1821 X,
1073 1787 1228 1823 (v.668.):
1255 1804 1287 1807 —
1316 1787 1427 1814 tanton'
1451 1797 1495 1814 me
1518 1786 1638 1814 crimine
1661 1782 1779 1824 dignam
1801 1785 1935 1814 Duxisti.
1978 1784 2066 1814 Dae.

297 1863 302 1868 ι
384 1823 620 1892 Βαρῖἰοηενη.
665 1827 803 1865 Duplum.
828 1828 894 1866 Leg.
911 1828 979 1858 XII.
1004 1829 1080 1857 tab.:
1110 1827 1190 1857 Reus
1202 1828 1288 1870 furti
1311 1827 1448 1868 duplione
1471 1827 1607 1857 decidito.
1652 1828 1741 1856 Item:
1771 1827 1940 1856 Noxiamve
1961 1826 2100 1867 duplione
2122 1826 2171 1856 de-

227 1869 341 1892 cernzto.
421 1877 473 1895 ac.

388 1906 610 1939 Duicensus.
656 1912 856 1941 Glossarium:
879 1912 1059 1949 Duicensus,
1082 1915 1167 1952 ὄιταβ
1189 1911 1327 1952 δεύτερον
1350 1910 1620 1952 α’πογεγραμμένος.
1654 1913 1734 1941 Illud
1757 1913 1843 1951 διταβ
1867 1917 1909 1940 est
1933 1911 2030 1949 dinei,
2053 1910 2090 1953 β’,
2113 1912 2171 1941 hoc

228 1948 285 1977 est,
309 1945 402 1984 διττὰ,
425 1948 578 1991 δεύτερον,
602 1953 764 1992 dupliciter
788 1955 932 1984 iteratove
957 1966 1071 1984 census.
1096 1955 1198 1985 Scal.
1226 1957 1393 1984 Biscensus.
1418 1955 1491 1984 Vide
1509 1955 1583 1987 cluis.
1608 1956 1696 1984 Dac.
1727 1955 1760 1984 Id
1784 1959 1827 1983 est
1850 1954 1894 1982 bis
1918 1965 2041 1992 census3
2063 1956 2105 1984 sic
2126 1955 2170 1983 in-

229 1996 348 2020 census·
371 1991 419 2026 qui
444 2002 560 2022 censum
584 2006 645 2024 non
669 2001 712 2025 est
733 1997 886 2035 professus
910 1998 946 2026 de
971 2008 1030 2036 quo
1056 1998 1119 2026 disi
1143 1998 1179 2026 ad
1202 1999 1280 2036 leges
1297 1999 1362 2028 XII.
1379 1999 1484 2026 Tabul.
1512 1997 1618 2027 Gotlz.
1651 1996 1722 2027 Cum
1736 1996 1817 2037 filio.
1846 1997 1920 2026 Vide
1942 2008 2032 2036 supra
2054 1998 2170 2036 Impro-

228 2028 291 2057 bus.
333 2030 444 2059 Glossis
467 2035 602 2075 (δεύτερον
626 2036 897 2079 ἀπογεγραμμένος.
926 2039 1037 2070 Idem.
1081 2041 1107 2069 A
1129 2042 1277 2069 Sanscrita
1299 2051 1374 2069 voce
1397 2039 1461 2077 clvi,
1494 2051 1568 2079 quae
1592 2041 1692 2070 eadem
1715 2045 1814 2068 manet
1836 2040 1867 2068 in
1894 2040 2169 2079 compositionibus.

385 2072 489 2116 *Duim
532 2079 556 2106 A
580 2081 694 2110 Graeco
717 2083 776 2118 ὁὶς,
800 2081 882 2119 dues,
905 2083 973 2111 inde
997 2083 1049 2112 bis.
1082 2084 1116 2111 Et
1138 2083 1187 2112 hic
1210 2094 1266 2123 pro
1290 2082 1336 2112 dis
1358 2083 1514 2121 legendum
1538 2082 1595 2121 bis‚·
1618 2082 1683 2112 duis
1704 2088 1801 2112 autem
1824 2092 1879 2121 pro
1903 2081 2016 2112 dederis
2038 2094 2053 2111 a
2078 2083 2167 2112 verbo

229 2110 320 2142 duwe·
356 2113 429 2141 Vlde
452 2115 567 2163 addices.
591 2122 677 2153 Dac.
712 2123 769 2153 Pro
794 2123 847 2156 dis.
887 2125 941 2154 Pro
964 2125 1016 2154 bis.
1064 2124 1168 2154 Goth.

228 2194 248 2224 ἆ
273 2197 279 2203 ·
319 2195 338 2224 d
358 2155 566 2225 ιϊΒιιιᾱιειιε.
609 2164 682 2193 Vide
704 2167 823 2196 Bidens.
846 2167 936 2197 Duc.
971 2166 1090 2198 Bidens.
1115 2168 1148 2196 V.
1173 2179 1195 2198 s.
1219 2168 1336 2197 Bidens.
1364 2166 1467 2197 Goth..
1502 2167 1566 2196 Hoc
1587 2167 1676 2207 plane
1699 2172 1743 2196 est
1765 2168 1948 2197 Sanscritum
1971 2166 2111 2205 fluidam,
2137 2172 2167 2196 ut

249 2208 315 2236 uzpa
379 2208 450 2236 ipes.

390 2239 572 2272 Duellum.
616 2246 654 2274 Ut
677 2259 692 2274 a
715 2248 841 2280 duonum
863 2252 992 2287 bonum,
1017 2253 1059 2281 sic
1082 2263 1096 2280 a
1121 2251 1248 2282 duellum
1272 2252 1391 2281 bellum.
1433 2252 1527 2280 Varro
1542 2251 1593 2281 VI.
1618 2251 1656 2280 de
1678 2252 1709 2281 L.
1730 2252 1762 2285 L,
1785 2249 1870 2290 (VII,
1893 2253 1966 2284 335.
1990 2251 2069 2292 Sp.);
2093 2251 2164 2280 Per·-

227 2277 336 2309 ἆῑιθῃω
355 2289 421 2310 Sunt
442 2282 551 2320 Ῐῑοθῗθθι
579 2293 609 2313 ¹¹1
630 2290 752 2328 perficit.
792 2292 843 2322 Sic
863 2294 1062 2333 perduellum‚
1093 2293 1238 2331 duellum,
1263 2295 1296 2324 id
1313 2303 1414 2335 postea
1437 2293 1554 2323 bellum.
1590 2293 1643 2322 Ab
1666 2293 1765 2323 eadem
1789 2306 1878 2324 causa
1890 2294 1985 2337 sacta
2007 2292 2163 2329 Duellona,

227 2321 362 2371 Bfll⁰⁷¹‘²·
393 2325 489 2374 qloss.
514 2326 676 2365 Duellona,
698 2333 850 2371 πολεμική.
881 2336 1042 2366 Bellatrix.
1075 2338 1148 2366 Male
1168 2338 1328 2366 Vulcanius
1351 2337 1576 2366 rescribendum
1601 2337 1753 2366 contendit
1774 2336 1911 2367 Bellona.
1931 2337 2019 2366 Dae.
2053 2335 2162 2364 Glossis

226 2366 371 2415 πθλξμῦςζ
394 2369 530 2406 αρχαίως.
557 2368 661 2400 Goth.
692 2371 859 2404 Perduellis.
892 2379 948 2406 Alii
972 2380 1149 2417 perduellio.
1183 2381 1267 2409 Adde
1288 2380 1436 2412 l.234.ff.
1461 2380 1496 2409 de
1519 2379 1603 2409 verb.
1626 2380 1748 2418 signific.
1781 2379 1897 2408 Dicitur
1919 2384 1947 2408 et
1970 2377 2082 2408 Glossis
2106 2376 2163 2405 Di·

227 2405 314 2436 vellzo
333 2411 462 2448 πολεμος
483 2415 511 2440 et
532 2411 710 2442 Divelliones
732 2414 873 2454 πόλεμος,
896 2418 1035 2460 ἁρπαγαί,
1080 2421 1186 2451 Idem,
