2263 2668
778 154 865 189 LIB.
892 155 919 189 I.
972 154 1116 189 SEGM.
1142 154 1200 190 IV.
1940 159 1990 193 49

253 248 360 283 Hanc
386 247 492 282 ettam
517 244 764 286 Maecenasw3

48 305 96 336 et:

257 350 448 383 Labentem
473 349 589 393 pietas
599 345 638 387 ¹⁷,

48 403 115 437 sive
141 398 358 436 crudelitasffi.
420 401 496 433 Non
523 400 643 432 frustra
671 411 753 446 ergo
779 399 995 445 producitur,
1023 401 1100 445 quia
1127 402 1246 435 eadem
1274 413 1298 434 α
1324 402 1431 436 littera
1457 404 1581 438 vocalis
1607 404 1753 450 genitivo
1779 416 1857 440 casu
1883 406 1985 452 longa

50 459 117 497 est,
144 459 179 488 ut
200 453 365 499 pietatis,
393 452 622 484 crudelitatis.
676 453 764 486 Item
789 457 906 485 neutro
934 453 1038 498 longa
1065 458 1114 487 est
1140 465 1282 500 genere,
1309 459 1360 486 ut:

254 503 308 537 Sit
334 503 420 536 mihi
435 502 505 548 sas
531 500 710 541 auditam,-

48 562 81 592 et
105 557 138 590 in
164 556 325 589 Lucano:

253 606 298 639 In
325 615 504 638 commune
529 604 632 649 nefas
645 602 679 638 ²⁰.

211 657 270 690 14.
322 657 375 690 Es
396 657 564 701 producta
587 657 714 700 syllaba
733 656 766 690 in
782 656 919 691 Graecis
936 657 1124 692 nominibus
1145 657 1361 691 nominativus
1379 657 1549 702 singularis
1568 668 1700 702 semper
1717 658 1909 703 explicatur,
1932 666 1984 694 ut:

251 709 392 743 Aeneas
417 708 654 741 Anchisiades
662 705 686 725 ²¹

47 764 96 794 et:

252 807 497 845 Priamide322.

44 862 84 895 In
110 862 235 896 Latinis
263 867 373 895 autem
400 862 588 895 nominibus
616 861 696 893 alibi
723 861 826 894 altera
854 861 1045 906 corripitur,
1080 862 1218 894 alteram
1245 860 1323 893 alibi
1350 860 1494 904 produci
1519 873 1651 895 necesse
1678 865 1734 894 est.
1796 862 1982 908 Corripitur

45 914 78 947 in
103 914 157 947 his
183 914 387 953 nominibus,
415 925 501 957 quae
528 913 709 957 genitivum
737 912 937 957 singularem
964 914 997 945 in
1024 914 1067 946 tis
1093 914 1255 957 syllabam
1282 913 1431 953 mittunt,
1459 917 1494 945 ut
1520 924 1650 954 comes,
1678 913 1829 957 comitis,
1855 920 1906 948 ut:

253 964 365 997 Filius
392 965 473 998 huic
499 964 646 1004 Pallas,
674 964 726 996 illi
752 975 865 997 comes
892 964 965 997 ibat
991 962 1191 998 Achatesffi.

45 1015 218 1049 Interdum
244 1021 355 1048 tamen
381 1016 478 1048 huius
505 1015 733 1048 declinationis
761 1026 796 1048 es
822 1016 948 1058 syllaba
976 1016 1077 1060 longa
1106 1022 1168 1057 est,
1195 1021 1230 1049 ut
1256 1015 1416 1060 Virgilius
1444 1014 1555 1061 posuit
1580 1014 1613 1048 in
1638 1015 1821 1050 Bucolicis:

252 1086 301 1093 -
323 1067 406 1112 Ipse
432 1067 526 1100 aries
553 1067 659 1099 etiam
684 1077 775 1099 nunc
799 1068 934 1100 vellera
960 1068 1068 1101 siccat
1079 1064 1122 1106 24,-

46 1123 94 1152 et:

249 1167 411 1202 Arebcmt
438 1168 550 1202 herba
577 1173 609 1202 et
635 1169 764 1202 victum
789 1181 894 1215 seges
921 1181 1040 1214 aegra
1066 1165 1288 1215 negabantffi.

44 1221 98 1254 Ea
121 1231 202 1254 vero
228 1218 412 1261 nomina²⁶‚
438 1232 544 1264 quae,
577 1221 758 1265 genitivum
786 1222 828 1254 lis
855 1226 910 1254 aut
936 1223 1018 1261 mis,
1044 1222 1096 1254 vel
1124 1222 1180 1254 ‹lt's
1206 1226 1262 1253 aut
1283 1219 1343 1264 pis
1370 1219 1552 1262 ceterisque
1577 1220 1709 1264 syllabis
1736 1220 1900 1263 finiuntur,
1927 1222 1980 1255 ul-

44 1272 158 1306 timam
185 1272 349 1316 syllabam
376 1272 583 1316 producunt,
611 1277 647 1304 ut
673 1272 846 1306 Lucretius
872 1274 904 1305 in
932 1279 1021 1306 sexto
1032 1270 1056 1290 ²⁷
1081 1274 1167 1306 libro
1195 1273 1238 1306 de
1268 1283 1378 1305 rerum
1404 1276 1537 1304 natura:

251 1323 457 1357 Sustentata
482 1327 559 1356 ruet
586 1323 695 1356 moles
722 1328 754 1357 et
780 1325 946 1359 machina
971 1325 1112 1364 mundi,-

44 1379 77 1408 et
101 1374 278 1420 Virgilius:

248 1426 353 1460 Haec
378 1429 457 1459 erat
482 1426 547 1459 illa
563 1423 740 1472 sames²³;

43 1482 92 1511 et:

250 1528 319 1562 Ille
344 1528 439 1561 velut
460 1528 591 1573 pelagi
616 1539 723 1573 rupes
748 1528 893 1561 immota
918 1523 1086 1561 resistam.

43 1581 107 1614 llla
132 1591 268 1624 quoque
294 1581 428 1612 nomina
462 1579 529 1613 sine
556 1580 772 1624 ambiguitate
802 1591 933 1624 semper
959 1579 1151 1624 producunt
1177 1578 1326 1611 ultimam
1353 1575 1544 1610 nominativi
1570 1586 1662 1610 casus
1688 1575 1867 1620 syllabam,
1893 1587 1981 1621 quae

43 1633 226 1679 genitivum
252 1631 427 1676 singularis
454 1631 486 1663 in
513 1642 532 1664 e
559 1636 591 1663 et
617 1632 629 1664 i
655 1632 819 1676 syllabam
844 1633 994 1673 mittunt,
1021 1636 1056 1664 ut
1072 1630 1212 1676 facies,
1229 1629 1365 1675 ficciei,
1392 1633 1444 1660 ut:

255 1683 338 1715 sisa
364 1683 475 1715 maris
490 1679 665 1727 sucies³⁰;

43 1739 76 1768 et
111 1733 211 1767 huius
246 1734 474 1768 declinationis
510 1734 667 1778 analogia
701 1746 719 1767 e
753 1733 896 1766 litteram
929 1733 962 1766 in
997 1733 1140 1766 ablativo
1176 1742 1252 1765 casu
1281 1740 1413 1774 semper
1447 1727 1622 1773 producit,
1657 1729 1843 1773 superiores
1870 1733 1979 1763 autem

43 1786 226 1831 corripiunt
252 1786 407 1829 aliquae3
434 1785 518 1818 aliae
545 1786 745 1830 producunt.
800 1784 1009 1830 Corripiunt,
1036 1790 1089 1817 ut:

248 1837 346 1870 Mote
371 1841 462 1870 tenet
487 1834 674 1882 scopuli³¹;

43 1887 256 1932 producunt,
283 1894 319 1922 ut
344 1889 515 1923 Lucanus:

45 2014 151 2043 cabula
178 2014 300 2044 Probus.
350 2015 444 2054 Igitur
473 2020 524 2045 aut
553 2025 657 2044 versus
686 2013 783 2041 a111issi
813 2017 882 2041 sunt
919 2011 993 2039 istae

43 2056 203 2095 reliquiae,
235 2063 283 2086 aut
312 2057 491 2097 interposuit
519 2058 660 2087 librarius
683 2056 720 2084 ob
745 2055 912 2092 sequentia,
943 2053 991 2080 ubi

44 2104 103 2128 est:
129 2100 256 2138 pietatis
286 2100 486 2129 crudelitatis.
517 2117 559 2123 —
604 2100 650 2138 19)
680 2098 750 2125 Aen.
781 2098 831 2133 VI,
855 2098 924 2127 266-
951 2111 992 2116 -

43 2141 92 2179 20)
115 2143 225 2170 Lucan.
248 2141 347 2170 Phars.
368 2143 390 2181 Ι,
413 2146 441 2174 6.
464 2160 503 2166 —-
548 2142 593 2182 21)
623 2142 703 2175 virg.
727 2141 797 2167 Aen.
821 2138 896 2174 vlu,
919 2138 990 2168 541.

43 2200 84 2206 -
115 2186 162 2221 22)
187 2183 266 2221 Virg.
297 2184 367 2213 Aen.
397 2185 446 2221 Ill,
470 2187 541 2218 346.
563 2200 605 2207 --
648 2182 694 2220 23)
718 2182 797 2219 Virg.
822 2181 890 2208 Aen.
915 2179 990 2213 vm,

44 2227 116 2258 466.
129 2242 170 2249 -—
192 2228 236 2261 24)
256 2225 334 2263 Virg.
350 2227 411 2255 Ecl.
427 2228 477 2264 111,
496 2229 545 2259 95.
561 2243 600 2248 —-
625 2224 672 2265 25)
688 2224 765 2251 Haec
788 2223 830 2251 sic
852 2223 991 2260 leguntur

44 2269 76 2297 in
102 2269 173 2297 cod.
196 2269 216 2296 lt
228 2268 357 2296 arebant
379 2269 469 2298 herba
491 2276 516 2298 et
530 2286 570 2290 —-
585 2267 768 2305 negabant,
793 2270 824 2294 ut
847 2275 882 2293 cx
907 2269 990 2304 parte

45 2311 92 2340 edi
123 2311 267 2340 iussimus.
317 2311 374 2338 Sed
398 2312 463 2341 Asc.
484 2318 510 2340 et
540 2313 654 2339 melum
676 2320 757 2346 «sege-5
787 2318 878 2347 aegra
901 2318 991 2345 nega-

45 2354 114 2390 hac,
152 2354 266 2382 omissis
290 2363 337 2382 vv.
361 2353 484 2381 arebant
508 2360 533 2381 et
562 2352 663 2380 lav-ba.
712 2351 830 2380 l'ulsch.
852 2350 990 2379 Archant

46 2402 72 2424 ct
95 2399 157 2424 ιάηι
186 2397 299 2424 victum
329 2406 410 2433 ‹segm-
440 2407 532 2432 aegra
559 2395 699 2433 negabat.
754 2393 907 2422 Piaculum
937 2397 988 2428 est,

46 2438 219 2468 huiusmodi
243 2448 345 2467 versus
367 2443 396 2467 et
424 2438 611 2477 allegationes
634 2448 670 2467 ex
701 2436 871 2466 auctoribus
895 2435 989 2464 corri-

98 2491 261 2519 Gummi-r.
284 2500 350 2518 LAT.
372 2489 394 2518 I.

1036 2019 1120 2047 gere,
1147 2008 1226 2047 quod
1249 2016 1335 2046 saepe
1358 2017 1373 2034 a
1395 2006 1536 2035 Putschio
1560 2007 1670 2035 sactum
1693 2006 1837 2035 videmus.
1881 2006 1978 2035 Locus

1036 2057 1080 2080 est
1104 2051 1180 2089 Virg.
1202 2052 1274 2079 Aen.
1298 2050 1347 2086 III,
1381 2050 1449 2081 142.
1473 2049 1522 2077 ubi
1551 2049 1673 2088 legitur:
1701 2050 1839 2077 Arelumt
1860 2048 1976 2086 herbae,

1035 2100 1061 2122 et
1085 2096 1196 2122 vietum
1219 2104 1299 2132 seges
1334 2102 1427 2128 aegra
1457 2091 1597 2130 negabat.
1621 2108 1656 2113 —
1702 2091 1747 2130 26)
1772 2093 1914 2120 Nomine
1942 2102 1977 2120 ex

1035 2147 1133 2165 errore
1161 2142 1223 2175 typ.
1255 2135 1332 2174 apud
1364 2135 1394 2162 P.
1422 2151 1464 2156 —
1508 2134 1552 2173 27)
1582 2134 1630 2163 Sic
1659 2134 1824 2174 perscripto
1855 2145 1976 2163 numero

1036 2179 1106 2207 cod.
1129 2180 1195 2208 Asc.
1219 2179 1255 2207 In
1273 2178 1324 2207 VI
1339 2177 1415 2205 libro
1433 2178 1462 2205 P.
1506 2177 1557 2205 Est
1578 2181 1675 2205 lamen
1697 2177 1768 2206 libri
1791 2177 1887 2215 quinti
1908 2187 1976 2205 ver-

1035 2232 1084 2250 sus
1107 2225 1157 2254 97.
1183 2238 1219 2243 --
1265 2224 1312 2256 28)
1334 2219 1416 2257 Virg.
1440 2219 1511 2248 Aen.
1535 2220 1594 2255 Vll,
1614 2222 1739 2251 128.——
1759 2220 1806 2257 29)
1829 2220 1898 2248 cod.
1917 2219 1974 2248 sic:

1034 2275 1122 2303 rupes
1148 2264 1165 2292 i.
1188 2276 1211 2293 r.
1237 2264 1277 2292 ita
1305 2272 1365 2290 non
1388 2262 1475 2301 plane
1498 2262 1616 2301 scriptis
1645 2262 1759 2290 duabus
1782 2262 1894 2290 ultimis
1916 2272 1974 2289 vo-

1034 2307 1133 2341 cibus,
1165 2307 1243 2335 unde
1277 2311 1375 2334 tamen
1412 2310 1549 2343 apparet,
1584 2304 1656 2342 qnid
1693 2304 1832 2333 librarius
1860 2304 1890 2331 in
1920 2312 1972 2330 suo

1034 2350 1188 2388 exemplo,
1212 2350 1290 2387 quod
1314 2347 1512 2383 describebat,
1533 2348 1645 2384 legerit.
1690 2348 1815 2375 lmmola
1838 2344 1972 2373 nnmebat

1032 2393 1099 2422 Asc.
1124 2393 1155 2423 Ρ.
1179 2393 1273 2421 Locus
1297 2394 1340 2419 est
1362 2389 1443 2427 Virg.
1460 2391 1532 2419 Aen.
1551 2390 1614 2426 VH,
1640 2390 1709 2421 586.
1740 2387 1787 2428 30)
1807 2387 1883 2424 Virg-
1900 2387 1971 2414 Aen.

1032 2435 1068 2472 V,
1095 2437 1165 2468 768.
1199 2452 1235 2457 —-
1281 2436 1328 2469 31)
1351 2432 1432 2471 Virg.
1462 2432 1534 2461 Aen.
1557 2432 1618 2470 VII,
1639 2433 1708 2463 589.
1731 2445 1771 2452 -·
