2263 2668
529 137 595 170 DE
622 131 1015 170 StGNtFchTtoNE
1045 133 1330 170 VERBORUM.
1382 133 1529 168 LIBER
1554 132 1646 167 xllt.
1994 135 2070 170 545

110 229 242 266 venisse,
265 234 317 258 aut
339 229 399 258 tale
422 228 504 267 quid.
528 227 626 260 Scal.
671 229 749 266 Lege
771 228 863 256 infra:
887 224 941 255 alii
963 224 1045 256 elicta
1068 237 1086 255 a
1110 229 1217 257 nostris
1239 227 1294 258 alii
1315 235 1413 258 tracia
1436 239 1454 257 α
1480 225 1618 263 Graecis,
1647 226 1696 256 vel
1717 231 1751 256 ut
1773 227 1920 266 Scaliger:
1944 227 2001 258 alii
2023 229 2070 259 tli-

110 273 217 301 ctitant
240 279 371 308 nostras,
395 271 451 301 alii
472 279 600 301 tractum
625 283 665 300 εει·
690 270 813 300 Graeco.
857 271 929 298 Item
952 269 1045 305 infra,
1076 271 1156 299 cuius
1179 273 1295 301 maiora
1317 270 1452 310 exempla
1475 270 1634 308 legendum
1660 270 1783 299 rariora.
1822 270 1854 298 ln
1877 270 1936 300 fine
1959 272 2071 301 citaba-

110 320 162 343 tur
186 315 303 343 Coelius
325 315 355 343 in
378 314 446 344 hist.
471 313 556 343 libris
580 314 630 352 qui
654 314 731 343 dixit
754 312 1102 343 concitamurocissime.
1137 314 1172 341 Et
1197 315 1296 343 Aelius
1320 314 1418 342 Lamia
1443 313 1523 351 apud
1548 333 1723 342 ......
1749 313 1882 342 ocissime
1904 321 1992 354 atque
2010 314 2072 344 Ae-

112 356 183 386 lium
198 356 339 386 Lamiam
363 364 524 397 opportune
545 357 662 388 venisse.
687 356 774 385 Dae.
808 355 898 384 Dicta
923 365 942 382 a.
964 356 1079 383 nostris.
1109 356 1252 385 Dictitant
1276 362 1399 385 nostras.
1425 357 1524 385 Dictas
1546 360 1674 385 nostras.
1698 351 1787 385 Ὠκύ
1797 366 1820 391 ς.
1847 353 1969 392 Ώκέως.
2003 355 2071 387 Col-

112 398 242 430 lationis.
284 400 514 428 Consolationis.
550 398 655 428 Goth.
700 399 807 427 Subest
829 404 948 437 etymon
971 398 1155 426 Sauscritum
1179 400 1251 441 ‘⁷9¹⁴‘
1278 400 1365 429 celer.

283 441 458 473 Ocimum.
502 441 619 477 Herba,
650 451 725 480 quae
748 442 838 479 vulgo
862 440 972 469 dicitur
995 438 1111 469 basilio.
1149 441 1278 480 Hesych.
1303 439 1443 480 ὤκυμον,
1471 438 1584 481 βοτάνη
1610 436 1725 478 εὗώδης
1748 437 1779 470 τὸ
1805 438 1966 479 λεγόμενον
1988 442 2072 480 βασι,-

113 482 208 515 λικόν.
231 485 283 514 Est
306 490 403 514 autem
427 495 442 512 a
466 485 580 513 Graeco
604 481 684 519 ὠκύς
707 483 790 515 celer.
809 484 898 513 Dac-
928 481 1072 512 Ocimum.
1097 484 1253 522 Ocymuin.
1278 485 1352 513 Vide
1369 484 1497 513 Nonium
1521 484 1551 512 in
1572 481 1707 511 Ocimum
1732 481 1775 521 (p.
1789 483 1861 514 550.
1875 493 1936 521 seq.
1955 481 2073 524 Merc.).

282 526 571 566 Occupaticius.
617 527 714 555 Verba
736 527 814 555 Festi
844 537 880 555 ex
908 525 1033 554 historia
1064 525 1136 554 mihi
1164 527 1266 564 ignota
1292 532 1387 556 essent
1411 526 1572 555 sarcienda.
1619 523 1745 554 Videtur
1767 530 1865 553 autem
1890 531 1957 564 post
1980 526 2072 555 deva-

113 573 206 598 statos
229 579 316 607 agros
339 570 375 598 ab
398 569 563 598 Hannibale
587 569 780 598 benemeritis
803 580 864 598 non
886 568 978 597 fuisse
999 569 1153 597 restitutos
1176 580 1261 606 suos,
1285 570 1310 598 si
1333 574 1415 598 erant
1438 570 1473 597 ab
1497 569 1561 598 aliis
1585 567 1740 606 occupati3
1771 567 1823 596 sed
1847 567 1920 596 alios
1943 578 2072 607 occupa-

114 612 201 640 ticios
225 613 361 642 traditos.
393 613 466 641 Vide
488 612 694 643 Possessiones.
717 613 804 642 Ant.
827 612 924 651 Aug.
971 610 1016 639 Ait
1041 611 1146 639 Festus
1171 618 1236 650 post
1261 613 1429 641 devastatus
1454 613 1619 650 Campanos
1642 610 1844 648 agros‚‘beue
1868 610 1980 639 meritis
2003 621 2074 639 suos

113 664 175 683 nun
197 655 288 683 fuisse
312 655 347 683 ab
362 656 507 684 Annibale
529 655 696 691 restitutos,
721 655 773 684 sed
795 654 1005 693 occupaticios.
1039 654 1113 683 Vide
1136 655 1298 694 scriptores
1321 655 1357 683 de
1379 655 1522 683 limitibus
1545 662 1694 691 agrorum.
1717 652 1771 681 Da
1783 664 1806 683 c.
1841 652 1999 682 Caeterum
2017 663 2073 691 pu-

115 697 239 726 tandum
263 703 322 734 est,
352 698 574 737 occupaticium
598 708 717 735 agrum,
748 698 784 726 de
808 708 866 736 quo
890 697 954 733 hic,
978 696 1098 725 differre
1122 697 1157 725 ab
1182 698 1393 736 occupatoiio,
1419 707 1469 725 seu
1491 697 1642 736 arcifinio,
1667 695 1699 724 id
1723 700 1783 732 est,
1806 700 1956 734 occupato
1978 696 2073 734 pulsis

115 739 269 778 hostibus,
300 741 384 769 cuius
406 741 539 768 meminit
563 741 699 778 Aggenus
724 741 858 770 Urbicus.
898 739 981 768 Adde
1003 740 1133 768 Nonium
1155 740 1184 768 in
1212 740 1365 779 Occupare
1387 741 1464 779 (pag.
1478 740 1549 771 354.
1574 739 1687 775 Mem).
1731 736 1790 776 Qui
1812 736 1939 767 desertus
1961 748 1980 766 a
2004 736 2074 767 cul-

116 782 236 812 toribus.
283 784 396 811 Glossis
423 782 622 823 Occupaliva,
653 780 876 822 καταλημπτικά
900 782 975 822 (lege
998 782 1236 821 nataliqnttncit).
1285 781 1390 812 Goth.

284 825 464 856 Orchiiis.
512 826 614 854 Ateius
639 826 810 865 philologus
833 826 923 854 huius
946 825 1092 864 opinionis
1116 831 1222 854 auctor
1245 826 1365 854 citatur.
1412 825 1514 853 Cetera
1538 823 1615 852 Festi
1638 822 1728 851 verba
1752 832 1789 850 ex
1812 821 1940 860 epitome
1963 821 2073 850 intelli-

116 878 175 905 ges.
209 868 250 897 De
273 868 404 897 orchite:
429 869 508 905 Virg.
532 868 633 897 ltb.tt.
658 870 764 905 Georg.
788 870 831 903 (v.
845 870 910 905 86.)
933 868 1008 897 Plin.
1030 868 1084 898 lib.
1096 869 1163 900 XV,
1187 879 1251 907 cup.
1267 871 1293 899 1.
1319 873 1347 896 et
1370 869 1399 898 3.
1424 866 1509 896 Ant.
1532 865 1627 905 Aug.
1661 864 1814 894 Orchitim.
1848 865 1937 894 Deest
1959 869 2075 894 tantum

117 911 146 939 in
171 910 242 940 fine:
272 909 377 951 Itaque
398 912 499 941 vocari
520 922 560 940 ex
583 922 615 940 eo
638 911 774 940 orchitim
798 910 893 940 oleam
915 909 1003 940 solito
1022 910 1221 950 grandiorem.
1267 911 1307 939 De
1331 909 1440 939 oreliiti
1464 908 1564 946 virgil.
1578 908 1616 938 lt.
1639 908 1745 946 Georg.
1771 907 1868 945 (86.):

370 954 373 957 ’
736 953 868 983 Orckites
890 961 916 983 et
939 952 1019 982 raclii
1040 961 1066 982 et
1089 965 1194 982 amara
1215 955 1320 991 pausia
1344 952 1446 982 bacca.

121 996 202 1024 Unde
225 996 301 1024 Plin.
325 996 376 1026 lib.
389 996 455 1025 XV.
479 999 606 1035 cap.1.:
633 995 743 1026 Genera
767 995 895 1026 olearum
919 997 978 1025 iria
999 995 1081 1025 dixit
1106 995 1267 1036 Virgilius,
1292 995 1431 1032 orchites,
1455 992 1556 1022 radios
1578 1000 1603 1021 et
1624 992 1752 1033 pausias.
1786 990 1953 1019 Notandum
1977 995 2075 1019 autem

118 1043 147 1067 et
170 1038 251 1077 apud
272 1039 392 1068 Festum
417 1044 447 1067 et
467 1039 547 1077 apud
570 1039 700 1068 Plinium
725 1050 781 1078 pro
807 1040 887 1068 oliva
916 1040 1010 1068 oleam
1038 1041 1123 1077 poni,
1161 1040 1246 1067 cuius
1275 1040 1318 1066 rei
1348 1037 1483 1076 exempla
1512 1047 1542 1065 se
1571 1036 1739 1064 desiderare
1764 1034 1859 1063 fassus
1887 1038 1932 1063 est
1954 1033 2075 1062 doctiss.

121 1081 251 1111 Vossius.
275 1081 367 1112 Dae.
411 1082 500 1120 Apud
525 1082 626 1120 virgil.
650 1083 669 1112 l.
691 1093 716 1111 c.
739 1083 848 1120 legitur
870 1092 950 1111 nunc
976 1080 1135 1111 Orchacles.
1174 1081 1231 1111 Sed
1255 1082 1291 1109 cs.
1317 1081 1410 1109 Varro
1433 1080 1470 1109 de
1494 1080 1527 1108 R.
1545 1079 1578 1109 Β.
1601 1079 1631 1115 I,
1655 1080 1705 1109 60.
1965 1095 1968 1098 ›

286 1122 508 1153 Orchestra
548 1125 728 1163 Explicatur
752 1136 768 1153 a
791 1125 929 1153 Vitruvio
959 1124 1064 1153 melius
1092 1125 1143 1153 hb.
1158 1125 1191 1154 V.
1216 1127 1325 1163 cap.6.
1351 1128 1380 1152 et
1402 1126 1432 1154 7.
1462 1121 1547 1151 Ant.
1567 1121 1662 1159 Aug.
1708 1119 1876 1157 scripserat
1900 1117 2003 1147 Festus
2027 1117 2078 1146 hi-

119 1166 247 1195 striones
270 1176 334 1204 eos,
373 1167 425 1205 qui
448 1177 502 1195 suo
524 1171 659 1205 tempore
677 1166 849 1207 planipedes
874 1167 1078 1203 vocabantur,
1117 1178 1176 1196 non
1200 1167 1295 1195 solere
1319 1167 1350 1194 iu
1374 1165 1565 1193 orchestram
1595 1161 1729 1196 admitti,
1767 1161 1847 1199 quod
1871 1161 2078 1199 cognoscimus

119 1219 158 1238 ex
181 1210 309 1246 Seneca,
332 1214 363 1238 et
385 1210 460 1238 aliis.
506 1210 667 1248 Propterea
691 1211 768 1238 enim
790 1209 962 1250 planipedes
985 1210 1179 1247 dicebantur,
1203 1210 1284 1248 quod
1309 1219 1369 1237 non
1393 1208 1422 1236 in
1446 1207 1537 1246 podio
1560 1207 1610 1235 sed
1635 1205 1672 1234 de
1694 1204 1785 1243 plano
1809 1208 1938 1251 agerent.
1982 1203 2079 1232 Stulte

119 1252 196 1280 enim
221 1252 349 1289 optimae
372 1257 458 1280 notae
478 1252 670 1282 Gruuunatici
692 1253 728 1281 ab
752 1264 805 1288 eo,
830 1252 911 1291 quod
935 1253 1030 1291 planis
1055 1253 1178 1292 pedibus
1200 1253 1231 1281 id
1256 1256 1315 1289 est,
1340 1250 1531 1286 excalciatis,
1554 1249 1694 1286 agebant3
1718 1256 1853 1285 quamvls
1877 1256 1952 1275 emm
1975 1252 2080 1274 verum

119 1299 164 1323 est
186 1295 314 1333 pedibus
336 1295 424 1323 nudis
447 1294 552 1332 suisse3
591 1300 688 1324 tamen
711 1295 836 1332 salsum,
873 1295 980 1334 pedem
1004 1296 1144 1335 planum,
1182 1295 1288 1334 pedem
1317 1294 1429 1323 nudum
1455 1303 1527 1322 esse.
1573 1291 1631 1320 Sed
1655 1289 1907 1328 quemadmodum
1930 1288 2080 1327 pedaneus

119 1337 283 1376 opponitur
311 1337 426 1372 curuli,
462 1337 505 1366 ita
533 1338 669 1377 planipes
699 1338 799 1366 inimo.
843 1339 1010 1367 Ausonius:
1049 1350 1101 1367 nec
1131 1337 1166 1367 tle
1188 1339 1278 1367 mimo
1299 1335 1484 1376 planipedem
1510 1346 1560 1364 nec
1584 1333 1619 1363 de
1644 1330 1797 1362 Comoedis
1820 1330 1998 1361 histrionem.
2044 1331 2082 1359 Ut

121 1380 257 1419 planipes
280 1380 323 1408 nit
345 1379 428 1408 aliud
452 1380 505 1416 sit,
531 1391 619 1418 quam
642 1380 750 1409 mimus
773 1380 941 1420 pedaneus3
966 1381 1126 1420 prodibant
1149 1386 1248 1410 autem
1273 1379 1444 1419 planipedes
1467 1377 1597 1406 riciniati
1619 1376 1656 1405 ad
1679 1374 1840 1412 agendum3
1866 1374 1938 1412 quid
1956 1374 1994 1402 sit
2009 1373 2082 1403 rici-

120 1423 200 1451 nium
229 1421 322 1451 habes
352 1427 381 1451 et
409 1422 460 1450 hic
491 1423 569 1461 apud
594 1423 710 1452 Festum
739 1429 769 1452 et
795 1424 877 1462 apud
901 1424 1073 1454 Varronem.
1105 1422 1204 1453 Scal.
1249 1424 1402 1452 Postrema
1434 1421 1498 1457 illa,
1535 1427 1622 1460 atque
1650 1425 1680 1446 ut
1707 1415 1775 1446 inde
1803 1427 1907 1445 nonren
1937 1415 2081 1453 ducerent,

121 1465 190 1494 hinc
213 1465 316 1494 avulsa
339 1470 406 1505 post
430 1476 518 1494 meae
541 1466 755 1502 adhaeserunt,
786 1471 818 1494 ut
840 1467 884 1495 ibi
906 1472 1054 1495 notamus.
1099 1468 1129 1494 Si
1153 1466 1226 1504 quid
1250 1471 1347 1494 autem
1372 1464 1500 1503 amplius
1524 1463 1615 1499 desit,
1645 1461 1686 1489 ita
1710 1459 1910 1509 supplendum
1935 1463 2004 1497 post
2027 1457 2082 1506 clu-

123 1515 232 1537 cerent:
257 1516 283 1536 et
305 1508 439 1537 riciniaii
462 1507 634 1538 dicerentur.
680 1508 840 1537 Orchestra
863 1509 948 1537 locus
971 1509 1001 1537 in
1025 1509 1123 1537 medio
1148 1508 1279 1546 theatro,
1307 1508 1358 1537 ubi
1382 1507 1493 1537 chorus
1516 1506 1653 1542 saltaret,
1677 1512 1781 1541 nempe
1805 1502 1840 1531 ab
1865 1505 2019 1542 ορχεῑσθαι
2040 1511 2083 1530 ele

123 1551 210 1581 dicta.
235 1550 324 1579 Dae.
367 1551 409 1578 De
432 1550 578 1579 orchestra
602 1551 668 1579 vide
690 1551 808 1581 Vitruv.
826 1552 865 1586 V,
888 1554 918 1582 6.
943 1555 972 1582 7.
1022 1550 1128 1580 Goth.

290 1592 399 1622 Orca.
442 1593 504 1630 Ego
536 1584 590 1631 pio
610 1594 726 1632 ficaria
756 1604 814 1622 non
845 1593 949 1621 dubito
979 1594 1077 1631 legere
1097 1592 1252 1634 saccaria.
1298 1594 1373 1621 Sunt
1403 1596 1501 1620 autem
1532 1600 1600 1618 vasa
1631 1589 1668 1617 ad
1695 1587 1910 1617 defaecandum
1933 1591 2083 1621 mustum3

125 1646 193 1664 cum
216 1635 331 1664 scilicet
354 1640 483 1663 inustum
508 1634 653 1663 fervendo
678 1636 864 1673 defaecatur3
889 1646 983 1674 neque
1007 1641 1132 1670 temere3
1163 1640 1233 1664 sunt
1256 1635 1333 1663 enim
1357 1646 1444 1664 orcae
1467 1644 1535 1661 vasa
1560 1632 1681 1668 teretia,
1704 1635 1843 1660 ventrosa
1868 1639 1937 1657 cum
1960 1632 2084 1666 angusto

124 1688 190 1713 ore,
220 1683 250 1705 ut
274 1682 403 1705 inustum
426 1677 520 1716 possit
544 1679 635 1715 tnagis
660 1678 784 1709 fervere.
829 1678 1002 1707 Cuiusmodi
1030 1682 1114 1707 erant
1143 1688 1217 1715 quas
1242 1678 1397 1706 Vitruvius
1427 1681 1548 1704 vocatus
1572 1673 1677 1705 αἰόλου
1700 1670 1792 1707 πύλας
1816 1672 1865 1700 ait.
1912 1672 2006 1700 Varro
2031 1669 2085 1709 (De

125 1721 158 1748 ll.
180 1721 212 1749 R.
237 1719 267 1756 Ι,
293 1720 368 1758 13.);
406 1731 491 1757 saepe
513 1719 563 1748 ubi
586 1718 738 1749 conditum
761 1722 860 1750 vinum
883 1731 1006 1757 novum,
1043 1731 1129 1750 orcae
1149 1721 1179 1748 in
1203 1719 1355 1759 Hispania
1376 1718 1500 1761 fervore
1521 1718 1609 1746 musti
1631 1723 1740 1756 ruptae.
1772 1713 1874 1744 Scal.
1921 1715 1944 1742 A
1969 1714 2084 1742 Graeco

125 1760 214 1801 ὄρυξ’
239 1772 344 1799 ”effit'e
368 1762 403 1789 ab
428 1762 550 1800 obliquo
568 1760 678 1802 ὅρυγα,
706 1764 741 1791 ab
765 1764 827 1792 eius
850 1764 965 1792 belluae
987 1763 1183 1792 similitudine
1208 1762 1304 1791 dictae
1328 1773 1415 1790 orcae
1437 1771 1506 1789 vasa
1530 1760 1641 1794 ficaria,
1665 1759 1688 1786 si
1712 1758 1784 1786 fides
1806 1757 1903 1786 Festo.
1936 1756 1994 1785 Sed
2017 1766 2082 1803 ma-

124 1807 167 1844 gis
191 1806 286 1844 Plffl‘et
310 1815 371 1832 *³⁵52
394 1816 410 1832 a
435 1808 548 1833 Graeco
572 1802 663 1844 ὕρχη,
690 1807 769 1844 quod
794 1811 837 1835 est
860 1807 938 1834 vasis
961 1806 1061 1834 fictilis
1084 1815 1184 1843 genus.
1226 1806 1293 1834 Non
1317 1805 1413 1833 solum
1437 1808 1535 1832 autem
1559 1812 1646 1831 orcae
1668 1811 1741 1830 vasa
1764 1800 1882 1836 ficaria,
1908 1799 1960 1827 sed
1983 1803 2012 1826 et
2037 1808 2081 1827 vi-

126 1848 225 1884 naria,
251 1847 473 1876 salsamentaria
498 1848 595 1876 etiam.
641 1849 681 1876 ne
706 1849 826 1878 vinariis
850 1849 943 1878 Varro
967 1849 1016 1877 lib.
1031 1849 1051 1877 l.
1074 1849 1112 1878 de
1136 1849 1169 1877 R.
1189 1849 1223 1876 R.
1247 1849 1369 1884 (c.13.),
1413 1848 1452 1875 De
1475 1843 1706 1875 salsamentariis
1729 1844 1809 1872 Pers.
1834 1848 1888 1871 sat.
1906 1844 1941 1877 3,
1966 1839 2059 1880 (76-):

662 1890 832 1932 Maenaque
855 1890 936 1932 quod
955 1893 1053 1931 prima
1076 1889 1205 1920 nondum
1229 1889 1368 1932 defecerit
1391 1900 1470 1919 orca.

127 1934 168 1962 ne
190 1933 270 1960 vasis
292 1931 415 1968 ficariis,
446 1932 496 1960 ubi
519 1932 593 1960 ficus
615 1934 831 1972 reponebatur,
863 1935 931 1963 vide
953 1935 1053 1962 locum
1078 1934 1221 1964 Columel.
1244 1934 1296 1963 lib.
1310 1932 1376 1962 ΧΠ.
1401 1942 1466 1969 cap.
1481 1931 1530 1963 15.
1549 1934 1584 1959 'et
1606 1929 1678 1957 Plin.
1702 1926 1834 1957 lib.XV.1
1853 1934 1919 1964 cap.
1937 1926 2002 1956 19.:
2037 1924 2084 1953 At

126 1975 176 2005 ubi
199 1975 356 2014 (ficorum)
380 1976 467 2013 copia
491 1974 639 2012 abundat,
675 1976 833 2016 implentur
861 1988 947 2006 orcae
969 1978 1000 2005 in
1022 1976 1116 2012 Asia,
1154 1975 1224 2005 catii
1247 1983 1341 2003 autem
1366 1975 1396 2003 in
1420 1973 1557 2013 Ruspina
1579 1970 1694 2013 Africa
1719 1969 1795 1999 urbe.
1840 1968 1924 1996 Unde
1948 1971 2085 2007 apertum

126 2023 184 2055 est,
215 2028 302 2056 quam
326 2018 436 2045 frustra
460 2017 518 2045 siut
541 2022 569 2046 et
593 2019 740 2057 Scaliger,
770 2021 822 2058 qui
846 2030 900 2058 pro
918 2020 1029 2058 ficaria
1052 2019 1166 2056 legebat
1179 2016 1337 2057 faecaria,
1370 2022 1399 2046 et
1420 2017 1467 2045 alii
1493 2016 1542 2054 qui
1564 2014 1680 2043 vinaria
1704 2013 1751 2041 vel
1761 2009 1879 2051 fictilia
1902 2010 2086 2049 reponebant

128 2081 368 2091 ........
392 2070 496 2088 nomen
520 2059 635 2089 ducet-et
660 2084 666 2091 .
693 2084 700 2091 .
728 2085 735 2091 .
761 2084 768 2090 .
794 2083 802 2091 .
848 2062 927 2090 Haec
950 2072 1009 2090 non
1033 2065 1102 2089 sunt
1123 2061 1213 2089 huius
1236 2061 1294 2088 loci
1318 2065 1345 2088 et
1369 2061 1445 2088 male
1469 2059 1528 2087 huc
1551 2058 1736 2095 irrepserunt
1760 2058 1836 2092 quae
1860 2052 1897 2081 ad
1921 2058 2011 2092 caput
2033 2063 2085 2081 or·

126 2103 239 2133 chestra
263 2103 422 2141 pertinent.
444 2102 535 2131 Dae.
570 2104 655 2133 Adde
677 2104 808 2133 Nonium
831 2105 860 2133 in
887 2103 982 2133 Oreas
1003 2103 1083 2143 (pag.
1100 2105 1171 2135 546.
1187 2101 1302 2141 Mero).
1338 2102 1479 2130 Glossis:
1494 2099 1623 2135 Orchae,
1647 2097 1743 2128 ἐλαῖαι·
1761 2097 1925 2135 ἐπιμηκεῖς.
1955 2094 2083 2125 Ficaria.

127 2146 247 2174 Vivariu
270 2145 317 2174 vel
340 2145 451 2174 fictilia.
499 2145 557 2173 Alii
572 2145 733 2187 saccaria,
766 2152 800 2175 ut
823 2157 892 2175 vasa
915 2147 973 2174 sint
997 2148 1032 2174 ad
1058 2146 1271 2175 defaecandum
1295 2150 1432 2173 inustum.
1482 2141 1587 2172 Goth.
1719 2149 1724 2162 'v

293 2187 402 2217 O'bff·
428 2187 485 2226 (Ad
507 2198 568 2225 {³³14-
584 2190 665 2227 188-)
690 2190 800 2218 Orbam
819 2190 993 2227 glossarium
1013 2189 1137 2227 exponit
1153 2189 1323 2227 ἐπίκληρον.
1349 2188 1508 2225 Eleganter
1526 2189 1570 2214 est
1585 2183 1662 2213 enim
1676 2181 1855 2219 ἐπίκληρος,
1879 2189 1955 2219 quae
1972 2183 2082 2218 patrem

127 2237 156 2260 et
172 2235 295 2260 matrem
312 2231 426 2265 amisit,
452 2231 608 2268 nullosque
626 2232 731 2260 fratres
748 2232 838 2261 habet
853 2232 1046 2271 superstites,
1070 2234 1099 2260 et
1121 2231 1164 2259 sic
1186 2231 1217 2259 in
1240 2236 1329 2259 totam
1353 2229 1550 2259 hereditatem
1573 2230 1707 2255 vocatur.
1745 2223 1818 2252 Orbi
1837 2227 1934 2252 autem
1954 2227 2012 2250 tam
2030 2230 2082 2258 pa-

126 2279 240 2310 rentes,
266 2275 316 2311 qui
339 2272 431 2307 lilios,
456 2277 515 2301 tam
538 2273 608 2310 filii,
632 2275 682 2312 qui
707 2280 844 2313 parentes
866 2275 1043 2310 amiserunt,
1068 2274 1141 2302 dicti
1163 2278 1241 2302 sunt.
1276 2272 1372 2302 Orbus
1388 2283 1405 2301 a
1421 2281 1526 2310 graeco
1544 2267 1658 2308 ὀρφός,
1681 2268 1727 2297 vel
1752 2263 1887 2305 ὄρφνός,
1910 2262 2081 2309 “neb-⁰⁸¹⁴&

127 2326 218 2356 quare
241 2316 319 2344 caeci
342 2316 463 2354 proprie
487 2316 551 2343 orbi
577 2317 649 2345 dicti
674 2323 742 2346 sunt
767 2339 939 2347 ......
964 2318 1018 2345 tris
1040 2324 1081 2345 est
1103 2324 1179 2346 anie.
1220 2317 1301 2345 Haec
1322 2315 1419 2344 omnia
1443 2315 1530 2354 plane
1553 2312 1687 2350 deposita
1711 2314 1796 2346 sunt,
1828 2317 1921 2345 neque
1943 2305 1978 2352 δἐἰ
2002 2303 2079 2351 lde—m

127 2364 217 2398 caput
239 2359 373 2387 attinent.
421 2358 452 2386 ln
483 2358 538 2386 line
568 2369 625 2398 pro
649 2361 707 2388 iltis
735 2359 916 2399 Onygiarum
941 2359 1069 2388 schedae
1091 2358 1217 2388 habent:
1260 2357 1426 2397 Onyginus‚
1462 2358 1497 2385 'ut
1525 2355 1662 2385 videatur
1684 2352 1733 2382 hic
1755 2351 1869 2382 laudari
1892 2348 2025 2385 Hyginus
2047 2356 2079 2374 ιιι

126 2403 210 2433 libris
230 2401 460 2430 ast-ronomicon.
507 2401 591 2431 Dae.
1176 2413 1177 2418 ,
1284 2426 1290 2430 ,

175 2453 343 2481 GRAMMAT.
363 2463 430 2480 LAT.
452 2452 486 2480 ll.
1576 2449 1603 2482 Z
1618 2460 1636 2481 z
1652 2459 1669 2480 Z
