2263 2668
747 148 975 183 EXEMPLA
1005 144 1370 182 ELOCUTIONUM.
1948 149 2022 187 253

88 244 227 277 Praeter
248 241 336 276 illos.
370 239 440 275 Cic.
462 240 496 274 in
518 236 632 274 Pis.²⁰:
673 240 829 276 Praeter
851 253 956 276 unum
979 245 1202 287 praetorem,
1237 253 1262 274 a
1282 253 1348 286 quo
1376 253 1443 275 non
1458 241 1535 287 suit
1557 243 1827 288 postulandum,
1855 248 2021 288 praeter-

190 304 296 339 quam
322 292 410 326 duos
436 292 482 326 de
506 291 629 337 lapide
651 297 783 338 emptos
807 294 982 327 Tribunos.
1010 293 1145 326 Praeter
1168 293 1226 326 illi.
1253 293 1320 326 Sal.
1345 293 1442 329 Catil.
1453 290 1496 326 ²¹:
1526 293 1671 329 Ceterae
1694 295 1906 329 multitudini
1927 296 2021 330 diem

190 345 328 385 statuit,
349 347 498 389 praeter
518 353 638 376 rerum
657 345 862 390 capitalium
892 344 1139 379 condemnatis.

88 413 279 448 Praestolor
295 408 383 445 ini²².
408 411 478 447 Cic.
503 412 536 445 in
558 410 671 445 cant:
705 411 775 459 Qui
805 413 867 447 tibi
887 413 938 446 ad
954 412 1079 458 sorum
1103 411 1287 445 Aurelium
1311 412 1617 456 praestolarentur
1647 414 1789 448 armati·
1829 414 2021 449 Praestolor

189 464 294 497 illum.
316 463 397 497 Ter.
421 464 527 497 Eum:
557 462 669 509 Quem
685 465 928 509 praestolare,
952 464 1145 505 Parmeno,
1181 463 1237 496 hic
1264 466 1346 496 ante
1372 462 1521 496 ostium?

88 533 226 566 Praesto
247 535 303 566 est.
334 530 403 564 Cic.
428 530 472 563 de
494 531 653 564 Praetura
678 532 804 565 urbana
824 528 982 566 Verris²³z
1014 532 1165 565 Praesto
1189 535 1253 572 est,
1279 531 1483 576 respondet,
1513 531 1722 577 defenditur.
1750 533 1887 567 Praesto
1917 534 2019 568 adest.

190 582 324 615 Terent.
344 582 446 614 Eun.:
470 580 544 615 Sed
566 581 624 615 ubi
644 586 694 616 est
708 582 844 628 pater?
869 584 1019 617 Praesto
1042 583 1153 618 adest.
1181 582 1250 617 Cic.
1273 594 1336 627 pro
1362 582 1519 616 Murena:
1546 584 1697 617 Praesto
1728 584 1858 617 aderat
1880 586 2022 630 sapiens

190 633 268 674 ille,
295 632 353 677 qui
377 633 464 665 inire
484 633 579 666 viam
602 634 753 667 doceret.

88 701 188 735 Parte
209 700 300 744 prior
309 697 343 734 ²⁴.
370 700 464 745 Virg.
483 701 567 734 Aen.
590 701 648 734 V.:
674 702 784 736 Parte
799 702 919 747 prior,
941 706 1082 747 partem
1105 705 1218 735 rostro
1233 701 1384 747 peremit
1406 705 1428 736 t.
1451 713 1482 737 v.
1504 713 1541 747 p.
1563 703 1695 735 Partem
1716 702 1883 736 demissus.
1902 702 2020 738 Salust.

191 752 275 785 Hist.
296 751 370 786 IV.:
400 751 567 785 Demissis
589 757 728 797 partem
755 754 856 798 quasi
876 754 1017 786 tertiam
1043 754 1221 786 antemnis.

88 803 167 837 Plus
186 803 255 837 hoc
275 806 437 848 tempore.
461 803 531 837 Cic.
552 804 701 849 Philipp.
724 801 798 838 1.²⁵:
829 805 918 838 Plus
939 816 1009 837 una
1033 809 1131 838 nocte
1161 804 1302 849 cupiens
1329 814 1384 836 me
1404 804 1554 837 retinere
1581 815 1646 837 non
1670 805 1792 849 potuit.
1845 804 1925 837 Plus
1952 803 2022 838 hoo

190 859 332 898 tempus·
362 854 458 899 Virg.
486 855 613 900 Georg.
635 852 760 889 llll.²⁶:
787 855 909 900 Neque
929 857 1016 889 enim
1032 857 1116 901 plus
1135 857 1285 900 septima
1308 855 1447 888 ducitur
1463 859 1587 888 aestas.
1616 856 1692 888 Plus
1707 856 1796 895 satis3
1821 856 1898 900 plus
1920 866 2021 899 quam

190 906 265 938 satis
293 902 380 938 est2'.
409 906 544 940 Terent.
571 906 739 951 Adelph:
773 907 915 940 Accede
940 908 991 940 ad
1019 908 1136 952 ignem
1167 908 1257 939 hunc
1265 920 1277 950 ‚-
1304 907 1375 939 iam
1401 907 1554 939 calesces
1570 907 1652 951 plus
1676 908 1770 940 satis.

87 957 156 991 Par
182 956 244 989 his.
275 955 345 990 Cic.
373 968 436 1001 pro
462 955 666 990 Cluentioffl:
706 958 856 1002 Ingenio
886 962 918 991 et
954 959 1080 991 virtute
1106 969 1181 1003 par
1217 958 1271 991 his
1302 968 1387 1003 quos
1429 962 1509 990 ante
1537 958 1737 992 memoravi.
1791 958 1856 990 Par
1881 956 1948 990 hac
1974 967 2019 989 re.

190 1007 259 1041 Sal.
285 1007 370 1041 Hist.
406 1004 531 1041 1111.²⁹:
575 1007 706 1042 Scalas
733 1020 846 1054 pares
871 1010 1042 1042 moeniurn
1078 1010 1270 1043 altitudine.
1331 1010 1397 1041 Par
1427 1019 1504 1042 cum
1538 1009 1600 1041 his.
1623 1008 1716 1041 Idem
1742 1004 1862 1053 Iug.³⁰:
1889 1008 2022 1040 Parem

190 1069 269 1092 cum
297 1057 415 1092 liberis
441 1059 526 1101 tuiS,
553 1060 724 1105 regnique
744 1061 959 1105 participem
976 1061 1109 1107 fecisti.
1162 1062 1228 1093 Par
1255 1059 1324 1094 hoc
1349 1057 1503 1094 facerem.
1539 1061 1635 1104 Virg.
1665 1061 1766 1095 Buc.:
1798 1059 1846 1092 Et
1876 1062 2022 1092 cantare

185 1119 307 1155 pares.

87 1160 198 1194 Pudet
219 1161 306 1194 illius
315 1156 349 1193 ³².
377 1160 448 1195 Cic.
470 1160 503 1192 in
526 1160 619 1193 Verr.
642 1161 716 1195 Act.
740 1161 781 1194 1.:
815 1160 912 1208 Quos
940 1162 1094 1196 libidinis
1120 1161 1357 1208 infamiaeque
1384 1173 1471 1195 suae
1485 1173 1595 1207 neque
1617 1161 1752 1207 pudeat
1775 1171 1883 1205 neque
1903 1157 2019 1205 [538]

190 1211 344 1245 taedeat.
403 1211 513 1244 Pudet
535 1211 617 1244 illud
627 1208 661 1247 ³³.
693 1212 827 1245 Terent.
855 1214 1024 1257 Adelph:
1053 1213 1132 1246 Non
1155 1218 1189 1246 te
1212 1214 1302 1246 haec
1317 1212 1482 1258 pudent?

87 1263 277 1297 Pertaesum
302 1266 351 1295 est
371 1261 479 1295 huius.
512 1262 606 1307 Virg.
629 1263 712 1296 Aen.
731 1260 858 1297 1111.³⁴:
896 1264 937 1298 Si
961 1276 1027 1298 non
1049 1269 1255 1310 pertaesum
1276 1265 1427 1298 thalami
1445 1265 1641 1309 taedaeque
1658 1263 1790 1307 fuisset.
1817 1263 1910 1306 Virg.
1939 1262 2021 1294 Aen.

187 1314 248 1347 V.:
280 1313 330 1346 Et
351 1324 436 1358 quos
460 1313 667 1347 Pertaesum
695 1315 823 1360 magni
856 1316 1005 1361 incoepti
1025 1327 1211 1361 rerumque
1235 1320 1387 1351 tuarum.
1420 1318 1464 1350 Et
1489 1316 1557 1350 Sal.
1578 1316 1664 1350 Hist.
1686 1311 1794 1347 111.³⁵:
1825 1314 1941 1360 Quam
1962 1323 2021 1345 vos

186 1365 336 1398 iniuriae
354 1368 559 1409 pertaesum
589 1369 648 1398 est.

85 1415 183 1450 Patet
204 1420 253 1449 tot
273 1415 389 1461 pedes.
416 1416 510 1461 Virg.
537 1413 673 1451 Buc.³⁶:
702 1416 780 1451 Tris
797 1421 924 1463 pateat
946 1419 1038 1452 caeli
1065 1418 1225 1464 spacium
1247 1429 1315 1452 non
1337 1419 1489 1464 amplius
1519 1418 1631 1451 ulnas.
1682 1417 1779 1450 Patet
1801 1419 1850 1449 tot
1870 1414 2020 1460 pedibus.

86 1554 138 1585 68.
167 1551 202 1581 A.
226 1552 267 1583 M.
286 1552 361 1580 Fuit
382 1551 484 1580 addidi
508 1561 523 1581 e
544 1552 615 1582 Cod.
640 1553 697 1581 Gu.
729 1568 769 1575 —
802 1553 849 1591 ΞΟ)
870 1553 949 1582 Haec
970 1554 1035 1582 for-

86 1594 168 1623 mula
184 1604 251 1622 cum
273 1595 410 1633 exemplo
433 1605 486 1623 suo
509 1594 692 1624 desideratur
712 1594 743 1623 in
766 1595 837 1624 cod.
859 1596 889 1626 A.
915 1596 955 1626 M.
974 1597 1034 1624 Lo-

87 1647 140 1665 cus
164 1636 224 1666 Cic.
248 1641 293 1665 est
315 1637 347 1664 in
377 1637 435 1666 Pis.
461 1637 507 1668 15.
540 1637 716 1666 Trthrtnos
745 1638 817 1667 Cod.
839 1639 895 1666 Gu.
921 1655 964 1661 —-
986 1640 1032 1677 21)

86 1679 152 1708 Sal.
180 1679 244 1707 Cat.
268 1681 316 1710 37.
341 1679 373 1708 A.
391 1679 430 1708 M.
448 1679 517 1717 Cap.
537 1682 586 1711 36.
602 1680 667 1710 edd.
685 1681 766 1708 Cort.
787 1680 866 1710 Gerl.
883 1681 940 1709 Pro
955 1681 1033 1709 diem

85 1726 210 1759 uterque
234 1721 306 1750 eod.
329 1720 447 1750 exhibet
475 1721 561 1752 idem.
593 1739 636 1744 —
661 1723 707 1761 22)
730 1723 903 1750 I’raeslolor
931 1724 981 1751 illi
1006 1729 1033 1751 et

86 1763 175 1791 illum
201 1763 271 1794 Cod.
299 1764 332 1791 A.
354 1764 392 1793 Μ.
427 1762 487 1793 Cic.
511 1765 542 1792 ιἰι
570 1764 636 1793 Cat.
660 1764 684 1795 Ῑ.
709 1767 737 1796 9.
767 1765 802 1795 Α.
821 1766 860 1793 Μ.
892 1766 1033 1794 Formula

84 1804 256 1834 Praestolor
277 1806 365 1833 illum
389 1806 469 1834 deest
490 1806 570 1844 apud
594 1807 628 1835 A.
649 1808 686 1835 M.
713 1808 823 1835 Terent.
847 1809 929 1837 Eun.
952 1811 981 1840 5.
1004 1811 1031 1839 6.

85 1849 115 1879 5.
138 1848 171 1875 A.
194 1847 231 1877 Μ.
256 1847 350 1876 Verba
371 1853 439 1876 ante
461 1850 571 1876 ostium
594 1859 740 1878 accessere
770 1860 785 1878 e
808 1850 882 1878 Cod.
907 1851 962 1878 Gu.
992 1866 1027 1870 -—

85 1891 132 1923 23)
157 1889 258 1918 Verris
272 1890 371 1918 addidi
388 1900 402 1919 e
420 1891 492 1920 cod.
512 1891 569 1920 Gu.
588 1892 723 1920 Fortasse
742 1896 840 1920 tamon
858 1892 1030 1929 legendum:

91 1931 218 1960 Verres
239 1937 359 1969 praesto
381 1938 431 1960 est.
455 1933 530 1961 Tum
555 1934 628 1966 Cod,
653 1936 708 1964 Gu.
732 1935 744 1961 i
771 1934 927 1972 respondet
948 1934 977 1963 h.
1003 1943 1028 1962 e.

87 1972 124 2001 id
149 1978 191 2001 est
212 1984 305 2011 resp.,
327 1975 473 2005 mendose.
500 1975 613 2003 Deinde
639 1976 766 2004 formula
792 1978 919 2004 Praesto
945 1975 1030 2003 adest

86 2026 155 2044 cum
178 2015 313 2053 exemplo
334 2016 509 2045 Terentiano
529 2018 650 2046 accessit
672 2029 687 2047 e
709 2018 779 2046 cod.
803 2019 857 2048 Gu.
873 2019 968 2045 Locus
986 2021 1029 2044 est

85 2058 203 2088 Terent.
217 2057 237 2094 Ι,
261 2059 289 2094 8,
312 2059 373 2094 2Ο.,
396 2059 446 2087 ubi
461 2064 557 2087 tamen
568 2061 671 2097 frater
689 2060 797 2097 legitur
816 2070 870 2097 pro
885 2070 915 2089 v.
930 2065 1027 2096 paler.

85 2116 128 2122 —
151 2100 211 2130 Cic,
233 2110 290 2138 pro
312 2100 438 2129 stlat-ena
462 2104 509 2132 12.
532 2102 565 2130 A.
587 2103 625 2131 M.
647 2119 688 2123 —
715 2104 763 2137 24)
786 2102 877 2129 Totus
898 2101 947 2129 hic
973 2111 1027 2128 ar-

84 2142 195 2171 ticulus
219 2142 299 2170 deest
327 2141 358 2170 in
379 2143 448 2172 Cod.
481 2143 515 2174 A.
536 2143 575 2172 M.
599 2144 694 2173 Locus
720 2143 799 2181 Virg.
830 2148 873 2171 est
893 2143 965 2171 Aen.
992 2142 1025 2177 V,

86 2187 157 2217 187.
186 2184 236 2213 ubi
257 2183 380 2220 legitur:
412 2185 504 2212 Parte
525 2187 628 2223 prior,
655 2190 771 2223 partem
797 2190 893 2212 rostro
917 2186 1028 2222 premit

87 2227 211 2255 aemula
232 2227 357 2256 Pristis.
392 2226 452 2263 Ego
475 2227 573 2265 apices
596 2228 667 2257 Cod.
691 2227 746 2255 Gu.
766 2226 846 2255 dedi.
877 2227 952 2254 Tum
977 2226 1027 2254 tli-

87 2270 201 2297 missus
222 2268 254 2297 in
277 2268 424 2304 formula,
446 2267 606 2297 demissus
629 2270 660 2297 in
686 2269 822 2307 exemplo
844 2267 931 2297 habet
955 2269 1025 2297 Cod.

86 2311 143 2341 Gu.
164 2311 258 2339 Locus
276 2320 377 2340 recens
398 2310 512 2338 accedit
528 2310 698 2348 fragmentis
715 2310 896 2341 Salustianis.
917 2326 959 2332 —
980 2310 1025 2349 25)

85 2352 169 2384 Idem
192 2352 270 2383 Pln'l.
290 2355 313 2383 I.
330 2354 359 2384 3.
383 2352 418 2381 A.
439 2352 477 2380 M.
500 2352 560 2381 Cic.
576 2353 728 2390 Philipp„
753 2362 876 2381 numero
894 2363 954 2381 non
975 2353 1025 2381 ad-

86 2396 159 2434 dito,
168 2395 238 2424 Cod.
254 2395 311 2424 Gu.
325 2410 367 2417 —
381 2393 427 2435 26)
435 2395 522 2433 Vir-g.
540 2395 646 2434 Georg.
657 2393 734 2424 IIII.
742 2397 812 2427 207·
826 2395 860 2425 A.
873 2395 912 2425 M.
937 2396 1023 2434 Virg.

1078 1554 1134 1583 IV.
1154 1555 1226 1585 cod.
1251 1556 1308 1585 Cu.
1336 1553 1504 1583 Diuiditur
1523 1564 1577 1592 pro
1610 1552 1734 1581 ducitur
1755 1553 1824 1582 cod.
1848 1552 1904 1580 Gu.
1925 1550 2020 1578 Aetas

1078 1597 1151 1626 cod.
1179 1598 1212 1626 A.
1234 1598 1288 1630 M.;
1312 1603 1412 1625 aestas
1435 1601 1514 1624 recte
1535 1595 1605 1625 Cod.
1632 1597 1686 1624 Gu.
1721 1611 1758 1616 ——·
1787 1594 1834 1632 27)
1858 1594 1936 1622 Haec
1956 1593 2019 1620 for·

1077 1640 1155 1667 mula
1185 1640 1359 1667 elocutionis
1392 1649 1459 1666 cum
1491 1638 1625 1675 exemplo
1657 1639 1721 1665 Ter.
1752 1637 1858 1665 desunt
1886 1636 1916 1663 in
1947 1634 2018 1662 Cod.

1076 1682 1110 1710 A.
1131 1682 1169 1710 M.
1191 1683 1284 1709 Loms
1305 1686 1347 1709 cst
1370 1681 1435 1708 Ter.
1454 1679 1587 1709 Eunuch.
1611 1680 1639 1715 Ι,
1663 1684 1698 1715 2,
1720 1680 1748 1711 5.
1775 1695 1814 1700 —-
1837 1678 1884 1713 28)
1906 1678 2017 1704 Locum

1075 1734 1136 1751 nou
1153 1724 1295 1751 indicavit
1318 1724 1350 1750 A.
1377 1723 1413 1751 M.
1430 1722 1481 1749 Est
1509 1732 1523 1749 e
1542 1732 1605 1760 cap.
1625 1724 1691 1757 38.‚
1714 1721 1764 1749 ubi
1786 1720 1908 1757 legitur:
1932 1718 2017 1755 Inge-

1073 1768 1122 1793 nio
1145 1772 1170 1792 ct
1191 1765 1350 1803 dilt'gentia
1366 1769 1391 1791 et
1413 1764 1556 1802 religione
1569 1774 1631 1801 par
1650 1765 1708 1800 iis,
1732 1773 1805 1801 quos
1829 1767 1919 1789 antea
1936 1770 2017 1787 com—

1072 1808 1242 1835 memoravi.
1275 1822 1316 1827 —
1350 1809 1394 1841 2⁷9)
1422 1808 1480 1835 Ραν
1510 1806 1584 1842 stae,
1615 1816 1672 1833 om.
1697 1815 1725 1833 v.
1749 1815 1793 1840 re,
1825 1803 1895 1832 Cod.
1918 1804 1952 1830 A.
1977 1802 2015 1830 M.

1072 1850 1135 1877 Sal.
1153 1850 1236 1877 lli-vt.
1258 1850 1333 1877 IIII.
1359 1850 1387 1879 9.
1418 1848 1450 1876 A.
1472 1847 1509 1878 M.
1535 1848 1680 1884 Fragmm.
1706 1847 1756 1875 lib.
1784 1846 1832 1883 IV,
1859 1846 1906 1877 15.
1936 1844 2014 1874 Gerl-

1070 1907 1111 1912 -—
1132 1893 1182 1926 30)
1207 1889 1287 1918 [clem
1303 1890 1434 1928 Izcg.15.
1458 1890 1491 1917 A.
1510 1890 1548 1919 M.
1578 1890 1646 1929 Cap.
1673 1891 1720 1921 14.
1747 1889 1812 1917 edd.
1829 1889 1910 1917 Cort.
1934 1887 2013 1915 Gerl.

1071 1949 1109 1954 ——
1132 1933 1179 1969 31)
1203 1932 1281 1960 Haec
1308 1933 1434 1960 elocutio
1457 1942 1522 1960 cum
1551 1933 1687 1971 exemplo
1711 1932 1794 1960 deest
1822 1931 1853 1958 in
1877 1930 1949 1958 Cod.
1978 1928 2012 1956 A.

1071 1975 1109 2002 M.
1139 1974 1234 2003 Locus
1257 1975 1336 2012 Virg.
1361 1979 1405 2002 est
1429 1974 1490 2004 Ecl.
1515 1974 1576 2011 Vll,
1599 1975 1626 2006 5.
1655 1991 1696 1996 —
1729 1972 1776 2013 ΒΞ)
1804 1971 1901 2001 Pudet
1918 1972 2012 2000 illius.

1071 2017 1151 2044 llaec
1172 2017 1299 2045 elocutio
1321 2027 1387 2044 cum
1413 2017 1547 2055 exemplo
1569 2027 1622 2045 suo
1642 2017 1723 2045 deest
1743 2015 1821 2054 apud
1842 2016 1875 2043 A.
1891 2015 1928 2044 M.
1954 2014 2012 2041 Lo—

1072 2068 1123 2087 cus
1144 2063 1186 2087 est
1209 2060 1268 2088 Cic.
1286 2059 1352 2088 Act.
1374 2059 1406 2086 in
1431 2059 1512 2090 Verr.
1534 2059 1557 2089 I.
1585 2070 1610 2088 c.
1635 2062 1683 2095 12,
1705 2061 1757 2090 35.
1778 2074 1819 2079 —
1848 2056 1893 2093 33)
1916 2055 2013 2085 Pudet

1069 2101 1136 2130 hoe.
1154 2102 1187 2129 A.
1210 2101 1247 2129 M.
1271 2102 1336 2129 Ter.
1360 2100 1449 2129 Adel.
1473 2104 1502 2132 4.
1524 2105 1552 2133 7.
1577 2104 1626 2133 86.
1655 2102 1688 2130 A.
1715 2102 1752 2129 M.
1778 2116 1817 2122 —
1848 2099 1893 2139 34)
1927 2099 2011 2136 Virg.

1070 2143 1145 2171 Aen.
1165 2140 1240 2173 IIII.
1267 2145 1314 2175 18.
1338 2143 1371 2172 A.
1392 2144 1430 2172 M.
1448 2145 1523 2172 Tum
1546 2145 1587 2172 Et
1610 2143 1688 2172 idem
1714 2144 1749 2172 V.
1778 2145 1807 2173 7.
1835 2144 1881 2173 14.
1913 2141 1948 2170 A.
1970 2141 2010 2169 M.

1075 2185 1159 2224 Vtrg.
1180 2185 1255 2214 Am.
1287 2187 1321 2215 V.
1347 2186 1418 2214 Cod.
1442 2187 1497 2215 Gu.
1521 2187 1558 2215 In.
1578 2188 1693 2225 coepti
1716 2185 1786 2214 (jod.
1815 2189 1947 2222 uterque.
1969 2197 2011 2203 -

1069 2227 1126 2265 35)
1163 2228 1225 2257 Sal.
1260 2229 1344 2258 llist.
1376 2228 1432 2257 Ill.
1467 2230 1496 2260 8.
1530 2229 1644 2267 Fragm.
1675 2229 1733 2265 111,
1775 2230 1824 2258 22.
1863 2226 1942 2255 Gerl.
1979 2224 2009 2250 in

1070 2274 1142 2298 orat.
1176 2270 1282 2298 Licinii
1311 2271 1348 2299 ad
1388 2271 1512 2309 plebem.
1557 2288 1598 2293 —
1646 2274 1696 2309 36)
1736 2271 1822 2308 Wrg.
1846 2269 1911 2297 Ecl.
1948 2263 2007 2294 ῙῙῙ.

1071 2314 1138 2344 105.
1170 2312 1206 2342 Α.
1243 2313 1282 2342 Μ.
1303 2318 1307 2321 ’
1327 2313 1401 2342 Tres
1432 2319 1519 2352 patet
1555 2313 1626 2343 eod.
1661 2314 1697 2343 A.
1731 2313 1770 2343 M.
1811 2311 1881 2340 Tris
1904 2313 2008 2349 pateat

1067 2354 1138 2384 cod.
1163 2355 1219 2384 Gu.
