<?xml version="1.0" encoding="UTF-8"?>
<!DOCTYPE html PUBLIC "-//W3C//DTD XHTML 1.0 Transitional//EN"
    "http://www.w3.org/TR/xhtml1/DTD/xhtml1-transitional.dtd">
<html xmlns="http://www.w3.org/1999/xhtml" xml:lang="en" lang="en">
 <head>
  <title>
</title>
<meta http-equiv="Content-Type" content="text/html;charset=utf-8" />
  <meta name='ocr-system' content='tesseract 3.04.00' />
  <meta name='ocr-capabilities' content='ocr_page ocr_carea ocr_par ocr_line ocrx_word'/>
</head>
<body>
  <div class='ocr_page' id='page_1' title='image "./corpusgrammatico01linduoft_1154.png"; bbox 0 0 2263 2668; ppageno 0'>
   <div class='ocr_carea' id='block_1_1' title="bbox 241 180 1763 228">
    <p class='ocr_par' dir='ltr' id='par_1_1' title="bbox 241 180 1763 228">
     <span class='ocr_line' id='line_1_1' title="bbox 241 180 1763 228; baseline -0.007 0"><span class='ocrx_word' id='word_1_1' title='bbox 241 195 264 228; x_wconf 73' lang='lat'>7</span> <span class='ocrx_word' id='word_1_2' title='bbox 271 194 318 227; x_wconf 84' lang='lat'>26</span> <span class='ocrx_word' id='word_1_3' title='bbox 672 182 1018 216; x_wconf 83' lang='lat' dir='ltr'><strong>COMMENTARII</strong></span> <span class='ocrx_word' id='word_1_4' title='bbox 1043 183 1092 216; x_wconf 93' lang='lat' dir='ltr'>IN</span> <span class='ocrx_word' id='word_1_5' title='bbox 1118 181 1261 216; x_wconf 91' lang='lat' dir='ltr'><strong>PAULI</strong></span> <span class='ocrx_word' id='word_1_6' title='bbox 1286 180 1483 216; x_wconf 87' lang='lat' dir='ltr'><strong>DIACONI</strong></span> <span class='ocrx_word' id='word_1_7' title='bbox 1507 181 1763 217; x_wconf 78' lang='lat' dir='ltr'><strong>EXGERPTA</strong></span> 
     </span>
    </p>
   </div>
   <div class='ocr_carea' id='block_1_2' title="bbox 236 273 2193 2479">
    <p class='ocr_par' dir='ltr' id='par_1_2' title="bbox 237 273 2190 1029">
     <span class='ocr_line' id='line_1_2' title="bbox 407 273 2187 316; baseline 0.001 -8"><span class='ocrx_word' id='word_1_8' title='bbox 407 277 589 310; x_wconf 82' lang='lat' dir='ltr'>Tutulum.</span> <span class='ocrx_word' id='word_1_9' title='bbox 633 274 730 304; x_wconf 81' lang='lat' dir='ltr'>Varro</span> <span class='ocrx_word' id='word_1_10' title='bbox 757 273 868 304; x_wconf 85' lang='lat' dir='ltr'>lib.V1.</span> <span class='ocrx_word' id='word_1_11' title='bbox 892 273 928 303; x_wconf 86' lang='lat' dir='ltr'>de</span> <span class='ocrx_word' id='word_1_12' title='bbox 951 275 981 304; x_wconf 92' lang='lat' dir='ltr'>L.</span> <span class='ocrx_word' id='word_1_13' title='bbox 1002 276 1034 306; x_wconf 89' lang='lat' dir='ltr'>L.</span> <span class='ocrx_word' id='word_1_14' title='bbox 1058 275 1143 315; x_wconf 84' lang='lat' dir='ltr'>(VII.</span> <span class='ocrx_word' id='word_1_15' title='bbox 1166 286 1230 314; x_wconf 84' lang='lat' dir='ltr'>pag.</span> <span class='ocrx_word' id='word_1_16' title='bbox 1242 277 1314 307; x_wconf 86' lang='lat'>330.</span> <span class='ocrx_word' id='word_1_17' title='bbox 1338 274 1409 314; x_wconf 87' lang='lat' dir='ltr'>Sp.)</span> <span class='ocrx_word' id='word_1_18' title='bbox 1431 274 1525 303; x_wconf 83' lang='lat' dir='ltr'>Ennii</span> <span class='ocrx_word' id='word_1_19' title='bbox 1549 284 1655 305; x_wconf 84' lang='lat' dir='ltr'>versus</span> <span class='ocrx_word' id='word_1_20' title='bbox 1681 276 1789 314; x_wconf 83' lang='lat' dir='ltr'><strong>refert,</strong></span> <span class='ocrx_word' id='word_1_21' title='bbox 1825 276 1875 316; x_wconf 88' lang='lat' dir='ltr'>qui</span> <span class='ocrx_word' id='word_1_22' title='bbox 1902 276 1941 306; x_wconf 82' lang='lat' dir='ltr'>ad</span> <span class='ocrx_word' id='word_1_23' title='bbox 1961 277 2087 308; x_wconf 86' lang='lat' dir='ltr'><strong>Numam</strong></span> <span class='ocrx_word' id='word_1_24' title='bbox 2107 280 2187 309; x_wconf 81' lang='lat' dir='ltr'>refe-</span> 
     </span>
     <span class='ocr_line' id='line_1_3' title="bbox 241 315 2188 360; baseline -0.003 -5"><span class='ocrx_word' id='word_1_25' title='bbox 241 332 358 357; x_wconf 80' lang='lat' dir='ltr'>runtur,</span> <span class='ocrx_word' id='word_1_26' title='bbox 390 323 508 352; x_wconf 79' lang='lat' dir='ltr'><em>Menses</em></span> <span class='ocrx_word' id='word_1_27' title='bbox 529 318 694 353; x_wconf 80' lang='lat' dir='ltr'>constituit,</span> <span class='ocrx_word' id='word_1_28' title='bbox 717 315 849 356; x_wconf 78' lang='lat' dir='ltr'><em>idemque</em></span> <span class='ocrx_word' id='word_1_29' title='bbox 870 316 983 346; x_wconf 84' lang='lat' dir='ltr'>ancilia</span> <span class='ocrx_word' id='word_1_30' title='bbox 1008 340 1015 348; x_wconf 87' lang='lat'>.</span> <span class='ocrx_word' id='word_1_31' title='bbox 1041 340 1048 348; x_wconf 91' lang='lat'>.</span> <span class='ocrx_word' id='word_1_32' title='bbox 1074 340 1083 348; x_wconf 88' lang='lat'>.</span> <span class='ocrx_word' id='word_1_33' title='bbox 1108 340 1115 348; x_wconf 90' lang='lat'>.</span> <span class='ocrx_word' id='word_1_34' title='bbox 1140 317 1274 358; x_wconf 78' lang='lat' dir='ltr'><em>Libaque</em></span> <span class='ocrx_word' id='word_1_35' title='bbox 1284 318 1425 358; x_wconf 81' lang='lat' dir='ltr'>fictores,</span> <span class='ocrx_word' id='word_1_36' title='bbox 1450 316 1566 356; x_wconf 76' lang='lat' dir='ltr'>Argios</span> <span class='ocrx_word' id='word_1_37' title='bbox 1586 326 1614 347; x_wconf 79' lang='lat' dir='ltr'>et</span> <span class='ocrx_word' id='word_1_38' title='bbox 1638 317 1802 349; x_wconf 77' lang='lat' dir='ltr'>Tutulatos.</span> <span class='ocrx_word' id='word_1_39' title='bbox 1825 319 1914 349; x_wconf 71' lang='lat' dir='ltr'>Ant.</span> <span class='ocrx_word' id='word_1_40' title='bbox 1933 319 2026 359; x_wconf 77' lang='lat' dir='ltr'>Aug.</span> <span class='ocrx_word' id='word_1_41' title='bbox 2064 321 2188 360; x_wconf 76' lang='lat' dir='ltr'><strong>Proprie</strong></span> 
     </span>
     <span class='ocr_line' id='line_1_4' title="bbox 240 360 2189 401; baseline -0.003 -2"><span class='ocrx_word' id='word_1_42' title='bbox 240 369 356 399; x_wconf 85' lang='lat' dir='ltr'>tutulus</span> <span class='ocrx_word' id='word_1_43' title='bbox 376 367 459 394; x_wconf 89' lang='lat' dir='ltr'>locus</span> <span class='ocrx_word' id='word_1_44' title='bbox 484 361 565 389; x_wconf 84' lang='lat' dir='ltr'>urbis</span> <span class='ocrx_word' id='word_1_45' title='bbox 588 360 762 394; x_wconf 73' lang='lat' dir='ltr'>altissimus,</span> <span class='ocrx_word' id='word_1_46' title='bbox 786 360 863 388; x_wconf 78' lang='lat' dir='ltr'>unde</span> <span class='ocrx_word' id='word_1_47' title='bbox 885 360 916 387; x_wconf 91' lang='lat' dir='ltr'>in</span> <span class='ocrx_word' id='word_1_48' title='bbox 939 361 1061 389; x_wconf 85' lang='lat' dir='ltr'>muliere</span> <span class='ocrx_word' id='word_1_49' title='bbox 1084 365 1170 389; x_wconf 87' lang='lat' dir='ltr'>notat</span> <span class='ocrx_word' id='word_1_50' title='bbox 1193 361 1369 400; x_wconf 84' lang='lat' dir='ltr'>capillorum</span> <span class='ocrx_word' id='word_1_51' title='bbox 1391 361 1421 388; x_wconf 92' lang='lat' dir='ltr'>in</span> <span class='ocrx_word' id='word_1_52' title='bbox 1445 369 1551 388; x_wconf 87' lang='lat' dir='ltr'>conum</span> <span class='ocrx_word' id='word_1_53' title='bbox 1575 366 1762 400; x_wconf 80' lang='lat' dir='ltr'>congestum,</span> <span class='ocrx_word' id='word_1_54' title='bbox 1790 369 1955 401; x_wconf 76' lang='lat' dir='ltr'>suggestum</span> <span class='ocrx_word' id='word_1_55' title='bbox 1979 374 2078 392; x_wconf 89' lang='lat' dir='ltr'>comae</span> <span class='ocrx_word' id='word_1_56' title='bbox 2101 369 2189 394; x_wconf 81' lang='lat' dir='ltr'>vocat</span> 
     </span>
     <span class='ocr_line' id='line_1_5' title="bbox 242 402 2188 449; baseline 0.001 -16"><span class='ocrx_word' id='word_1_57' title='bbox 242 409 382 449; x_wconf 64' lang='lat' dir='ltr'>papinius</span> <span class='ocrx_word' id='word_1_58' title='bbox 405 405 496 442; x_wconf 89' lang='lat' dir='ltr'>(Silv.</span> <span class='ocrx_word' id='word_1_59' title='bbox 511 404 540 440; x_wconf 86' lang='grc' dir='ltr'>Ι,</span> <span class='ocrx_word' id='word_1_60' title='bbox 563 405 598 439; x_wconf 81' lang='lat'>2,</span> <span class='ocrx_word' id='word_1_61' title='bbox 624 403 727 439; x_wconf 59' lang='lat'>113),</span> <span class='ocrx_word' id='word_1_62' title='bbox 766 403 900 431; x_wconf 76' lang='lat' dir='ltr'><em>turritam</em></span> <span class='ocrx_word' id='word_1_63' title='bbox 920 402 1056 443; x_wconf 82' lang='lat' dir='ltr'>frontem</span> <span class='ocrx_word' id='word_1_64' title='bbox 1085 403 1243 434; x_wconf 88' lang='lat' dir='ltr'>Iuvenalis.</span> <span class='ocrx_word' id='word_1_65' title='bbox 1288 404 1322 432; x_wconf 93' lang='lat' dir='ltr'>In</span> <span class='ocrx_word' id='word_1_66' title='bbox 1342 402 1509 431; x_wconf 85' lang='lat' dir='ltr'>flaminibus</span> <span class='ocrx_word' id='word_1_67' title='bbox 1532 408 1631 433; x_wconf 86' lang='lat' dir='ltr'>autem</span> <span class='ocrx_word' id='word_1_68' title='bbox 1654 414 1800 433; x_wconf 88' lang='lat' dir='ltr'>summum</span> <span class='ocrx_word' id='word_1_69' title='bbox 1823 404 1971 442; x_wconf 75' lang='lat' dir='ltr'>fastigium</span> <span class='ocrx_word' id='word_1_70' title='bbox 1992 405 2064 444; x_wconf 88' lang='lat' dir='ltr'>pilei</span> <span class='ocrx_word' id='word_1_71' title='bbox 2085 406 2188 444; x_wconf 87' lang='lat' dir='ltr'>lanati,</span> 
     </span>
     <span class='ocr_line' id='line_1_6' title="bbox 240 444 2187 485; baseline -0.002 -4"><span class='ocrx_word' id='word_1_72' title='bbox 240 454 298 481; x_wconf 90' lang='lat' dir='ltr'>hoc</span> <span class='ocrx_word' id='word_1_73' title='bbox 323 455 366 479; x_wconf 86' lang='lat' dir='ltr'>est</span> <span class='ocrx_word' id='word_1_74' title='bbox 388 447 526 476; x_wconf 87' lang='lat' dir='ltr'>flammei.</span> <span class='ocrx_word' id='word_1_75' title='bbox 570 445 666 473; x_wconf 79' lang='lat' dir='ltr'>Varro</span> <span class='ocrx_word' id='word_1_76' title='bbox 690 444 803 473; x_wconf 85' lang='lat' dir='ltr'>lib.V1.</span> <span class='ocrx_word' id='word_1_77' title='bbox 828 445 863 473; x_wconf 84' lang='lat' dir='ltr'>de</span> <span class='ocrx_word' id='word_1_78' title='bbox 886 445 917 473; x_wconf 91' lang='lat' dir='ltr'>L.</span> <span class='ocrx_word' id='word_1_79' title='bbox 940 446 970 474; x_wconf 88' lang='lat' dir='ltr'>L.</span> <span class='ocrx_word' id='word_1_80' title='bbox 992 445 1074 483; x_wconf 84' lang='lat' dir='ltr'>(VH.</span> <span class='ocrx_word' id='word_1_81' title='bbox 1096 447 1250 485; x_wconf 81' lang='lat' dir='ltr'>pag.330.</span> <span class='ocrx_word' id='word_1_82' title='bbox 1275 445 1342 485; x_wconf 86' lang='lat' dir='ltr'>Sp.)</span> <span class='ocrx_word' id='word_1_83' title='bbox 1373 446 1443 474; x_wconf 89' lang='lat' dir='ltr'>dum</span> <span class='ocrx_word' id='word_1_84' title='bbox 1472 448 1598 484; x_wconf 80' lang='lat' dir='ltr'><strong>exponit</strong></span> <span class='ocrx_word' id='word_1_85' title='bbox 1625 447 1702 476; x_wconf 84' lang='lat' dir='ltr'>illud</span> <span class='ocrx_word' id='word_1_86' title='bbox 1730 447 1816 475; x_wconf 87' lang='lat' dir='ltr'>Ennii</span> <span class='ocrx_word' id='word_1_87' title='bbox 1840 457 1854 475; x_wconf 91' lang='lat' dir='ltr'>e</span> <span class='ocrx_word' id='word_1_88' title='bbox 1878 448 2015 476; x_wconf 86' lang='lat' dir='ltr'>Saturnio</span> <span class='ocrx_word' id='word_1_89' title='bbox 2043 449 2187 479; x_wconf 82' lang='lat' dir='ltr'><strong>carmine:</strong></span> 
     </span>
     <span class='ocr_line' id='line_1_7' title="bbox 239 485 2188 532; baseline -0.001 -11"><span class='ocrx_word' id='word_1_90' title='bbox 239 494 375 532; x_wconf 82' lang='lat' dir='ltr'><strong><em>Libaque</em></strong></span> <span class='ocrx_word' id='word_1_91' title='bbox 393 491 520 530; x_wconf 84' lang='lat' dir='ltr'>fictores</span> <span class='ocrx_word' id='word_1_92' title='bbox 541 487 658 526; x_wconf 76' lang='lat' dir='ltr'>Argeos</span> <span class='ocrx_word' id='word_1_93' title='bbox 680 494 705 515; x_wconf 88' lang='lat' dir='ltr'>et</span> <span class='ocrx_word' id='word_1_94' title='bbox 729 485 878 515; x_wconf 73' lang='lat' dir='ltr'><em>tutulatos.</em></span> <span class='ocrx_word' id='word_1_95' title='bbox 926 486 1075 522; x_wconf 81' lang='lat' dir='ltr'>Tutulati‚</span> <span class='ocrx_word' id='word_1_96' title='bbox 1112 489 1226 527; x_wconf 84' lang='lat' dir='ltr'>inquit,</span> <span class='ocrx_word' id='word_1_97' title='bbox 1264 487 1351 524; x_wconf 78' lang='lat' dir='ltr'>dicti,</span> <span class='ocrx_word' id='word_1_98' title='bbox 1389 489 1440 528; x_wconf 84' lang='lat' dir='ltr'>qui</span> <span class='ocrx_word' id='word_1_99' title='bbox 1467 488 1496 516; x_wconf 86' lang='lat' dir='ltr'>in</span> <span class='ocrx_word' id='word_1_100' title='bbox 1519 489 1613 517; x_wconf 88' lang='lat' dir='ltr'>sacris</span> <span class='ocrx_word' id='word_1_101' title='bbox 1635 489 1781 528; x_wconf 81' lang='lat' dir='ltr'><em>capitibus</em></span> <span class='ocrx_word' id='word_1_102' title='bbox 1804 490 1880 527; x_wconf 76' lang='lat' dir='ltr'>(leg.</span> <span class='ocrx_word' id='word_1_103' title='bbox 1904 488 2045 528; x_wconf 77' lang='lat' dir='ltr'><strong><em>apicibus.</em></strong></span> <span class='ocrx_word' id='word_1_104' title='bbox 2070 489 2188 530; x_wconf 78' lang='lat' dir='ltr'>Scal.)</span> 
     </span>
     <span class='ocr_line' id='line_1_8' title="bbox 240 528 2189 571; baseline -0.001 -7"><span class='ocrx_word' id='word_1_105' title='bbox 240 535 343 564; x_wconf 76' lang='lat' dir='ltr'>babere</span> <span class='ocrx_word' id='word_1_106' title='bbox 364 532 473 568; x_wconf 79' lang='lat' dir='ltr'><strong><em>solent,</em></strong></span> <span class='ocrx_word' id='word_1_107' title='bbox 497 538 528 559; x_wconf 80' lang='lat' dir='ltr'>ut</span> <span class='ocrx_word' id='word_1_108' title='bbox 547 529 671 559; x_wconf 86' lang='lat' dir='ltr'>Metam.</span> <span class='ocrx_word' id='word_1_109' title='bbox 708 528 745 557; x_wconf 80' lang='lat' dir='ltr'>Id</span> <span class='ocrx_word' id='word_1_110' title='bbox 770 528 892 558; x_wconf 85' lang='lat' dir='ltr'>Tutulus</span> <span class='ocrx_word' id='word_1_111' title='bbox 914 528 1079 569; x_wconf 84' lang='lat' dir='ltr'>appellatur</span> <span class='ocrx_word' id='word_1_112' title='bbox 1101 530 1138 559; x_wconf 86' lang='lat' dir='ltr'>ab</span> <span class='ocrx_word' id='word_1_113' title='bbox 1162 542 1209 568; x_wconf 85' lang='lat' dir='ltr'>eo,</span> <span class='ocrx_word' id='word_1_114' title='bbox 1236 530 1316 571; x_wconf 78' lang='lat' dir='ltr'>quod</span> <span class='ocrx_word' id='word_1_115' title='bbox 1337 529 1581 569; x_wconf 76' lang='lat' dir='ltr'><strong><em>matresfamilias</em></strong></span> <span class='ocrx_word' id='word_1_116' title='bbox 1602 532 1696 560; x_wconf 85' lang='lat' dir='ltr'>crines</span> <span class='ocrx_word' id='word_1_117' title='bbox 1718 530 1890 561; x_wconf 82' lang='lat' dir='ltr'>convolutos</span> <span class='ocrx_word' id='word_1_118' title='bbox 1911 530 1952 560; x_wconf 69' lang='lat' dir='ltr'>ad</span> <span class='ocrx_word' id='word_1_119' title='bbox 1972 533 2106 561; x_wconf 85' lang='lat' dir='ltr'>verticem</span> <span class='ocrx_word' id='word_1_120' title='bbox 2129 543 2189 562; x_wconf 82' lang='lat' dir='ltr'>ca-</span> 
     </span>
     <span class='ocr_line' id='line_1_9' title="bbox 237 569 2190 617; baseline -0.001 -11"><span class='ocrx_word' id='word_1_121' title='bbox 237 578 325 617; x_wconf 84' lang='lat' dir='ltr'>pitis,</span> <span class='ocrx_word' id='word_1_122' title='bbox 349 586 421 617; x_wconf 85' lang='lat' dir='ltr'>quos</span> <span class='ocrx_word' id='word_1_123' title='bbox 443 573 549 602; x_wconf 77' lang='lat' dir='ltr'>habent</span> <span class='ocrx_word' id='word_1_124' title='bbox 571 573 614 601; x_wconf 85' lang='lat' dir='ltr'>uti</span> <span class='ocrx_word' id='word_1_125' title='bbox 635 570 758 607; x_wconf 81' lang='lat' dir='ltr'>velatos,</span> <span class='ocrx_word' id='word_1_126' title='bbox 790 569 890 600; x_wconf 77' lang='lat' dir='ltr'>dicunt</span> <span class='ocrx_word' id='word_1_127' title='bbox 913 571 1037 607; x_wconf 82' lang='lat' dir='ltr'>tutulos,</span> <span class='ocrx_word' id='word_1_128' title='bbox 1068 573 1126 602; x_wconf 82' lang='lat' dir='ltr'>sive</span> <span class='ocrx_word' id='word_1_129' title='bbox 1148 573 1185 601; x_wconf 85' lang='lat' dir='ltr'>ab</span> <span class='ocrx_word' id='word_1_130' title='bbox 1209 585 1257 609; x_wconf 87' lang='lat' dir='ltr'>eo,</span> <span class='ocrx_word' id='word_1_131' title='bbox 1288 571 1367 613; x_wconf 83' lang='lat' dir='ltr'>quod</span> <span class='ocrx_word' id='word_1_132' title='bbox 1389 571 1489 601; x_wconf 80' lang='lat' dir='ltr'>tuendi</span> <span class='ocrx_word' id='word_1_133' title='bbox 1511 583 1600 602; x_wconf 84' lang='lat' dir='ltr'>causa</span> <span class='ocrx_word' id='word_1_134' title='bbox 1623 572 1727 612; x_wconf 88' lang='lat' dir='ltr'>capilli</span> <span class='ocrx_word' id='word_1_135' title='bbox 1738 573 1872 613; x_wconf 80' lang='lat' dir='ltr'>fiebant,</span> <span class='ocrx_word' id='word_1_136' title='bbox 1896 574 1954 602; x_wconf 85' lang='lat' dir='ltr'>sive</span> <span class='ocrx_word' id='word_1_137' title='bbox 1975 573 2013 603; x_wconf 85' lang='lat' dir='ltr'>ab</span> <span class='ocrx_word' id='word_1_138' title='bbox 2035 586 2084 612; x_wconf 87' lang='lat' dir='ltr'>eo,</span> <span class='ocrx_word' id='word_1_139' title='bbox 2108 573 2190 615; x_wconf 66' lang='lat' dir='ltr'>quod</span> 
     </span>
     <span class='ocr_line' id='line_1_10' title="bbox 239 613 2189 654; baseline -0.001 -6"><span class='ocrx_word' id='word_1_140' title='bbox 239 618 414 648; x_wconf 84' lang='lat' dir='ltr'>altissimum</span> <span class='ocrx_word' id='word_1_141' title='bbox 437 617 467 645; x_wconf 83' lang='lat' dir='ltr'>in</span> <span class='ocrx_word' id='word_1_142' title='bbox 489 614 558 644; x_wconf 78' lang='lat' dir='ltr'>urbe</span> <span class='ocrx_word' id='word_1_143' title='bbox 580 613 660 654; x_wconf 78' lang='lat' dir='ltr'>quod</span> <span class='ocrx_word' id='word_1_144' title='bbox 680 621 736 650; x_wconf 80' lang='lat' dir='ltr'>est,</span> <span class='ocrx_word' id='word_1_145' title='bbox 767 624 799 641; x_wconf 86' lang='lat' dir='ltr'>ea</span> <span class='ocrx_word' id='word_1_146' title='bbox 822 625 864 642; x_wconf 86' lang='lat' dir='ltr'>res</span> <span class='ocrx_word' id='word_1_147' title='bbox 887 615 1049 651; x_wconf 80' lang='lat' dir='ltr'>tutissima,</span> <span class='ocrx_word' id='word_1_148' title='bbox 1079 614 1190 644; x_wconf 85' lang='lat' dir='ltr'>tutulus</span> <span class='ocrx_word' id='word_1_149' title='bbox 1210 623 1341 644; x_wconf 86' lang='lat' dir='ltr'>vocatur.</span> <span class='ocrx_word' id='word_1_150' title='bbox 1387 615 1481 650; x_wconf 82' lang='lat' dir='ltr'><strong>Quem</strong></span> <span class='ocrx_word' id='word_1_151' title='bbox 1505 615 1607 644; x_wconf 90' lang='lat' dir='ltr'>locum</span> <span class='ocrx_word' id='word_1_152' title='bbox 1630 616 1788 654; x_wconf 83' lang='lat' dir='ltr'>Varronis,</span> <span class='ocrx_word' id='word_1_153' title='bbox 1813 615 1883 654; x_wconf 89' lang='lat' dir='ltr'>quia</span> <span class='ocrx_word' id='word_1_154' title='bbox 1904 616 1986 654; x_wconf 83' lang='lat' dir='ltr'><strong>turpi</strong></span> <span class='ocrx_word' id='word_1_155' title='bbox 2008 617 2114 646; x_wconf 82' lang='lat' dir='ltr'>mendo</span> <span class='ocrx_word' id='word_1_156' title='bbox 2137 617 2189 647; x_wconf 87' lang='lat' dir='ltr'>de-</span> 
     </span>
     <span class='ocr_line' id='line_1_11' title="bbox 239 656 2189 694; baseline -0.002 -3"><span class='ocrx_word' id='word_1_157' title='bbox 239 662 384 691; x_wconf 77' lang='lat' dir='ltr'>formatus</span> <span class='ocrx_word' id='word_1_158' title='bbox 407 665 465 693; x_wconf 86' lang='lat' dir='ltr'>est,</span> <span class='ocrx_word' id='word_1_159' title='bbox 495 658 620 686; x_wconf 77' lang='lat' dir='ltr'>tentavit</span> <span class='ocrx_word' id='word_1_160' title='bbox 644 656 712 684; x_wconf 86' lang='lat' dir='ltr'>olim</span> <span class='ocrx_word' id='word_1_161' title='bbox 736 656 865 693; x_wconf 79' lang='lat' dir='ltr'>Scaliger</span> <span class='ocrx_word' id='word_1_162' title='bbox 888 667 942 694; x_wconf 83' lang='lat' dir='ltr'>pro</span> <span class='ocrx_word' id='word_1_163' title='bbox 966 658 1008 684; x_wconf 83' lang='lat' dir='ltr'>uti</span> <span class='ocrx_word' id='word_1_164' title='bbox 1030 656 1141 686; x_wconf 86' lang='lat' dir='ltr'>velatos</span> <span class='ocrx_word' id='word_1_165' title='bbox 1162 658 1328 686; x_wconf 83' lang='lat' dir='ltr'>rescribens</span> <span class='ocrx_word' id='word_1_166' title='bbox 1351 656 1453 686; x_wconf 85' lang='lat' dir='ltr'>elatos.</span> <span class='ocrx_word' id='word_1_167' title='bbox 1491 658 1655 687; x_wconf 85' lang='lat' dir='ltr'>Infeliciter</span> <span class='ocrx_word' id='word_1_168' title='bbox 1684 669 1762 687; x_wconf 87' lang='lat' dir='ltr'>sane.</span> <span class='ocrx_word' id='word_1_169' title='bbox 1802 659 1877 687; x_wconf 80' lang='lat' dir='ltr'>Nam</span> <span class='ocrx_word' id='word_1_170' title='bbox 1906 663 2020 687; x_wconf 86' lang='lat' dir='ltr'>certum</span> <span class='ocrx_word' id='word_1_171' title='bbox 2044 664 2088 688; x_wconf 87' lang='lat' dir='ltr'>est</span> <span class='ocrx_word' id='word_1_172' title='bbox 2109 659 2189 688; x_wconf 91' lang='lat' dir='ltr'>scri-</span> 
     </span>
     <span class='ocr_line' id='line_1_12' title="bbox 239 697 2188 744; baseline -0.002 -11"><span class='ocrx_word' id='word_1_173' title='bbox 239 704 332 744; x_wconf 88' lang='lat' dir='ltr'>psisse</span> <span class='ocrx_word' id='word_1_174' title='bbox 355 703 533 731; x_wconf 78' lang='lat' dir='ltr'>Varronem:</span> <span class='ocrx_word' id='word_1_175' title='bbox 569 710 640 739; x_wconf 77' lang='lat' dir='ltr'>quos</span> <span class='ocrx_word' id='word_1_176' title='bbox 663 697 768 727; x_wconf 69' lang='lat' dir='ltr'>liabent</span> <span class='ocrx_word' id='word_1_177' title='bbox 791 705 846 726; x_wconf 88' lang='lat' dir='ltr'>rete</span> <span class='ocrx_word' id='word_1_178' title='bbox 868 698 988 727; x_wconf 80' lang='lat' dir='ltr'>velatos.</span> <span class='ocrx_word' id='word_1_179' title='bbox 1033 700 1105 728; x_wconf 85' lang='lat' dir='ltr'>Rete</span> <span class='ocrx_word' id='word_1_180' title='bbox 1130 701 1206 729; x_wconf 83' lang='lat' dir='ltr'>enim</span> <span class='ocrx_word' id='word_1_181' title='bbox 1229 701 1306 729; x_wconf 88' lang='lat' dir='ltr'>inter</span> <span class='ocrx_word' id='word_1_182' title='bbox 1329 700 1471 728; x_wconf 85' lang='lat' dir='ltr'>mundum</span> <span class='ocrx_word' id='word_1_183' title='bbox 1494 701 1667 730; x_wconf 84' lang='lat' dir='ltr'>muliebrem</span> <span class='ocrx_word' id='word_1_184' title='bbox 1690 701 1811 740; x_wconf 86' lang='lat' dir='ltr'>proprie</span> <span class='ocrx_word' id='word_1_185' title='bbox 1833 701 1907 729; x_wconf 85' lang='lat' dir='ltr'>vitta</span> <span class='ocrx_word' id='word_1_186' title='bbox 1930 701 2070 731; x_wconf 86' lang='lat' dir='ltr'>crinium.</span> <span class='ocrx_word' id='word_1_187' title='bbox 2106 702 2188 731; x_wconf 81' lang='lat' dir='ltr'>Idem</span> 
     </span>
     <span class='ocr_line' id='line_1_13' title="bbox 240 739 2188 781; baseline -0.001 -6"><span class='ocrx_word' id='word_1_188' title='bbox 240 747 334 775; x_wconf 87' lang='lat' dir='ltr'>Varro</span> <span class='ocrx_word' id='word_1_189' title='bbox 357 745 405 773; x_wconf 88' lang='lat' dir='ltr'>lib.</span> <span class='ocrx_word' id='word_1_190' title='bbox 421 743 469 772; x_wconf 93' lang='lat' dir='ltr'>IV.</span> <span class='ocrx_word' id='word_1_191' title='bbox 494 742 547 781; x_wconf 90' lang='lat' dir='ltr'>(V.</span> <span class='ocrx_word' id='word_1_192' title='bbox 570 752 635 780; x_wconf 84' lang='lat' dir='ltr'>pag.</span> <span class='ocrx_word' id='word_1_193' title='bbox 651 742 719 772; x_wconf 82' lang='lat'>133.</span> <span class='ocrx_word' id='word_1_194' title='bbox 744 740 828 779; x_wconf 86' lang='lat' dir='ltr'>Sp.):</span> <span class='ocrx_word' id='word_1_195' title='bbox 867 740 903 769; x_wconf 89' lang='lat' dir='ltr'>Et</span> <span class='ocrx_word' id='word_1_196' title='bbox 931 739 1011 781; x_wconf 76' lang='lat' dir='ltr'>quod</span> <span class='ocrx_word' id='word_1_197' title='bbox 1033 741 1173 781; x_wconf 83' lang='lat' dir='ltr'>capillum</span> <span class='ocrx_word' id='word_1_198' title='bbox 1198 744 1371 780; x_wconf 80' lang='lat' dir='ltr'>contineret,</span> <span class='ocrx_word' id='word_1_199' title='bbox 1409 741 1520 771; x_wconf 77' lang='lat' dir='ltr'>dictum</span> <span class='ocrx_word' id='word_1_200' title='bbox 1545 754 1563 770; x_wconf 91' lang='lat' dir='ltr'>a</span> <span class='ocrx_word' id='word_1_201' title='bbox 1586 751 1642 771; x_wconf 85' lang='lat' dir='ltr'>rete</span> <span class='ocrx_word' id='word_1_202' title='bbox 1665 742 1833 779; x_wconf 83' lang='lat' dir='ltr'>reticulum,</span> <span class='ocrx_word' id='word_1_203' title='bbox 1870 744 2088 773; x_wconf 88' lang='lat' dir='ltr'>restitutionem</span> <span class='ocrx_word' id='word_1_204' title='bbox 2110 744 2188 773; x_wconf 83' lang='lat' dir='ltr'>hanc</span> 
     </span>
     <span class='ocr_line' id='line_1_14' title="bbox 239 783 2188 825; baseline -0.001 -8"><span class='ocrx_word' id='word_1_205' title='bbox 239 788 358 817; x_wconf 84' lang='lat' dir='ltr'>firmant</span> <span class='ocrx_word' id='word_1_206' title='bbox 387 785 477 814; x_wconf 80' lang='lat' dir='ltr'>verba</span> <span class='ocrx_word' id='word_1_207' title='bbox 506 784 570 823; x_wconf 83' lang='lat' dir='ltr'>ipsa</span> <span class='ocrx_word' id='word_1_208' title='bbox 595 784 669 811; x_wconf 78' lang='lat' dir='ltr'>Festi</span> <span class='ocrx_word' id='word_1_209' title='bbox 694 792 759 810; x_wconf 84' lang='lat' dir='ltr'>cum</span> <span class='ocrx_word' id='word_1_210' title='bbox 783 783 881 811; x_wconf 76' lang='lat' dir='ltr'>verbis</span> <span class='ocrx_word' id='word_1_211' title='bbox 905 783 1047 812; x_wconf 79' lang='lat' dir='ltr'>Varronis</span> <span class='ocrx_word' id='word_1_212' title='bbox 1071 785 1187 814; x_wconf 86' lang='lat' dir='ltr'>collata.</span> <span class='ocrx_word' id='word_1_213' title='bbox 1233 785 1280 813; x_wconf 83' lang='lat' dir='ltr'>Ait</span> <span class='ocrx_word' id='word_1_214' title='bbox 1303 785 1406 813; x_wconf 81' lang='lat' dir='ltr'>Festus</span> <span class='ocrx_word' id='word_1_215' title='bbox 1428 785 1559 813; x_wconf 88' lang='lat' dir='ltr'>tutulum</span> <span class='ocrx_word' id='word_1_216' title='bbox 1582 795 1645 814; x_wconf 88' lang='lat' dir='ltr'>esse</span> <span class='ocrx_word' id='word_1_217' title='bbox 1668 786 1765 814; x_wconf 88' lang='lat' dir='ltr'>crines</span> <span class='ocrx_word' id='word_1_218' title='bbox 1787 786 1912 814; x_wconf 84' lang='lat' dir='ltr'>innexos</span> <span class='ocrx_word' id='word_1_219' title='bbox 1936 787 2009 815; x_wconf 88' lang='lat' dir='ltr'>vitta</span> <span class='ocrx_word' id='word_1_220' title='bbox 2032 796 2188 825; x_wconf 85' lang='lat' dir='ltr'>purpurea</span> 
     </span>
     <span class='ocr_line' id='line_1_15' title="bbox 240 825 2189 868; baseline -0.002 -8"><span class='ocrx_word' id='word_1_221' title='bbox 240 837 268 860; x_wconf 90' lang='lat' dir='ltr'>et</span> <span class='ocrx_word' id='word_1_222' title='bbox 290 831 320 858; x_wconf 84' lang='lat' dir='ltr'>iu</span> <span class='ocrx_word' id='word_1_223' title='bbox 344 828 530 858; x_wconf 79' lang='lat' dir='ltr'>altitudinem</span> <span class='ocrx_word' id='word_1_224' title='bbox 554 831 718 862; x_wconf 75' lang='lat' dir='ltr'>extractos,</span> <span class='ocrx_word' id='word_1_225' title='bbox 751 825 799 853; x_wconf 79' lang='lat' dir='ltr'>ubi</span> <span class='ocrx_word' id='word_1_226' title='bbox 823 836 891 854; x_wconf 77' lang='lat' dir='ltr'>sane</span> <span class='ocrx_word' id='word_1_227' title='bbox 914 826 1028 854; x_wconf 88' lang='lat' dir='ltr'>nullum</span> <span class='ocrx_word' id='word_1_228' title='bbox 1052 828 1158 865; x_wconf 87' lang='lat' dir='ltr'>alium,</span> <span class='ocrx_word' id='word_1_229' title='bbox 1190 838 1278 867; x_wconf 89' lang='lat' dir='ltr'>quam</span> <span class='ocrx_word' id='word_1_230' title='bbox 1302 828 1464 856; x_wconf 89' lang='lat' dir='ltr'>Varronem</span> <span class='ocrx_word' id='word_1_231' title='bbox 1487 829 1583 866; x_wconf 87' lang='lat' dir='ltr'>ipsum</span> <span class='ocrx_word' id='word_1_232' title='bbox 1607 829 1836 866; x_wconf 79' lang='lat' dir='ltr'>interpretatur,</span> <span class='ocrx_word' id='word_1_233' title='bbox 1868 828 1918 867; x_wconf 89' lang='lat' dir='ltr'>qui</span> <span class='ocrx_word' id='word_1_234' title='bbox 1941 829 2103 868; x_wconf 78' lang='lat' dir='ltr'>scripserat</span> <span class='ocrx_word' id='word_1_235' title='bbox 2125 829 2189 858; x_wconf 89' lang='lat' dir='ltr'>cri-</span> 
     </span>
     <span class='ocr_line' id='line_1_16' title="bbox 239 868 2189 909; baseline -0.001 -8"><span class='ocrx_word' id='word_1_236' title='bbox 239 883 289 902; x_wconf 86' lang='lat' dir='ltr'>nes</span> <span class='ocrx_word' id='word_1_237' title='bbox 312 872 490 900; x_wconf 80' lang='lat' dir='ltr'>convolutos</span> <span class='ocrx_word' id='word_1_238' title='bbox 514 869 551 898; x_wconf 88' lang='lat' dir='ltr'>ad</span> <span class='ocrx_word' id='word_1_239' title='bbox 575 869 718 898; x_wconf 86' lang='lat' dir='ltr'>verticem</span> <span class='ocrx_word' id='word_1_240' title='bbox 743 868 847 906; x_wconf 83' lang='lat' dir='ltr'>capitis</span> <span class='ocrx_word' id='word_1_241' title='bbox 870 873 933 896; x_wconf 80' lang='lat' dir='ltr'>rete</span> <span class='ocrx_word' id='word_1_242' title='bbox 962 870 1076 898; x_wconf 78' lang='lat' dir='ltr'>velatos</span> <span class='ocrx_word' id='word_1_243' title='bbox 1104 872 1220 899; x_wconf 82' lang='lat' dir='ltr'>tutulos</span> <span class='ocrx_word' id='word_1_244' title='bbox 1249 871 1355 900; x_wconf 79' lang='lat' dir='ltr'>dictos.</span> <span class='ocrx_word' id='word_1_245' title='bbox 1401 871 1514 899; x_wconf 85' lang='lat' dir='ltr'>Rursus</span> <span class='ocrx_word' id='word_1_246' title='bbox 1544 871 1626 909; x_wconf 90' lang='lat' dir='ltr'>quod</span> <span class='ocrx_word' id='word_1_247' title='bbox 1654 870 1772 899; x_wconf 81' lang='lat' dir='ltr'>dixerat</span> <span class='ocrx_word' id='word_1_248' title='bbox 1795 871 1889 899; x_wconf 73' lang='lat' dir='ltr'>Varro</span> <span class='ocrx_word' id='word_1_249' title='bbox 1914 869 2019 900; x_wconf 75' lang='lat' dir='ltr'>habere</span> <span class='ocrx_word' id='word_1_250' title='bbox 2039 870 2133 900; x_wconf 78' lang='lat' dir='ltr'>solent</span> <span class='ocrx_word' id='word_1_251' title='bbox 2157 878 2189 900; x_wconf 71' lang='lat' dir='ltr'>ut</span> 
     </span>
     <span class='ocr_line' id='line_1_17' title="bbox 238 910 2189 954; baseline -0.001 -10"><span class='ocrx_word' id='word_1_252' title='bbox 238 922 360 950; x_wconf 87' lang='lat' dir='ltr'>metam,</span> <span class='ocrx_word' id='word_1_253' title='bbox 383 914 461 942; x_wconf 84' lang='lat' dir='ltr'>dixit</span> <span class='ocrx_word' id='word_1_254' title='bbox 482 912 585 940; x_wconf 81' lang='lat' dir='ltr'>Festus</span> <span class='ocrx_word' id='word_1_255' title='bbox 598 910 706 951; x_wconf 81' lang='lat' dir='ltr'>forma</span> <span class='ocrx_word' id='word_1_256' title='bbox 729 910 837 940; x_wconf 85' lang='lat' dir='ltr'>metali.</span> <span class='ocrx_word' id='word_1_257' title='bbox 871 911 920 938; x_wconf 81' lang='lat' dir='ltr'>Sic</span> <span class='ocrx_word' id='word_1_258' title='bbox 943 912 1022 940; x_wconf 85' lang='lat' dir='ltr'>enim</span> <span class='ocrx_word' id='word_1_259' title='bbox 1044 913 1197 950; x_wconf 83' lang='lat' dir='ltr'>legendum</span> <span class='ocrx_word' id='word_1_260' title='bbox 1222 924 1277 951; x_wconf 89' lang='lat' dir='ltr'>pro</span> <span class='ocrx_word' id='word_1_261' title='bbox 1289 912 1400 954; x_wconf 85' lang='lat' dir='ltr'>forma</span> <span class='ocrx_word' id='word_1_262' title='bbox 1422 925 1437 941; x_wconf 87' lang='lat' dir='ltr'>e</span> <span class='ocrx_word' id='word_1_263' title='bbox 1459 911 1515 942; x_wconf 88' lang='lat' dir='ltr'>tali</span> <span class='ocrx_word' id='word_1_264' title='bbox 1536 913 1652 942; x_wconf 89' lang='lat' dir='ltr'>monuit</span> <span class='ocrx_word' id='word_1_265' title='bbox 1673 913 1796 942; x_wconf 84' lang='lat' dir='ltr'>Fulvius</span> <span class='ocrx_word' id='word_1_266' title='bbox 1821 913 1952 943; x_wconf 78' lang='lat' dir='ltr'>Ursinus.</span> <span class='ocrx_word' id='word_1_267' title='bbox 1987 913 2052 942; x_wconf 82' lang='lat' dir='ltr'>Hoc</span> <span class='ocrx_word' id='word_1_268' title='bbox 2074 918 2133 950; x_wconf 80' lang='lat' dir='ltr'>est,</span> <span class='ocrx_word' id='word_1_269' title='bbox 2156 913 2189 943; x_wconf 80' lang='lat' dir='ltr'>in</span> 
     </span>
     <span class='ocr_line' id='line_1_18' title="bbox 257 952 2189 996; baseline 0 -10"><span class='ocrx_word' id='word_1_270' title='bbox 257 968 367 986; x_wconf 83' lang='lat' dir='ltr'>ormam</span> <span class='ocrx_word' id='word_1_271' title='bbox 391 963 491 984; x_wconf 82' lang='lat' dir='ltr'>metae.</span> <span class='ocrx_word' id='word_1_272' title='bbox 522 955 593 982; x_wconf 65' lang='lat' dir='ltr'>Nam</span> <span class='ocrx_word' id='word_1_273' title='bbox 616 954 646 982; x_wconf 87' lang='lat' dir='ltr'>in</span> <span class='ocrx_word' id='word_1_274' title='bbox 670 952 792 981; x_wconf 81' lang='lat' dir='ltr'>Schedis</span> <span class='ocrx_word' id='word_1_275' title='bbox 816 952 1030 992; x_wconf 80' lang='lat' dir='ltr'>eratformam</span> <span class='ocrx_word' id='word_1_276' title='bbox 1054 967 1067 983; x_wconf 88' lang='lat' dir='ltr'>e</span> <span class='ocrx_word' id='word_1_277' title='bbox 1090 954 1154 985; x_wconf 81' lang='lat' dir='ltr'>tali.</span> <span class='ocrx_word' id='word_1_278' title='bbox 1182 956 1254 984; x_wconf 90' lang='lat' dir='ltr'>Inde</span> <span class='ocrx_word' id='word_1_279' title='bbox 1276 956 1308 984; x_wconf 89' lang='lat' dir='ltr'>in</span> <span class='ocrx_word' id='word_1_280' title='bbox 1331 955 1424 985; x_wconf 83' lang='lat' dir='ltr'>veteri</span> <span class='ocrx_word' id='word_1_281' title='bbox 1446 955 1660 996; x_wconf 82' lang='lat' dir='ltr'>inscriptione,</span> <span class='ocrx_word' id='word_1_282' title='bbox 1684 966 1761 995; x_wconf 85' lang='lat' dir='ltr'>quae</span> <span class='ocrx_word' id='word_1_283' title='bbox 1780 966 1873 995; x_wconf 85' lang='lat' dir='ltr'>penes</span> <span class='ocrx_word' id='word_1_284' title='bbox 1895 955 1981 985; x_wconf 80' lang='lat' dir='ltr'>Fulv.</span> <span class='ocrx_word' id='word_1_285' title='bbox 1997 955 2093 986; x_wconf 84' lang='lat' dir='ltr'>Ursin.</span> <span class='ocrx_word' id='word_1_286' title='bbox 2115 955 2189 986; x_wconf 82' lang='lat' dir='ltr'>fuit:</span> 
     </span>
     <span class='ocr_line' id='line_1_19' title="bbox 238 994 1120 1029; baseline -0.001 -1"><span class='ocrx_word' id='word_1_287' title='bbox 238 997 450 1029; x_wconf 83' lang='lat' dir='ltr'>APONIAE.</span> <span class='ocrx_word' id='word_1_288' title='bbox 473 997 514 1027; x_wconf 92' lang='lat' dir='ltr'>A.</span> <span class='ocrx_word' id='word_1_289' title='bbox 542 995 701 1025; x_wconf 85' lang='lat' dir='ltr'>TUTUL.</span> <span class='ocrx_word' id='word_1_290' title='bbox 729 994 984 1026; x_wconf 82' lang='lat' dir='ltr'>ORNATRICI.</span> <span class='ocrx_word' id='word_1_291' title='bbox 1030 996 1120 1027; x_wconf 89' lang='lat' dir='ltr'>Dac.</span> 
     </span>
    </p>

    <p class='ocr_par' dir='ltr' id='par_1_3' title="bbox 240 1038 2189 1164">
     <span class='ocr_line' id='line_1_20' title="bbox 406 1038 2189 1081; baseline 0.003 -15"><span class='ocrx_word' id='word_1_292' title='bbox 406 1040 512 1069; x_wconf 79' lang='lat' dir='ltr'>Tuor.</span> <span class='ocrx_word' id='word_1_293' title='bbox 557 1039 633 1076; x_wconf 79' lang='lat' dir='ltr'>Lego</span> <span class='ocrx_word' id='word_1_294' title='bbox 657 1039 686 1066; x_wconf 81' lang='lat' dir='ltr'>in</span> <span class='ocrx_word' id='word_1_295' title='bbox 709 1038 765 1066; x_wconf 83' lang='lat' dir='ltr'>fine</span> <span class='ocrx_word' id='word_1_296' title='bbox 789 1038 1015 1077; x_wconf 84' lang='lat' dir='ltr'>transpositione</span> <span class='ocrx_word' id='word_1_297' title='bbox 1037 1041 1176 1070; x_wconf 84' lang='lat' dir='ltr'>voculae:</span> <span class='ocrx_word' id='word_1_298' title='bbox 1209 1041 1302 1070; x_wconf 88' lang='lat' dir='ltr'>Tueor</span> <span class='ocrx_word' id='word_1_299' title='bbox 1321 1051 1376 1080; x_wconf 85' lang='lat' dir='ltr'>pro</span> <span class='ocrx_word' id='word_1_300' title='bbox 1397 1039 1497 1077; x_wconf 78' lang='lat' dir='ltr'>video,</span> <span class='ocrx_word' id='word_1_301' title='bbox 1522 1048 1660 1070; x_wconf 81' lang='lat' dir='ltr'>contueor</span> <span class='ocrx_word' id='word_1_302' title='bbox 1680 1048 1706 1070; x_wconf 77' lang='lat' dir='ltr'>et</span> <span class='ocrx_word' id='word_1_303' title='bbox 1727 1051 1781 1080; x_wconf 86' lang='lat' dir='ltr'>pro</span> <span class='ocrx_word' id='word_1_304' title='bbox 1806 1039 1942 1081; x_wconf 73' lang='lat' dir='ltr'>defendo·</span> <span class='ocrx_word' id='word_1_305' title='bbox 1985 1041 2087 1080; x_wconf 84' lang='lat' dir='ltr'>Neque</span> <span class='ocrx_word' id='word_1_306' title='bbox 2110 1042 2189 1071; x_wconf 86' lang='lat' dir='ltr'>enim</span> 
     </span>
     <span class='ocr_line' id='line_1_21' title="bbox 240 1080 2189 1123; baseline 0.001 -11"><span class='ocrx_word' id='word_1_307' title='bbox 240 1084 281 1113; x_wconf 82' lang='lat' dir='ltr'>ait</span> <span class='ocrx_word' id='word_1_308' title='bbox 309 1088 454 1112; x_wconf 81' lang='lat' dir='ltr'>contueor</span> <span class='ocrx_word' id='word_1_309' title='bbox 485 1092 546 1111; x_wconf 89' lang='lat' dir='ltr'>esse</span> <span class='ocrx_word' id='word_1_310' title='bbox 577 1080 714 1111; x_wconf 83' lang='lat' dir='ltr'>defendo.</span> <span class='ocrx_word' id='word_1_311' title='bbox 760 1080 848 1116; x_wconf 83' lang='lat' dir='ltr'>Quod</span> <span class='ocrx_word' id='word_1_312' title='bbox 878 1081 985 1110; x_wconf 80' lang='lat' dir='ltr'>falsum</span> <span class='ocrx_word' id='word_1_313' title='bbox 1014 1087 1073 1118; x_wconf 79' lang='lat' dir='ltr'>est,</span> <span class='ocrx_word' id='word_1_314' title='bbox 1110 1083 1162 1112; x_wconf 85' lang='lat' dir='ltr'>sed</span> <span class='ocrx_word' id='word_1_315' title='bbox 1185 1088 1270 1112; x_wconf 81' lang='lat' dir='ltr'>tueor</span> <span class='ocrx_word' id='word_1_316' title='bbox 1293 1094 1355 1112; x_wconf 87' lang='lat' dir='ltr'>esse</span> <span class='ocrx_word' id='word_1_317' title='bbox 1380 1083 1480 1120; x_wconf 85' lang='lat' dir='ltr'>video,</span> <span class='ocrx_word' id='word_1_318' title='bbox 1519 1089 1663 1112; x_wconf 88' lang='lat' dir='ltr'>contueor</span> <span class='ocrx_word' id='word_1_319' title='bbox 1686 1088 1715 1113; x_wconf 87' lang='lat' dir='ltr'>et</span> <span class='ocrx_word' id='word_1_320' title='bbox 1737 1083 1873 1112; x_wconf 83' lang='lat' dir='ltr'>defendo.</span> <span class='ocrx_word' id='word_1_321' title='bbox 1920 1082 1999 1112; x_wconf 86' lang='lat' dir='ltr'>Tuor</span> <span class='ocrx_word' id='word_1_322' title='bbox 2020 1094 2075 1123; x_wconf 85' lang='lat' dir='ltr'>pro</span> <span class='ocrx_word' id='word_1_323' title='bbox 2099 1084 2189 1114; x_wconf 80' lang='lat' dir='ltr'>video</span> 
     </span>
     <span class='ocr_line' id='line_1_22' title="bbox 241 1124 1307 1164; baseline 0 -9"><span class='ocrx_word' id='word_1_324' title='bbox 241 1126 332 1155; x_wconf 80' lang='lat' dir='ltr'>Tesca</span> <span class='ocrx_word' id='word_1_325' title='bbox 354 1133 421 1154; x_wconf 82' lang='lat' dir='ltr'>tuor·</span> <span class='ocrx_word' id='word_1_326' title='bbox 443 1135 533 1164; x_wconf 85' lang='lat' dir='ltr'>supra</span> <span class='ocrx_word' id='word_1_327' title='bbox 557 1125 588 1152; x_wconf 85' lang='lat' dir='ltr'>in</span> <span class='ocrx_word' id='word_1_328' title='bbox 613 1125 703 1152; x_wconf 87' lang='lat' dir='ltr'>Tesca</span> <span class='ocrx_word' id='word_1_329' title='bbox 728 1128 755 1151; x_wconf 86' lang='lat' dir='ltr'>et</span> <span class='ocrx_word' id='word_1_330' title='bbox 779 1131 886 1152; x_wconf 87' lang='lat' dir='ltr'>tuorem</span> <span class='ocrx_word' id='word_1_331' title='bbox 911 1124 1049 1154; x_wconf 81' lang='lat' dir='ltr'>dicebant</span> <span class='ocrx_word' id='word_1_332' title='bbox 1071 1126 1172 1155; x_wconf 75' lang='lat' dir='ltr'>visum.</span> <span class='ocrx_word' id='word_1_333' title='bbox 1218 1126 1272 1154; x_wconf 85' lang='lat' dir='ltr'>Da</span> <span class='ocrx_word' id='word_1_334' title='bbox 1282 1137 1307 1155; x_wconf 89' lang='lat' dir='ltr'>c.</span> 
     </span>
    </p>

    <p class='ocr_par' dir='ltr' id='par_1_4' title="bbox 236 1164 2190 1503">
     <span class='ocr_line' id='line_1_23' title="bbox 405 1164 2189 1209; baseline 0 -13"><span class='ocrx_word' id='word_1_335' title='bbox 405 1167 580 1206; x_wconf 77' lang='lat' dir='ltr'>Tuguria.</span> <span class='ocrx_word' id='word_1_336' title='bbox 606 1165 665 1205; x_wconf 78' lang='lat' dir='ltr'>(Ad</span> <span class='ocrx_word' id='word_1_337' title='bbox 688 1176 715 1204; x_wconf 89' lang='lat' dir='ltr'>p.</span> <span class='ocrx_word' id='word_1_338' title='bbox 729 1164 813 1204; x_wconf 83' lang='lat'>271.)</span> <span class='ocrx_word' id='word_1_339' title='bbox 847 1166 976 1205; x_wconf 75' lang='lat' dir='ltr'>Tuguria</span> <span class='ocrx_word' id='word_1_340' title='bbox 998 1179 1016 1195; x_wconf 93' lang='lat' dir='ltr'>a</span> <span class='ocrx_word' id='word_1_341' title='bbox 1038 1174 1112 1196; x_wconf 82' lang='lat' dir='ltr'>tecto</span> <span class='ocrx_word' id='word_1_342' title='bbox 1135 1167 1322 1207; x_wconf 78' lang='lat' dir='ltr'>appellantur</span> <span class='ocrx_word' id='word_1_343' title='bbox 1344 1166 1482 1208; x_wconf 78' lang='lat' dir='ltr'>aedificia</span> <span class='ocrx_word' id='word_1_344' title='bbox 1505 1167 1680 1197; x_wconf 84' lang='lat' dir='ltr'>rusticorum</span> <span class='ocrx_word' id='word_1_345' title='bbox 1703 1166 1836 1198; x_wconf 78' lang='lat' dir='ltr'>sordida.</span> <span class='ocrx_word' id='word_1_346' title='bbox 1880 1167 2032 1209; x_wconf 83' lang='lat' dir='ltr'>Afranius</span> <span class='ocrx_word' id='word_1_347' title='bbox 2053 1167 2085 1196; x_wconf 87' lang='lat' dir='ltr'>in</span> <span class='ocrx_word' id='word_1_348' title='bbox 2110 1167 2189 1197; x_wconf 64' lang='lat' dir='ltr'>Vir-</span> 
     </span>
     <span class='ocr_line' id='line_1_24' title="bbox 236 1207 2189 1250; baseline 0.001 -12"><span class='ocrx_word' id='word_1_349' title='bbox 236 1211 319 1249; x_wconf 73' lang='lat' dir='ltr'>gine:</span> <span class='ocrx_word' id='word_1_350' title='bbox 343 1210 490 1249; x_wconf 75' lang='lat' dir='ltr'>tugurium</span> <span class='ocrx_word' id='word_1_351' title='bbox 514 1217 554 1238; x_wconf 85' lang='lat' dir='ltr'>est</span> <span class='ocrx_word' id='word_1_352' title='bbox 578 1217 668 1247; x_wconf 82' lang='lat' dir='ltr'>turpe.</span> <span class='ocrx_word' id='word_1_353' title='bbox 703 1207 848 1237; x_wconf 81' lang='lat' dir='ltr'>Caecilius</span> <span class='ocrx_word' id='word_1_354' title='bbox 870 1209 899 1237; x_wconf 85' lang='lat' dir='ltr'>in</span> <span class='ocrx_word' id='word_1_355' title='bbox 915 1208 1169 1248; x_wconf 68' lang='lat' dir='ltr'>Hypobolimaeo:</span> <span class='ocrx_word' id='word_1_356' title='bbox 1193 1209 1362 1239; x_wconf 84' lang='lat' dir='ltr'>Habitabat</span> <span class='ocrx_word' id='word_1_357' title='bbox 1384 1211 1414 1238; x_wconf 88' lang='lat' dir='ltr'>in</span> <span class='ocrx_word' id='word_1_358' title='bbox 1437 1210 1553 1250; x_wconf 75' lang='lat' dir='ltr'>tugurio</span> <span class='ocrx_word' id='word_1_359' title='bbox 1575 1211 1636 1239; x_wconf 85' lang='lat' dir='ltr'>sine</span> <span class='ocrx_word' id='word_1_360' title='bbox 1658 1209 1803 1249; x_wconf 85' lang='lat' dir='ltr'>operculo.</span> <span class='ocrx_word' id='word_1_361' title='bbox 1839 1209 1904 1249; x_wconf 83' lang='lat' dir='ltr'>Quo</span> <span class='ocrx_word' id='word_1_362' title='bbox 1919 1210 2035 1239; x_wconf 83' lang='lat' dir='ltr'>nomine</span> <span class='ocrx_word' id='word_1_363' title='bbox 2051 1208 2189 1239; x_wconf 76' lang='lat' dir='ltr'>Valerius</span> 
     </span>
     <span class='ocr_line' id='line_1_25' title="bbox 238 1249 2188 1292; baseline 0.001 -11"><span class='ocrx_word' id='word_1_364' title='bbox 238 1254 269 1281; x_wconf 88' lang='lat' dir='ltr'>in</span> <span class='ocrx_word' id='word_1_365' title='bbox 291 1253 474 1292; x_wconf 66' lang='lat' dir='ltr'>expositione</span> <span class='ocrx_word' id='word_1_366' title='bbox 494 1249 572 1280; x_wconf 80' lang='lat' dir='ltr'>XII.</span> <span class='ocrx_word' id='word_1_367' title='bbox 595 1252 637 1279; x_wconf 82' lang='lat' dir='ltr'>ait</span> <span class='ocrx_word' id='word_1_368' title='bbox 659 1252 745 1279; x_wconf 82' lang='lat' dir='ltr'>etiam</span> <span class='ocrx_word' id='word_1_369' title='bbox 769 1272 942 1280; x_wconf 88' lang='grc'><strong>......</strong></span> <span class='ocrx_word' id='word_1_370' title='bbox 965 1253 1008 1280; x_wconf 86' lang='lat' dir='ltr'>ita</span> <span class='ocrx_word' id='word_1_371' title='bbox 1038 1254 1148 1284; x_wconf 84' lang='lat' dir='ltr'>vocari.</span> <span class='ocrx_word' id='word_1_372' title='bbox 1178 1252 1279 1282; x_wconf 81' lang='lat' dir='ltr'>Scal.</span> <span class='ocrx_word' id='word_1_373' title='bbox 1326 1253 1486 1291; x_wconf 74' lang='lat' dir='ltr'>Tugurium</span> <span class='ocrx_word' id='word_1_374' title='bbox 1508 1263 1523 1280; x_wconf 89' lang='lat' dir='ltr'>a</span> <span class='ocrx_word' id='word_1_375' title='bbox 1548 1259 1639 1289; x_wconf 82' lang='lat' dir='ltr'>tecto,</span> <span class='ocrx_word' id='word_1_376' title='bbox 1676 1253 1733 1281; x_wconf 89' lang='lat' dir='ltr'>nisi</span> <span class='ocrx_word' id='word_1_377' title='bbox 1762 1253 1861 1291; x_wconf 86' lang='lat' dir='ltr'>potius</span> <span class='ocrx_word' id='word_1_378' title='bbox 1890 1252 2051 1290; x_wconf 81' lang='lat' dir='ltr'>legendum</span> <span class='ocrx_word' id='word_1_379' title='bbox 2072 1262 2088 1281; x_wconf 89' lang='lat' dir='ltr'>a</span> <span class='ocrx_word' id='word_1_380' title='bbox 2110 1259 2188 1292; x_wconf 74' lang='lat' dir='ltr'>tego,</span> 
     </span>
     <span class='ocr_line' id='line_1_26' title="bbox 238 1293 2190 1336; baseline 0 -13"><span class='ocrx_word' id='word_1_381' title='bbox 238 1305 307 1323; x_wconf 84' lang='lat' dir='ltr'>nam</span> <span class='ocrx_word' id='word_1_382' title='bbox 331 1295 477 1334; x_wconf 74' lang='lat' dir='ltr'>tugurium</span> <span class='ocrx_word' id='word_1_383' title='bbox 501 1293 583 1332; x_wconf 83' lang='lat' dir='ltr'>quasi</span> <span class='ocrx_word' id='word_1_384' title='bbox 607 1293 756 1333; x_wconf 76' lang='lat' dir='ltr'>tegurium.</span> <span class='ocrx_word' id='word_1_385' title='bbox 802 1293 908 1323; x_wconf 85' lang='lat' dir='ltr'>Isidor.</span> <span class='ocrx_word' id='word_1_386' title='bbox 930 1293 982 1324; x_wconf 88' lang='lat' dir='ltr'>lib.</span> <span class='ocrx_word' id='word_1_387' title='bbox 997 1295 1065 1331; x_wconf 78' lang='lat' dir='ltr'>XV,</span> <span class='ocrx_word' id='word_1_388' title='bbox 1095 1298 1160 1327; x_wconf 79' lang='lat'>12.:</span> <span class='ocrx_word' id='word_1_389' title='bbox 1200 1296 1360 1334; x_wconf 75' lang='lat' dir='ltr'>Tugurium</span> <span class='ocrx_word' id='word_1_390' title='bbox 1384 1293 1486 1324; x_wconf 84' lang='lat' dir='ltr'>casula</span> <span class='ocrx_word' id='word_1_391' title='bbox 1508 1302 1564 1332; x_wconf 81' lang='lat' dir='ltr'>est,</span> <span class='ocrx_word' id='word_1_392' title='bbox 1597 1306 1687 1335; x_wconf 89' lang='lat' dir='ltr'>quam</span> <span class='ocrx_word' id='word_1_393' title='bbox 1705 1294 1827 1336; x_wconf 82' lang='lat' dir='ltr'>faciunt</span> <span class='ocrx_word' id='word_1_394' title='bbox 1849 1294 1907 1324; x_wconf 75' lang='lat' dir='ltr'>sibi</span> <span class='ocrx_word' id='word_1_395' title='bbox 1929 1293 2063 1325; x_wconf 75' lang='lat' dir='ltr'>custodes</span> <span class='ocrx_word' id='word_1_396' title='bbox 2083 1295 2190 1324; x_wconf 76' lang='lat' dir='ltr'>vinea.-</span> 
     </span>
     <span class='ocr_line' id='line_1_27' title="bbox 240 1336 2190 1377; baseline 0.001 -12"><span class='ocrx_word' id='word_1_397' title='bbox 240 1349 319 1373; x_wconf 84' lang='lat' dir='ltr'>rum,</span> <span class='ocrx_word' id='word_1_398' title='bbox 345 1336 385 1365; x_wconf 84' lang='lat' dir='ltr'>ad</span> <span class='ocrx_word' id='word_1_399' title='bbox 408 1337 528 1376; x_wconf 73' lang='lat' dir='ltr'>tegimen</span> <span class='ocrx_word' id='word_1_400' title='bbox 551 1336 610 1371; x_wconf 84' lang='lat' dir='ltr'>sui⁷</span> <span class='ocrx_word' id='word_1_401' title='bbox 634 1337 720 1376; x_wconf 83' lang='lat' dir='ltr'>quasi</span> <span class='ocrx_word' id='word_1_402' title='bbox 742 1337 891 1374; x_wconf 68' lang='lat' dir='ltr'>tegurium.</span> <span class='ocrx_word' id='word_1_403' title='bbox 926 1336 1020 1365; x_wconf 88' lang='lat' dir='ltr'>Verba</span> <span class='ocrx_word' id='word_1_404' title='bbox 1045 1338 1173 1367; x_wconf 79' lang='lat' dir='ltr'>Afranii:</span> <span class='ocrx_word' id='word_1_405' title='bbox 1198 1336 1359 1367; x_wconf 71' lang='lat' dir='ltr'>Sordidum</span> <span class='ocrx_word' id='word_1_406' title='bbox 1383 1338 1530 1376; x_wconf 78' lang='lat' dir='ltr'>tugurium</span> <span class='ocrx_word' id='word_1_407' title='bbox 1552 1345 1578 1366; x_wconf 84' lang='lat' dir='ltr'>et</span> <span class='ocrx_word' id='word_1_408' title='bbox 1601 1345 1690 1377; x_wconf 74' lang='lat' dir='ltr'>turpe.</span> <span class='ocrx_word' id='word_1_409' title='bbox 1726 1338 1806 1366; x_wconf 77' lang='lat' dir='ltr'>Infra</span> <span class='ocrx_word' id='word_1_410' title='bbox 1829 1338 1979 1367; x_wconf 84' lang='lat' dir='ltr'>desectum</span> <span class='ocrx_word' id='word_1_411' title='bbox 2002 1338 2044 1368; x_wconf 79' lang='lat' dir='ltr'>sic</span> <span class='ocrx_word' id='word_1_412' title='bbox 2067 1337 2190 1376; x_wconf 86' lang='lat' dir='ltr'>supple-</span> 
     </span>
     <span class='ocr_line' id='line_1_28' title="bbox 239 1377 2188 1419; baseline -0.001 -11"><span class='ocrx_word' id='word_1_413' title='bbox 239 1379 290 1408; x_wconf 79' lang='lat' dir='ltr'>bat</span> <span class='ocrx_word' id='word_1_414' title='bbox 313 1379 477 1408; x_wconf 72' lang='lat' dir='ltr'>Marcilius:</span> <span class='ocrx_word' id='word_1_415' title='bbox 518 1377 582 1416; x_wconf 77' lang='lat' dir='ltr'>Quo</span> <span class='ocrx_word' id='word_1_416' title='bbox 604 1378 719 1407; x_wconf 82' lang='lat' dir='ltr'>nomine</span> <span class='ocrx_word' id='word_1_417' title='bbox 740 1377 879 1406; x_wconf 79' lang='lat' dir='ltr'>Valerius</span> <span class='ocrx_word' id='word_1_418' title='bbox 900 1379 930 1407; x_wconf 84' lang='lat' dir='ltr'>in</span> <span class='ocrx_word' id='word_1_419' title='bbox 952 1378 1164 1418; x_wconf 66' lang='lat' dir='ltr'>explanatione</span> <span class='ocrx_word' id='word_1_420' title='bbox 1185 1379 1263 1408; x_wconf 83' lang='lat' dir='ltr'>XII.</span> <span class='ocrx_word' id='word_1_421' title='bbox 1285 1380 1327 1408; x_wconf 81' lang='lat' dir='ltr'>ait</span> <span class='ocrx_word' id='word_1_422' title='bbox 1349 1380 1436 1408; x_wconf 88' lang='lat' dir='ltr'>etiam</span> <span class='ocrx_word' id='word_1_423' title='bbox 1459 1387 1565 1408; x_wconf 82' lang='lat' dir='ltr'>tectum</span> <span class='ocrx_word' id='word_1_424' title='bbox 1588 1380 1619 1408; x_wconf 83' lang='lat' dir='ltr'>in</span> <span class='ocrx_word' id='word_1_425' title='bbox 1641 1379 1702 1419; x_wconf 74' lang='lat' dir='ltr'>lege</span> <span class='ocrx_word' id='word_1_426' title='bbox 1723 1379 1800 1410; x_wconf 87' lang='lat' dir='ltr'><em>XII.</em></span> <span class='ocrx_word' id='word_1_427' title='bbox 1825 1379 1993 1410; x_wconf 79' lang='lat' dir='ltr'>tabularum</span> <span class='ocrx_word' id='word_1_428' title='bbox 2015 1379 2188 1419; x_wconf 76' lang='lat' dir='ltr'>significari.</span> 
     </span>
     <span class='ocr_line' id='line_1_29' title="bbox 238 1421 2188 1462; baseline 0 -12"><span class='ocrx_word' id='word_1_429' title='bbox 238 1422 275 1450; x_wconf 87' lang='lat' dir='ltr'>Et</span> <span class='ocrx_word' id='word_1_430' title='bbox 296 1422 423 1461; x_wconf 82' lang='lat' dir='ltr'>putabat</span> <span class='ocrx_word' id='word_1_431' title='bbox 444 1421 486 1449; x_wconf 87' lang='lat' dir='ltr'>ibi</span> <span class='ocrx_word' id='word_1_432' title='bbox 509 1421 545 1449; x_wconf 83' lang='lat' dir='ltr'>de</span> <span class='ocrx_word' id='word_1_433' title='bbox 568 1421 686 1458; x_wconf 77' lang='lat' dir='ltr'>tugurio</span> <span class='ocrx_word' id='word_1_434' title='bbox 711 1421 803 1458; x_wconf 83' lang='lat' dir='ltr'>legem</span> <span class='ocrx_word' id='word_1_435' title='bbox 826 1421 933 1458; x_wconf 81' lang='lat' dir='ltr'>egisse,</span> <span class='ocrx_word' id='word_1_436' title='bbox 972 1422 1022 1450; x_wconf 86' lang='lat' dir='ltr'>ubi</span> <span class='ocrx_word' id='word_1_437' title='bbox 1052 1422 1088 1451; x_wconf 88' lang='lat' dir='ltr'>de</span> <span class='ocrx_word' id='word_1_438' title='bbox 1114 1423 1226 1462; x_wconf 84' lang='lat' dir='ltr'>pariete</span> <span class='ocrx_word' id='word_1_439' title='bbox 1253 1422 1409 1451; x_wconf 86' lang='lat' dir='ltr'>communi.</span> <span class='ocrx_word' id='word_1_440' title='bbox 1441 1421 1527 1452; x_wconf 84' lang='lat' dir='ltr'>Dac.</span> <span class='ocrx_word' id='word_1_441' title='bbox 1574 1422 1709 1451; x_wconf 85' lang='lat' dir='ltr'>Valerius</span> <span class='ocrx_word' id='word_1_442' title='bbox 1733 1423 1764 1451; x_wconf 86' lang='lat' dir='ltr'>in</span> <span class='ocrx_word' id='word_1_443' title='bbox 1788 1423 1997 1461; x_wconf 79' lang='lat' dir='ltr'>explanatione</span> <span class='ocrx_word' id='word_1_444' title='bbox 2020 1421 2188 1451; x_wconf 81' lang='lat' dir='ltr'>duodecim.</span> 
     </span>
     <span class='ocr_line' id='line_1_30' title="bbox 238 1463 1730 1503; baseline 0 -11"><span class='ocrx_word' id='word_1_445' title='bbox 238 1464 281 1492; x_wconf 84' lang='lat' dir='ltr'>Ita</span> <span class='ocrx_word' id='word_1_446' title='bbox 306 1465 415 1493; x_wconf 81' lang='lat' dir='ltr'>citatur</span> <span class='ocrx_word' id='word_1_447' title='bbox 436 1464 467 1491; x_wconf 87' lang='lat' dir='ltr'>in</span> <span class='ocrx_word' id='word_1_448' title='bbox 490 1463 581 1492; x_wconf 83' lang='lat' dir='ltr'>verbo</span> <span class='ocrx_word' id='word_1_449' title='bbox 605 1463 737 1492; x_wconf 79' lang='lat' dir='ltr'>Sanates.</span> <span class='ocrx_word' id='word_1_450' title='bbox 783 1463 822 1491; x_wconf 89' lang='lat' dir='ltr'>De</span> <span class='ocrx_word' id='word_1_451' title='bbox 844 1464 909 1491; x_wconf 88' lang='lat' dir='ltr'>loco</span> <span class='ocrx_word' id='word_1_452' title='bbox 934 1464 1053 1493; x_wconf 87' lang='lat' dir='ltr'>Caecilii</span> <span class='ocrx_word' id='word_1_453' title='bbox 1076 1465 1113 1494; x_wconf 80' lang='lat' dir='ltr'>cf.</span> <span class='ocrx_word' id='word_1_454' title='bbox 1136 1465 1272 1503; x_wconf 78' lang='lat' dir='ltr'>Spengel.</span> <span class='ocrx_word' id='word_1_455' title='bbox 1295 1465 1441 1502; x_wconf 83' lang='lat' dir='ltr'>Fragmm.</span> <span class='ocrx_word' id='word_1_456' title='bbox 1465 1464 1572 1493; x_wconf 86' lang='lat' dir='ltr'>Caecil.</span> <span class='ocrx_word' id='word_1_457' title='bbox 1595 1475 1661 1502; x_wconf 80' lang='lat' dir='ltr'>pag.</span> <span class='ocrx_word' id='word_1_458' title='bbox 1675 1467 1730 1497; x_wconf 78' lang='grc'>28.</span> 
     </span>
    </p>

    <p class='ocr_par' dir='ltr' id='par_1_5' title="bbox 237 1504 2193 2097">
     <span class='ocr_line' id='line_1_31' title="bbox 406 1504 2189 1546; baseline 0 -12"><span class='ocrx_word' id='word_1_459' title='bbox 406 1507 558 1536; x_wconf 82' lang='lat' dir='ltr'>Tuscus,</span> <span class='ocrx_word' id='word_1_460' title='bbox 602 1506 633 1535; x_wconf 90' lang='lat' dir='ltr'>L.</span> <span class='ocrx_word' id='word_1_461' title='bbox 656 1516 692 1534; x_wconf 84' lang='lat' dir='ltr'>m.</span> <span class='ocrx_word' id='word_1_462' title='bbox 715 1504 804 1533; x_wconf 88' lang='lat' dir='ltr'>habet</span> <span class='ocrx_word' id='word_1_463' title='bbox 832 1505 993 1535; x_wconf 81' lang='lat' dir='ltr'>obsessione</span> <span class='ocrx_word' id='word_1_464' title='bbox 1021 1518 1075 1545; x_wconf 86' lang='lat' dir='ltr'>pro</span> <span class='ocrx_word' id='word_1_465' title='bbox 1104 1506 1270 1543; x_wconf 78' lang='lat' dir='ltr'>obsidione,</span> <span class='ocrx_word' id='word_1_466' title='bbox 1306 1512 1335 1535; x_wconf 87' lang='lat' dir='ltr'>et</span> <span class='ocrx_word' id='word_1_467' title='bbox 1364 1508 1405 1535; x_wconf 89' lang='lat' dir='ltr'>ita</span> <span class='ocrx_word' id='word_1_468' title='bbox 1433 1506 1554 1535; x_wconf 82' lang='lat' dir='ltr'>videtur</span> <span class='ocrx_word' id='word_1_469' title='bbox 1583 1507 1674 1536; x_wconf 90' lang='lat' dir='ltr'>fuisse</span> <span class='ocrx_word' id='word_1_470' title='bbox 1702 1507 1783 1546; x_wconf 89' lang='lat' dir='ltr'>apud</span> <span class='ocrx_word' id='word_1_471' title='bbox 1808 1507 1926 1535; x_wconf 86' lang='lat' dir='ltr'>Festum</span> <span class='ocrx_word' id='word_1_472' title='bbox 1954 1507 1987 1534; x_wconf 86' lang='lat' dir='ltr'>in</span> <span class='ocrx_word' id='word_1_473' title='bbox 2015 1506 2189 1544; x_wconf 81' lang='lat' dir='ltr'>fragmento.</span> 
     </span>
     <span class='ocr_line' id='line_1_32' title="bbox 238 1547 2189 1588; baseline 0 -11"><span class='ocrx_word' id='word_1_474' title='bbox 238 1548 342 1579; x_wconf 87' lang='lat' dir='ltr'>Fulv.</span> <span class='ocrx_word' id='word_1_475' title='bbox 370 1548 446 1578; x_wconf 81' lang='lat' dir='ltr'>Urs.</span> <span class='ocrx_word' id='word_1_476' title='bbox 486 1549 580 1577; x_wconf 81' lang='lat' dir='ltr'>Varro</span> <span class='ocrx_word' id='word_1_477' title='bbox 610 1548 722 1576; x_wconf 82' lang='lat' dir='ltr'>hb.1V.</span> <span class='ocrx_word' id='word_1_478' title='bbox 746 1548 781 1576; x_wconf 89' lang='lat' dir='ltr'>de</span> <span class='ocrx_word' id='word_1_479' title='bbox 805 1548 836 1576; x_wconf 88' lang='lat' dir='ltr'>L.</span> <span class='ocrx_word' id='word_1_480' title='bbox 857 1549 886 1577; x_wconf 91' lang='lat' dir='ltr'>L.</span> <span class='ocrx_word' id='word_1_481' title='bbox 912 1547 964 1586; x_wconf 88' lang='lat' dir='ltr'>(V.</span> <span class='ocrx_word' id='word_1_482' title='bbox 988 1550 1118 1587; x_wconf 82' lang='lat' dir='ltr'>pag.5l.</span> <span class='ocrx_word' id='word_1_483' title='bbox 1143 1548 1211 1588; x_wconf 90' lang='lat' dir='ltr'>Sp.)</span> <span class='ocrx_word' id='word_1_484' title='bbox 1243 1550 1285 1577; x_wconf 89' lang='lat' dir='ltr'>ait</span> <span class='ocrx_word' id='word_1_485' title='bbox 1314 1549 1446 1578; x_wconf 88' lang='lat' dir='ltr'>Coelium</span> <span class='ocrx_word' id='word_1_486' title='bbox 1477 1554 1608 1578; x_wconf 86' lang='lat' dir='ltr'>montem</span> <span class='ocrx_word' id='word_1_487' title='bbox 1631 1560 1646 1577; x_wconf 93' lang='lat' dir='ltr'>a</span> <span class='ocrx_word' id='word_1_488' title='bbox 1670 1550 1758 1578; x_wconf 87' lang='lat' dir='ltr'>Coele</span> <span class='ocrx_word' id='word_1_489' title='bbox 1781 1549 1915 1578; x_wconf 84' lang='lat' dir='ltr'>Vibenno</span> <span class='ocrx_word' id='word_1_490' title='bbox 1938 1549 2035 1577; x_wconf 86' lang='lat' dir='ltr'>Tusco</span> <span class='ocrx_word' id='word_1_491' title='bbox 2064 1548 2189 1585; x_wconf 87' lang='lat' dir='ltr'>dictum,</span> 
     </span>
     <span class='ocr_line' id='line_1_33' title="bbox 239 1590 2189 1631; baseline 0.001 -12"><span class='ocrx_word' id='word_1_492' title='bbox 239 1592 290 1630; x_wconf 90' lang='lat' dir='ltr'>qui</span> <span class='ocrx_word' id='word_1_493' title='bbox 312 1591 440 1619; x_wconf 79' lang='lat' dir='ltr'>Romulo</span> <span class='ocrx_word' id='word_1_494' title='bbox 464 1592 573 1619; x_wconf 77' lang='lat' dir='ltr'>auxilio</span> <span class='ocrx_word' id='word_1_495' title='bbox 596 1591 653 1619; x_wconf 87' lang='lat' dir='ltr'>suit</span> <span class='ocrx_word' id='word_1_496' title='bbox 677 1595 781 1619; x_wconf 77' lang='lat' dir='ltr'>contra</span> <span class='ocrx_word' id='word_1_497' title='bbox 805 1590 947 1619; x_wconf 87' lang='lat' dir='ltr'>Sabinum</span> <span class='ocrx_word' id='word_1_498' title='bbox 969 1601 1076 1629; x_wconf 81' lang='lat' dir='ltr'>regem.</span> <span class='ocrx_word' id='word_1_499' title='bbox 1114 1591 1149 1619; x_wconf 90' lang='lat' dir='ltr'>Hi</span> <span class='ocrx_word' id='word_1_500' title='bbox 1173 1593 1222 1629; x_wconf 90' lang='lat' dir='ltr'>qui</span> <span class='ocrx_word' id='word_1_501' title='bbox 1246 1602 1313 1620; x_wconf 88' lang='lat' dir='ltr'>cum</span> <span class='ocrx_word' id='word_1_502' title='bbox 1337 1602 1371 1620; x_wconf 89' lang='lat' dir='ltr'>eo</span> <span class='ocrx_word' id='word_1_503' title='bbox 1395 1596 1558 1627; x_wconf 82' lang='lat' dir='ltr'>venerunt,</span> <span class='ocrx_word' id='word_1_504' title='bbox 1582 1596 1652 1631; x_wconf 90' lang='lat' dir='ltr'>post</span> <span class='ocrx_word' id='word_1_505' title='bbox 1674 1592 1736 1620; x_wconf 79' lang='lat' dir='ltr'>eius</span> <span class='ocrx_word' id='word_1_506' title='bbox 1759 1592 1886 1627; x_wconf 90' lang='lat' dir='ltr'>obitum,</span> <span class='ocrx_word' id='word_1_507' title='bbox 1911 1591 1992 1629; x_wconf 85' lang='lat' dir='ltr'>quod</span> <span class='ocrx_word' id='word_1_508' title='bbox 2015 1591 2101 1620; x_wconf 83' lang='lat' dir='ltr'>nimis</span> <span class='ocrx_word' id='word_1_509' title='bbox 2123 1601 2189 1620; x_wconf 90' lang='lat' dir='ltr'>mu-</span> 
     </span>
     <span class='ocr_line' id='line_1_34' title="bbox 237 1633 2190 1672; baseline -0.001 -10"><span class='ocrx_word' id='word_1_510' title='bbox 237 1634 299 1662; x_wconf 85' lang='lat' dir='ltr'>nita</span> <span class='ocrx_word' id='word_1_511' title='bbox 322 1634 388 1662; x_wconf 83' lang='lat' dir='ltr'>loca</span> <span class='ocrx_word' id='word_1_512' title='bbox 410 1638 509 1662; x_wconf 86' lang='lat' dir='ltr'>tenere</span> <span class='ocrx_word' id='word_1_513' title='bbox 532 1633 720 1669; x_wconf 81' lang='lat' dir='ltr'>dicerentur,</span> <span class='ocrx_word' id='word_1_514' title='bbox 749 1633 871 1661; x_wconf 86' lang='lat' dir='ltr'>deducti</span> <span class='ocrx_word' id='word_1_515' title='bbox 894 1643 955 1662; x_wconf 90' lang='lat' dir='ltr'>esse</span> <span class='ocrx_word' id='word_1_516' title='bbox 979 1634 1120 1662; x_wconf 88' lang='lat' dir='ltr'>dicuntur</span> <span class='ocrx_word' id='word_1_517' title='bbox 1142 1634 1173 1662; x_wconf 91' lang='lat' dir='ltr'>in</span> <span class='ocrx_word' id='word_1_518' title='bbox 1197 1634 1318 1672; x_wconf 84' lang='lat' dir='ltr'>planum</span> <span class='ocrx_word' id='word_1_519' title='bbox 1341 1639 1370 1663; x_wconf 89' lang='lat' dir='ltr'>et</span> <span class='ocrx_word' id='word_1_520' title='bbox 1393 1634 1430 1662; x_wconf 88' lang='lat' dir='ltr'>ab</span> <span class='ocrx_word' id='word_1_521' title='bbox 1455 1634 1497 1662; x_wconf 89' lang='lat' dir='ltr'>eis</span> <span class='ocrx_word' id='word_1_522' title='bbox 1521 1645 1584 1663; x_wconf 89' lang='lat' dir='ltr'>esse</span> <span class='ocrx_word' id='word_1_523' title='bbox 1607 1635 1720 1663; x_wconf 86' lang='lat' dir='ltr'>dictum</span> <span class='ocrx_word' id='word_1_524' title='bbox 1742 1635 1840 1662; x_wconf 89' lang='lat' dir='ltr'>vicum</span> <span class='ocrx_word' id='word_1_525' title='bbox 1863 1634 1994 1662; x_wconf 82' lang='lat' dir='ltr'>Tuscum</span> <span class='ocrx_word' id='word_1_526' title='bbox 2015 1633 2095 1663; x_wconf 85' lang='lat' dir='ltr'>idern</span> <span class='ocrx_word' id='word_1_527' title='bbox 2116 1633 2190 1663; x_wconf 78' lang='lat' dir='ltr'>scri-</span> 
     </span>
     <span class='ocr_line' id='line_1_35' title="bbox 238 1675 2189 1716; baseline -0.001 -9"><span class='ocrx_word' id='word_1_528' title='bbox 238 1677 291 1704; x_wconf 81' lang='lat' dir='ltr'>bit·</span> <span class='ocrx_word' id='word_1_529' title='bbox 335 1676 437 1704; x_wconf 82' lang='lat' dir='ltr'>Livius</span> <span class='ocrx_word' id='word_1_530' title='bbox 461 1676 516 1715; x_wconf 77' lang='lat' dir='ltr'>(ll,</span> <span class='ocrx_word' id='word_1_531' title='bbox 543 1675 605 1714; x_wconf 83' lang='lat'>14.)</span> <span class='ocrx_word' id='word_1_532' title='bbox 629 1681 657 1704; x_wconf 90' lang='lat' dir='ltr'>et</span> <span class='ocrx_word' id='word_1_533' title='bbox 680 1676 802 1714; x_wconf 78' lang='lat' dir='ltr'>DiOnyS.</span> <span class='ocrx_word' id='word_1_534' title='bbox 825 1675 878 1714; x_wconf 84' lang='lat' dir='ltr'>(V,</span> <span class='ocrx_word' id='word_1_535' title='bbox 902 1678 953 1706; x_wconf 85' lang='lat'>36.</span> <span class='ocrx_word' id='word_1_536' title='bbox 977 1687 1042 1715; x_wconf 82' lang='lat' dir='ltr'>pag.</span> <span class='ocrx_word' id='word_1_537' title='bbox 1057 1675 1141 1716; x_wconf 77' lang='lat'>305.)</span> <span class='ocrx_word' id='word_1_538' title='bbox 1163 1676 1304 1706; x_wconf 72' lang='lat' dir='ltr'>videntur</span> <span class='ocrx_word' id='word_1_539' title='bbox 1326 1677 1356 1705; x_wconf 87' lang='lat' dir='ltr'>id</span> <span class='ocrx_word' id='word_1_540' title='bbox 1380 1676 1480 1715; x_wconf 82' lang='lat' dir='ltr'>sequi,</span> <span class='ocrx_word' id='word_1_541' title='bbox 1506 1677 1587 1715; x_wconf 87' lang='lat' dir='ltr'>quod</span> <span class='ocrx_word' id='word_1_542' title='bbox 1609 1688 1625 1705; x_wconf 86' lang='lat' dir='ltr'>a</span> <span class='ocrx_word' id='word_1_543' title='bbox 1644 1677 1736 1705; x_wconf 88' lang='lat' dir='ltr'>Paulo</span> <span class='ocrx_word' id='word_1_544' title='bbox 1757 1677 1789 1705; x_wconf 89' lang='lat' dir='ltr'>in</span> <span class='ocrx_word' id='word_1_545' title='bbox 1813 1676 1951 1715; x_wconf 79' lang='lat' dir='ltr'>Epitome</span> <span class='ocrx_word' id='word_1_546' title='bbox 1971 1676 2115 1715; x_wconf 86' lang='lat' dir='ltr'>scriptum</span> <span class='ocrx_word' id='word_1_547' title='bbox 2137 1680 2189 1706; x_wconf 78' lang='lat' dir='ltr'>est.</span> 
     </span>
     <span class='ocr_line' id='line_1_36' title="bbox 238 1717 2191 1758; baseline 0 -11"><span class='ocrx_word' id='word_1_548' title='bbox 238 1719 340 1747; x_wconf 86' lang='lat' dir='ltr'>Festus</span> <span class='ocrx_word' id='word_1_549' title='bbox 363 1724 461 1747; x_wconf 81' lang='lat' dir='ltr'>autem</span> <span class='ocrx_word' id='word_1_550' title='bbox 483 1718 514 1747; x_wconf 80' lang='lat' dir='ltr'>id</span> <span class='ocrx_word' id='word_1_551' title='bbox 536 1719 634 1756; x_wconf 88' lang='lat' dir='ltr'>ipsum</span> <span class='ocrx_word' id='word_1_552' title='bbox 656 1717 742 1746; x_wconf 88' lang='lat' dir='ltr'>initio</span> <span class='ocrx_word' id='word_1_553' title='bbox 765 1718 855 1754; x_wconf 84' lang='lat' dir='ltr'>dicit,</span> <span class='ocrx_word' id='word_1_554' title='bbox 878 1718 1013 1757; x_wconf 87' lang='lat' dir='ltr'>duosque</span> <span class='ocrx_word' id='word_1_555' title='bbox 1036 1720 1144 1748; x_wconf 79' lang='lat' dir='ltr'>fratres</span> <span class='ocrx_word' id='word_1_556' title='bbox 1167 1720 1301 1749; x_wconf 89' lang='lat' dir='ltr'>nominat</span> <span class='ocrx_word' id='word_1_557' title='bbox 1324 1719 1444 1749; x_wconf 84' lang='lat' dir='ltr'>Coelem</span> <span class='ocrx_word' id='word_1_558' title='bbox 1466 1724 1495 1748; x_wconf 86' lang='lat' dir='ltr'>et</span> <span class='ocrx_word' id='word_1_559' title='bbox 1518 1719 1699 1756; x_wconf 83' lang='lat' dir='ltr'>Vibennum,</span> <span class='ocrx_word' id='word_1_560' title='bbox 1729 1724 1834 1758; x_wconf 88' lang='lat' dir='ltr'>postea</span> <span class='ocrx_word' id='word_1_561' title='bbox 1856 1718 2028 1758; x_wconf 85' lang='lat' dir='ltr'>opinionem</span> <span class='ocrx_word' id='word_1_562' title='bbox 2051 1717 2191 1748; x_wconf 75' lang='lat' dir='ltr'>Varronis</span> 
     </span>
     <span class='ocr_line' id='line_1_37' title="bbox 239 1759 2191 1802; baseline 0 -13"><span class='ocrx_word' id='word_1_563' title='bbox 239 1762 342 1800; x_wconf 84' lang='lat' dir='ltr'>paucis</span> <span class='ocrx_word' id='word_1_564' title='bbox 365 1761 492 1798; x_wconf 82' lang='lat' dir='ltr'>attingit.</span> <span class='ocrx_word' id='word_1_565' title='bbox 520 1761 606 1789; x_wconf 80' lang='lat' dir='ltr'>Ant.</span> <span class='ocrx_word' id='word_1_566' title='bbox 627 1760 724 1799; x_wconf 79' lang='lat' dir='ltr'>Aug.</span> <span class='ocrx_word' id='word_1_567' title='bbox 772 1761 896 1790; x_wconf 80' lang='lat' dir='ltr'>Tuscum</span> <span class='ocrx_word' id='word_1_568' title='bbox 926 1762 1020 1791; x_wconf 82' lang='lat' dir='ltr'>vicum</span> <span class='ocrx_word' id='word_1_569' title='bbox 1051 1761 1202 1791; x_wconf 80' lang='lat' dir='ltr'>coluerunt</span> <span class='ocrx_word' id='word_1_570' title='bbox 1227 1763 1331 1800; x_wconf 85' lang='lat' dir='ltr'>Tusci,</span> <span class='ocrx_word' id='word_1_571' title='bbox 1367 1773 1386 1790; x_wconf 88' lang='lat' dir='ltr'>a</span> <span class='ocrx_word' id='word_1_572' title='bbox 1408 1761 1513 1802; x_wconf 85' lang='lat' dir='ltr'>quibus</span> <span class='ocrx_word' id='word_1_573' title='bbox 1542 1773 1605 1791; x_wconf 90' lang='lat' dir='ltr'>eum</span> <span class='ocrx_word' id='word_1_574' title='bbox 1632 1762 1788 1802; x_wconf 77' lang='lat' dir='ltr'>scriptores</span> <span class='ocrx_word' id='word_1_575' title='bbox 1818 1760 1930 1792; x_wconf 77' lang='lat' dir='ltr'>dictum</span> <span class='ocrx_word' id='word_1_576' title='bbox 1952 1761 2056 1791; x_wconf 76' lang='lat' dir='ltr'>aiunt:</span> <span class='ocrx_word' id='word_1_577' title='bbox 2087 1759 2125 1790; x_wconf 78' lang='lat' dir='ltr'>ab</span> <span class='ocrx_word' id='word_1_578' title='bbox 2147 1771 2191 1798; x_wconf 80' lang='lat' dir='ltr'>eo,</span> 
     </span>
     <span class='ocr_line' id='line_1_38' title="bbox 240 1801 2192 1845; baseline 0.001 -14"><span class='ocrx_word' id='word_1_579' title='bbox 240 1802 319 1842; x_wconf 77' lang='lat' dir='ltr'>quod</span> <span class='ocrx_word' id='word_1_580' title='bbox 340 1802 371 1832; x_wconf 78' lang='lat' dir='ltr'>hi</span> <span class='ocrx_word' id='word_1_581' title='bbox 393 1803 524 1832; x_wconf 83' lang='lat' dir='ltr'>Porsena</span> <span class='ocrx_word' id='word_1_582' title='bbox 548 1801 711 1832; x_wconf 77' lang='lat' dir='ltr'>discedente</span> <span class='ocrx_word' id='word_1_583' title='bbox 738 1802 776 1831; x_wconf 81' lang='lat' dir='ltr'>ab</span> <span class='ocrx_word' id='word_1_584' title='bbox 806 1801 957 1832; x_wconf 79' lang='lat' dir='ltr'>obsidione</span> <span class='ocrx_word' id='word_1_585' title='bbox 985 1805 1174 1834; x_wconf 79' lang='lat' dir='ltr'>remanserint</span> <span class='ocrx_word' id='word_1_586' title='bbox 1195 1803 1325 1842; x_wconf 85' lang='lat' dir='ltr'>Romae,</span> <span class='ocrx_word' id='word_1_587' title='bbox 1361 1804 1484 1845; x_wconf 79' lang='lat' dir='ltr'>locoque</span> <span class='ocrx_word' id='word_1_588' title='bbox 1511 1803 1556 1833; x_wconf 73' lang='lat' dir='ltr'>his</span> <span class='ocrx_word' id='word_1_589' title='bbox 1585 1803 1656 1833; x_wconf 76' lang='lat' dir='ltr'>dato</span> <span class='ocrx_word' id='word_1_590' title='bbox 1686 1805 1769 1834; x_wconf 80' lang='lat' dir='ltr'>novis</span> <span class='ocrx_word' id='word_1_591' title='bbox 1797 1803 1881 1833; x_wconf 79' lang='lat' dir='ltr'>rebus</span> <span class='ocrx_word' id='word_1_592' title='bbox 1907 1801 2053 1833; x_wconf 71' lang='lat' dir='ltr'>studentes</span> <span class='ocrx_word' id='word_1_593' title='bbox 2071 1801 2192 1844; x_wconf 71' lang='lat' dir='ltr'>fratres</span> 
     </span>
     <span class='ocr_line' id='line_1_39' title="bbox 243 1843 2191 1887; baseline 0.001 -14"><span class='ocrx_word' id='word_1_594' title='bbox 243 1843 339 1874; x_wconf 86' lang='lat' dir='ltr'>Coeles</span> <span class='ocrx_word' id='word_1_595' title='bbox 362 1853 387 1874; x_wconf 82' lang='lat' dir='ltr'>et</span> <span class='ocrx_word' id='word_1_596' title='bbox 409 1845 543 1874; x_wconf 82' lang='lat' dir='ltr'>Vibenna</span> <span class='ocrx_word' id='word_1_597' title='bbox 566 1844 700 1874; x_wconf 76' lang='lat' dir='ltr'>reducere</span> <span class='ocrx_word' id='word_1_598' title='bbox 723 1845 915 1885; x_wconf 83' lang='lat' dir='ltr'>Tarquinium</span> <span class='ocrx_word' id='word_1_599' title='bbox 933 1845 1063 1876; x_wconf 87' lang='lat' dir='ltr'>Romam</span> <span class='ocrx_word' id='word_1_600' title='bbox 1087 1858 1183 1876; x_wconf 81' lang='lat' dir='ltr'>secum</span> <span class='ocrx_word' id='word_1_601' title='bbox 1206 1848 1426 1877; x_wconf 77' lang='lat' dir='ltr'>maturaverint.</span> <span class='ocrx_word' id='word_1_602' title='bbox 1457 1846 1506 1876; x_wconf 89' lang='lat' dir='ltr'>M.</span> <span class='ocrx_word' id='word_1_603' title='bbox 1525 1845 1641 1884; x_wconf 84' lang='lat' dir='ltr'>Varro,</span> <span class='ocrx_word' id='word_1_604' title='bbox 1664 1845 1745 1887; x_wconf 78' lang='lat' dir='ltr'>quod</span> <span class='ocrx_word' id='word_1_605' title='bbox 1766 1857 1806 1875; x_wconf 82' lang='lat' dir='ltr'>ex</span> <span class='ocrx_word' id='word_1_606' title='bbox 1824 1844 1908 1876; x_wconf 82' lang='lat' dir='ltr'>Coele</span> <span class='ocrx_word' id='word_1_607' title='bbox 1926 1845 2021 1875; x_wconf 71' lang='lat' dir='ltr'>Tusco</span> <span class='ocrx_word' id='word_1_608' title='bbox 2043 1845 2103 1875; x_wconf 80' lang='lat' dir='ltr'>orti</span> <span class='ocrx_word' id='word_1_609' title='bbox 2122 1845 2191 1875; x_wconf 75' lang='lat' dir='ltr'>sint.</span> 
     </span>
     <span class='ocr_line' id='line_1_40' title="bbox 243 1885 2191 1928; baseline 0.001 -13"><span class='ocrx_word' id='word_1_610' title='bbox 243 1885 338 1915; x_wconf 75' lang='lat' dir='ltr'>Habes</span> <span class='ocrx_word' id='word_1_611' title='bbox 361 1888 479 1916; x_wconf 85' lang='lat' dir='ltr'>omnino</span> <span class='ocrx_word' id='word_1_612' title='bbox 503 1888 585 1926; x_wconf 81' lang='lat' dir='ltr'>quod.</span> <span class='ocrx_word' id='word_1_613' title='bbox 608 1888 711 1916; x_wconf 84' lang='lat' dir='ltr'>Festus</span> <span class='ocrx_word' id='word_1_614' title='bbox 734 1888 770 1916; x_wconf 89' lang='lat' dir='ltr'>de</span> <span class='ocrx_word' id='word_1_615' title='bbox 793 1889 889 1916; x_wconf 87' lang='lat' dir='ltr'>Tusco</span> <span class='ocrx_word' id='word_1_616' title='bbox 911 1889 978 1918; x_wconf 89' lang='lat' dir='ltr'>vico</span> <span class='ocrx_word' id='word_1_617' title='bbox 1002 1889 1131 1928; x_wconf 86' lang='lat' dir='ltr'>scripsit.</span> <span class='ocrx_word' id='word_1_618' title='bbox 1154 1888 1256 1920; x_wconf 85' lang='lat' dir='ltr'>Scal.</span> <span class='ocrx_word' id='word_1_619' title='bbox 1288 1890 1362 1919; x_wconf 86' lang='lat' dir='ltr'>Vide</span> <span class='ocrx_word' id='word_1_620' title='bbox 1384 1889 1500 1918; x_wconf 90' lang='lat' dir='ltr'>Livium</span> <span class='ocrx_word' id='word_1_621' title='bbox 1522 1889 1574 1918; x_wconf 92' lang='lat' dir='ltr'>lib.</span> <span class='ocrx_word' id='word_1_622' title='bbox 1586 1889 1631 1926; x_wconf 89' lang='lat'>11,</span> <span class='ocrx_word' id='word_1_623' title='bbox 1656 1890 1705 1921; x_wconf 78' lang='lat'>14.</span> <span class='ocrx_word' id='word_1_624' title='bbox 1743 1889 1841 1918; x_wconf 89' lang='lat' dir='ltr'>Locus</span> <span class='ocrx_word' id='word_1_625' title='bbox 1863 1888 1901 1917; x_wconf 89' lang='lat' dir='ltr'>M.</span> <span class='ocrx_word' id='word_1_626' title='bbox 1922 1888 2080 1926; x_wconf 83' lang='lat' dir='ltr'>Varronis,</span> <span class='ocrx_word' id='word_1_627' title='bbox 2103 1897 2191 1926; x_wconf 82' lang='lat' dir='ltr'>quem</span> 
     </span>
     <span class='ocr_line' id='line_1_41' title="bbox 242 1928 2193 1972; baseline 0.002 -17"><span class='ocrx_word' id='word_1_628' title='bbox 242 1928 344 1957; x_wconf 83' lang='lat' dir='ltr'>Festus</span> <span class='ocrx_word' id='word_1_629' title='bbox 366 1930 520 1968; x_wconf 74' lang='lat' dir='ltr'>intelligit,</span> <span class='ocrx_word' id='word_1_630' title='bbox 545 1935 588 1959; x_wconf 87' lang='lat' dir='ltr'>est</span> <span class='ocrx_word' id='word_1_631' title='bbox 610 1930 662 1960; x_wconf 88' lang='lat' dir='ltr'>lib.</span> <span class='ocrx_word' id='word_1_632' title='bbox 675 1930 723 1959; x_wconf 90' lang='lat' dir='ltr'>IV.</span> <span class='ocrx_word' id='word_1_633' title='bbox 747 1931 783 1959; x_wconf 91' lang='lat' dir='ltr'>de</span> <span class='ocrx_word' id='word_1_634' title='bbox 807 1931 837 1959; x_wconf 89' lang='lat' dir='ltr'>L.</span> <span class='ocrx_word' id='word_1_635' title='bbox 856 1931 885 1960; x_wconf 89' lang='lat' dir='ltr'>L.</span> <span class='ocrx_word' id='word_1_636' title='bbox 912 1929 960 1971; x_wconf 94' lang='lat' dir='ltr'>(V.</span> <span class='ocrx_word' id='word_1_637' title='bbox 982 1942 1047 1970; x_wconf 83' lang='lat' dir='ltr'>pag.</span> <span class='ocrx_word' id='word_1_638' title='bbox 1062 1935 1110 1963; x_wconf 77' lang='lat'>51.</span> <span class='ocrx_word' id='word_1_639' title='bbox 1136 1930 1220 1972; x_wconf 88' lang='lat' dir='ltr'>Sp.):</span> <span class='ocrx_word' id='word_1_640' title='bbox 1250 1930 1286 1961; x_wconf 89' lang='lat' dir='ltr'>In</span> <span class='ocrx_word' id='word_1_641' title='bbox 1310 1931 1484 1961; x_wconf 85' lang='lat' dir='ltr'>Suburanae</span> <span class='ocrx_word' id='word_1_642' title='bbox 1504 1933 1631 1970; x_wconf 76' lang='lat' dir='ltr'>regionis</span> <span class='ocrx_word' id='word_1_643' title='bbox 1650 1939 1734 1971; x_wconf 82' lang='lat' dir='ltr'>parte</span> <span class='ocrx_word' id='word_1_644' title='bbox 1751 1931 1888 1971; x_wconf 86' lang='lat' dir='ltr'>princeps</span> <span class='ocrx_word' id='word_1_645' title='bbox 1908 1938 1950 1960; x_wconf 76' lang='lat' dir='ltr'>est</span> <span class='ocrx_word' id='word_1_646' title='bbox 1973 1929 2088 1961; x_wconf 73' lang='lat' dir='ltr'>Coelius</span> <span class='ocrx_word' id='word_1_647' title='bbox 2107 1940 2193 1960; x_wconf 73' lang='lat' dir='ltr'>mom</span> 
     </span>
     <span class='ocr_line' id='line_1_42' title="bbox 243 1969 2192 2013; baseline 0.002 -15"><span class='ocrx_word' id='word_1_648' title='bbox 243 1981 261 1998; x_wconf 93' lang='lat' dir='ltr'>a</span> <span class='ocrx_word' id='word_1_649' title='bbox 287 1969 382 2000; x_wconf 84' lang='lat' dir='ltr'>Coelio</span> <span class='ocrx_word' id='word_1_650' title='bbox 409 1971 542 2001; x_wconf 66' lang='lat' dir='ltr'>l‘ibenno</span> <span class='ocrx_word' id='word_1_651' title='bbox 569 1973 679 2007; x_wconf 87' lang='lat' dir='ltr'>Tusco,</span> <span class='ocrx_word' id='word_1_652' title='bbox 711 1971 783 2002; x_wconf 78' lang='lat' dir='ltr'>duce</span> <span class='ocrx_word' id='word_1_653' title='bbox 806 1971 915 2009; x_wconf 84' lang='lat' dir='ltr'>nobili,</span> <span class='ocrx_word' id='word_1_654' title='bbox 944 1975 996 2013; x_wconf 85' lang='lat' dir='ltr'>qui</span> <span class='ocrx_word' id='word_1_655' title='bbox 1017 1986 1082 2004; x_wconf 88' lang='lat' dir='ltr'>cum</span> <span class='ocrx_word' id='word_1_656' title='bbox 1106 1985 1160 2002; x_wconf 85' lang='lat' dir='ltr'>sua</span> <span class='ocrx_word' id='word_1_657' title='bbox 1182 1986 1272 2003; x_wconf 84' lang='lat' dir='ltr'>manu</span> <span class='ocrx_word' id='word_1_658' title='bbox 1294 1973 1403 2004; x_wconf 77' lang='lat' dir='ltr'>dicitur</span> <span class='ocrx_word' id='word_1_659' title='bbox 1423 1973 1554 2003; x_wconf 88' lang='lat' dir='ltr'>Romulo</span> <span class='ocrx_word' id='word_1_660' title='bbox 1575 1975 1684 2004; x_wconf 79' lang='lat' dir='ltr'>venisse</span> <span class='ocrx_word' id='word_1_661' title='bbox 1707 1972 1827 2004; x_wconf 76' lang='lat' dir='ltr'>auxilio</span> <span class='ocrx_word' id='word_1_662' title='bbox 1849 1980 1953 2004; x_wconf 84' lang='lat' dir='ltr'>contra</span> <span class='ocrx_word' id='word_1_663' title='bbox 1975 1971 2119 2003; x_wconf 78' lang='lat' dir='ltr'>Sabinum</span> <span class='ocrx_word' id='word_1_664' title='bbox 2140 1983 2192 2001; x_wconf 77' lang='lat' dir='ltr'>re-</span> 
     </span>
     <span class='ocr_line' id='line_1_43' title="bbox 242 2013 2192 2056; baseline 0.002 -16"><span class='ocrx_word' id='word_1_665' title='bbox 242 2023 316 2051; x_wconf 75' lang='lat' dir='ltr'>gem.</span> <span class='ocrx_word' id='word_1_666' title='bbox 361 2013 405 2041; x_wconf 87' lang='lat' dir='ltr'>Hi</span> <span class='ocrx_word' id='word_1_667' title='bbox 432 2022 498 2052; x_wconf 85' lang='lat' dir='ltr'>post</span> <span class='ocrx_word' id='word_1_668' title='bbox 524 2013 615 2044; x_wconf 86' lang='lat' dir='ltr'>Coelii</span> <span class='ocrx_word' id='word_1_669' title='bbox 645 2014 770 2052; x_wconf 84' lang='lat' dir='ltr'>obitum,</span> <span class='ocrx_word' id='word_1_670' title='bbox 809 2014 890 2056; x_wconf 80' lang='lat' dir='ltr'>quod</span> <span class='ocrx_word' id='word_1_671' title='bbox 915 2017 1002 2045; x_wconf 83' lang='lat' dir='ltr'>nimis</span> <span class='ocrx_word' id='word_1_672' title='bbox 1024 2018 1136 2046; x_wconf 85' lang='lat' dir='ltr'>munita</span> <span class='ocrx_word' id='word_1_673' title='bbox 1159 2015 1227 2046; x_wconf 85' lang='lat' dir='ltr'>loca</span> <span class='ocrx_word' id='word_1_674' title='bbox 1249 2024 1373 2046; x_wconf 79' lang='lat' dir='ltr'>tenerent</span> <span class='ocrx_word' id='word_1_675' title='bbox 1395 2017 1541 2054; x_wconf 84' lang='lat' dir='ltr'>(Coelium</span> <span class='ocrx_word' id='word_1_676' title='bbox 1564 2022 1694 2046; x_wconf 87' lang='lat' dir='ltr'>montem</span> <span class='ocrx_word' id='word_1_677' title='bbox 1716 2016 1862 2054; x_wconf 87' lang='lat' dir='ltr'>scilicet),</span> <span class='ocrx_word' id='word_1_678' title='bbox 1897 2027 1987 2056; x_wconf 82' lang='lat' dir='ltr'>neque</span> <span class='ocrx_word' id='word_1_679' title='bbox 2007 2015 2070 2045; x_wconf 82' lang='lat' dir='ltr'>sine</span> <span class='ocrx_word' id='word_1_680' title='bbox 2089 2015 2192 2055; x_wconf 84' lang='lat' dir='ltr'>suspi-</span> 
     </span>
     <span class='ocr_line' id='line_1_44' title="bbox 243 2055 1617 2097; baseline 0.006 -16"><span class='ocrx_word' id='word_1_681' title='bbox 243 2055 327 2082; x_wconf 84' lang='lat' dir='ltr'>cione</span> <span class='ocrx_word' id='word_1_682' title='bbox 349 2063 452 2091; x_wconf 80' lang='lat' dir='ltr'>essent,</span> <span class='ocrx_word' id='word_1_683' title='bbox 479 2055 597 2086; x_wconf 71' lang='lat' dir='ltr'>deducti</span> <span class='ocrx_word' id='word_1_684' title='bbox 619 2056 758 2086; x_wconf 79' lang='lat' dir='ltr'>dicuntur</span> <span class='ocrx_word' id='word_1_685' title='bbox 780 2058 811 2086; x_wconf 86' lang='lat' dir='ltr'>in</span> <span class='ocrx_word' id='word_1_686' title='bbox 830 2056 964 2097; x_wconf 85' lang='lat' dir='ltr'>planum.</span> <span class='ocrx_word' id='word_1_687' title='bbox 1001 2058 1054 2088; x_wconf 89' lang='lat' dir='ltr'>Ab</span> <span class='ocrx_word' id='word_1_688' title='bbox 1077 2060 1117 2088; x_wconf 89' lang='lat' dir='ltr'>eis</span> <span class='ocrx_word' id='word_1_689' title='bbox 1140 2057 1236 2088; x_wconf 77' lang='lat' dir='ltr'>dictus</span> <span class='ocrx_word' id='word_1_690' title='bbox 1256 2061 1338 2089; x_wconf 82' lang='lat' dir='ltr'>vicus</span> <span class='ocrx_word' id='word_1_691' title='bbox 1362 2060 1483 2090; x_wconf 79' lang='lat' dir='ltr'>Tuscus.</span> <span class='ocrx_word' id='word_1_692' title='bbox 1527 2059 1617 2089; x_wconf 89' lang='lat' dir='ltr'>Dac.</span> 
     </span>
    </p>

    <p class='ocr_par' dir='ltr' id='par_1_6' title="bbox 244 2096 2193 2393">
     <span class='ocr_line' id='line_1_45' title="bbox 411 2096 2191 2141; baseline 0.003 -17"><span class='ocrx_word' id='word_1_693' title='bbox 411 2096 606 2127; x_wconf 80' lang='lat' dir='ltr'>Toxicum.</span> <span class='ocrx_word' id='word_1_694' title='bbox 631 2098 691 2139; x_wconf 85' lang='lat' dir='ltr'>(Ad</span> <span class='ocrx_word' id='word_1_695' title='bbox 708 2110 736 2138; x_wconf 93' lang='lat' dir='ltr'>p.</span> <span class='ocrx_word' id='word_1_696' title='bbox 751 2099 835 2139; x_wconf 77' lang='lat'>271.)</span> <span class='ocrx_word' id='word_1_697' title='bbox 859 2100 1006 2129; x_wconf 79' lang='lat' dir='ltr'>Toxicum</span> <span class='ocrx_word' id='word_1_698' title='bbox 1029 2101 1140 2130; x_wconf 83' lang='lat' dir='ltr'>dicitur</span> <span class='ocrx_word' id='word_1_699' title='bbox 1163 2112 1319 2132; x_wconf 84' lang='lat' dir='ltr'>cervarum</span> <span class='ocrx_word' id='word_1_700' title='bbox 1342 2112 1506 2138; x_wconf 88' lang='lat' dir='ltr'>venenum,</span> <span class='ocrx_word' id='word_1_701' title='bbox 1531 2112 1589 2140; x_wconf 88' lang='lat' dir='ltr'>quo</span> <span class='ocrx_word' id='word_1_702' title='bbox 1613 2102 1733 2141; x_wconf 84' lang='lat' dir='ltr'>quidam</span> <span class='ocrx_word' id='word_1_703' title='bbox 1755 2111 1920 2140; x_wconf 89' lang='lat' dir='ltr'>perungere</span> <span class='ocrx_word' id='word_1_704' title='bbox 1942 2100 2062 2138; x_wconf 80' lang='lat' dir='ltr'>sagittas</span> <span class='ocrx_word' id='word_1_705' title='bbox 2084 2098 2191 2129; x_wconf 85' lang='lat' dir='ltr'>solent.</span> 
     </span>
     <span class='ocr_line' id='line_1_46' title="bbox 244 2136 2193 2184; baseline 0.004 -21"><span class='ocrx_word' id='word_1_706' title='bbox 244 2136 308 2164; x_wconf 84' lang='lat' dir='ltr'>Hoc</span> <span class='ocrx_word' id='word_1_707' title='bbox 338 2138 480 2175; x_wconf 78' lang='lat' dir='ltr'>exemplis</span> <span class='ocrx_word' id='word_1_708' title='bbox 504 2140 622 2168; x_wconf 84' lang='lat' dir='ltr'>Caecilii</span> <span class='ocrx_word' id='word_1_709' title='bbox 652 2147 680 2170; x_wconf 80' lang='lat' dir='ltr'>et</span> <span class='ocrx_word' id='word_1_710' title='bbox 703 2142 818 2170; x_wconf 75' lang='lat' dir='ltr'>Afranii</span> <span class='ocrx_word' id='word_1_711' title='bbox 851 2143 1005 2173; x_wconf 79' lang='lat' dir='ltr'>confirmat</span> <span class='ocrx_word' id='word_1_712' title='bbox 1032 2145 1146 2173; x_wconf 82' lang='lat' dir='ltr'>Festus.</span> <span class='ocrx_word' id='word_1_713' title='bbox 1176 2144 1266 2174; x_wconf 85' lang='lat' dir='ltr'>Ant.</span> <span class='ocrx_word' id='word_1_714' title='bbox 1286 2144 1378 2184; x_wconf 78' lang='lat' dir='ltr'>Aug.</span> <span class='ocrx_word' id='word_1_715' title='bbox 1424 2144 1570 2174; x_wconf 78' lang='lat' dir='ltr'>Toxicum</span> <span class='ocrx_word' id='word_1_716' title='bbox 1599 2145 1710 2174; x_wconf 88' lang='lat' dir='ltr'>dicitur</span> <span class='ocrx_word' id='word_1_717' title='bbox 1739 2144 1905 2173; x_wconf 81' lang='lat' dir='ltr'>cervarium</span> <span class='ocrx_word' id='word_1_718' title='bbox 1933 2152 2096 2179; x_wconf 86' lang='lat' dir='ltr'>venenum,</span> <span class='ocrx_word' id='word_1_719' title='bbox 2132 2151 2193 2180; x_wconf 85' lang='lat' dir='ltr'>quo</span> 
     </span>
     <span class='ocr_line' id='line_1_47' title="bbox 245 2178 2193 2225; baseline 0.004 -19"><span class='ocrx_word' id='word_1_720' title='bbox 245 2178 365 2217; x_wconf 84' lang='lat' dir='ltr'>quidam</span> <span class='ocrx_word' id='word_1_721' title='bbox 394 2189 557 2218; x_wconf 78' lang='lat' dir='ltr'>perungere</span> <span class='ocrx_word' id='word_1_722' title='bbox 585 2184 701 2219; x_wconf 76' lang='lat' dir='ltr'>sagittas</span> <span class='ocrx_word' id='word_1_723' title='bbox 731 2185 835 2214; x_wconf 85' lang='lat' dir='ltr'>solent.</span> <span class='ocrx_word' id='word_1_724' title='bbox 890 2186 1036 2215; x_wconf 82' lang='lat' dir='ltr'>Caecilius</span> <span class='ocrx_word' id='word_1_725' title='bbox 1064 2187 1095 2215; x_wconf 88' lang='lat' dir='ltr'>in</span> <span class='ocrx_word' id='word_1_726' title='bbox 1125 2187 1234 2216; x_wconf 85' lang='lat' dir='ltr'>Gamo:</span> <span class='ocrx_word' id='word_1_727' title='bbox 1279 2194 1310 2215; x_wconf 77' lang='lat' dir='ltr'>ut</span> <span class='ocrx_word' id='word_1_728' title='bbox 1339 2186 1483 2216; x_wconf 75' lang='lat' dir='ltr'>hominem</span> <span class='ocrx_word' id='word_1_729' title='bbox 1511 2188 1645 2216; x_wconf 87' lang='lat' dir='ltr'>miserum</span> <span class='ocrx_word' id='word_1_730' title='bbox 1675 2187 1778 2216; x_wconf 82' lang='lat' dir='ltr'>toxico</span> <span class='ocrx_word' id='word_1_731' title='bbox 1806 2186 1986 2225; x_wconf 73' lang='lat' dir='ltr'>transegerit.</span> <span class='ocrx_word' id='word_1_732' title='bbox 2037 2183 2193 2214; x_wconf 82' lang='lat' dir='ltr'>Afranius:</span> 
     </span>
     <span class='ocr_line' id='line_1_48' title="bbox 244 2220 2193 2270; baseline 0.004 -20"><span class='ocrx_word' id='word_1_733' title='bbox 244 2222 336 2269; x_wconf 42' lang='lat' dir='ltr'>uni-ori</span> <span class='ocrx_word' id='word_1_734' title='bbox 357 2221 415 2249; x_wconf 86' lang='lat' dir='ltr'>vin’</span> <span class='ocrx_word' id='word_1_735' title='bbox 434 2220 514 2270; x_wconf 66' lang='lat' dir='ltr'>istud</span> <span class='ocrx_word' id='word_1_736' title='bbox 537 2225 671 2253; x_wconf 72' lang='lat' dir='ltr'>toxicum</span> <span class='ocrx_word' id='word_1_737' title='bbox 692 2227 811 2255; x_wconf 82' lang='lat' dir='ltr'>mittere.</span> <span class='ocrx_word' id='word_1_738' title='bbox 857 2227 1000 2257; x_wconf 81' lang='lat' dir='ltr'>Caecilius</span> <span class='ocrx_word' id='word_1_739' title='bbox 1022 2229 1197 2258; x_wconf 86' lang='lat' dir='ltr'>hellenismo</span> <span class='ocrx_word' id='word_1_740' title='bbox 1221 2230 1332 2265; x_wconf 83' lang='lat' dir='ltr'>utitur,</span> <span class='ocrx_word' id='word_1_741' title='bbox 1354 2230 1518 2267; x_wconf 82' lang='lat' dir='ltr'>transigere</span> <span class='ocrx_word' id='word_1_742' title='bbox 1540 2229 1689 2258; x_wconf 87' lang='lat' dir='ltr'>hominem</span> <span class='ocrx_word' id='word_1_743' title='bbox 1711 2229 1829 2258; x_wconf 79' lang='lat' dir='ltr'>toxico:</span> <span class='ocrx_word' id='word_1_744' title='bbox 1850 2228 1904 2259; x_wconf 83' lang='grc' dir='ltr'>τὸν</span> <span class='ocrx_word' id='word_1_745' title='bbox 1926 2226 2096 2267; x_wconf 71' lang='grc' dir='ltr'><strong><em>ἄνθρωπον</em></strong></span> <span class='ocrx_word' id='word_1_746' title='bbox 2116 2237 2193 2266; x_wconf 65' lang='grc' dir='ltr'>φαρ-</span> 
     </span>
     <span class='ocr_line' id='line_1_49' title="bbox 246 2263 2193 2311; baseline 0.003 -20"><span class='ocrx_word' id='word_1_747' title='bbox 246 2274 332 2308; x_wconf 55' lang='grc' dir='ltr'>μᾳκῳ</span> <span class='ocrx_word' id='word_1_748' title='bbox 354 2263 503 2310; x_wconf 68' lang='grc' dir='ltr'><strong><em>ξξανυσαι.</em></strong></span> <span class='ocrx_word' id='word_1_749' title='bbox 536 2264 670 2294; x_wconf 69' lang='lat' dir='ltr'>fortasse</span> <span class='ocrx_word' id='word_1_750' title='bbox 691 2268 779 2296; x_wconf 84' lang='lat' dir='ltr'>etiam</span> <span class='ocrx_word' id='word_1_751' title='bbox 802 2269 975 2307; x_wconf 80' lang='lat' dir='ltr'>legendum:</span> <span class='ocrx_word' id='word_1_752' title='bbox 997 2271 1148 2311; x_wconf 80' lang='lat' dir='ltr'>Afranius</span> <span class='ocrx_word' id='word_1_753' title='bbox 1170 2271 1279 2301; x_wconf 75' lang='lat' dir='ltr'>Uxore.</span> <span class='ocrx_word' id='word_1_754' title='bbox 1301 2270 1403 2301; x_wconf 85' lang='lat' dir='ltr'>Scal.</span> <span class='ocrx_word' id='word_1_755' title='bbox 1442 2271 1536 2308; x_wconf 89' lang='lat' dir='ltr'>Quasi</span> <span class='ocrx_word' id='word_1_756' title='bbox 1559 2273 1712 2308; x_wconf 77' lang='lat' dir='ltr'>toxicum,</span> <span class='ocrx_word' id='word_1_757' title='bbox 1736 2283 1753 2300; x_wconf 91' lang='lat' dir='ltr'>a</span> <span class='ocrx_word' id='word_1_758' title='bbox 1774 2276 1846 2301; x_wconf 82' lang='lat' dir='ltr'>taxo</span> <span class='ocrx_word' id='word_1_759' title='bbox 1867 2270 1974 2300; x_wconf 83' lang='lat' dir='ltr'>arbore</span> <span class='ocrx_word' id='word_1_760' title='bbox 1995 2270 2054 2299; x_wconf 88' lang='lat' dir='ltr'>dici</span> <span class='ocrx_word' id='word_1_761' title='bbox 2075 2268 2193 2309; x_wconf 82' lang='lat' dir='ltr'>putavit</span> 
     </span>
     <span class='ocr_line' id='line_1_50' title="bbox 246 2305 2192 2353; baseline 0.005 -22"><span class='ocrx_word' id='word_1_762' title='bbox 246 2305 320 2332; x_wconf 79' lang='lat' dir='ltr'>Ptin.</span> <span class='ocrx_word' id='word_1_763' title='bbox 345 2305 486 2334; x_wconf 83' lang='lat' dir='ltr'>11b.XV1.</span> <span class='ocrx_word' id='word_1_764' title='bbox 510 2315 573 2344; x_wconf 79' lang='lat' dir='ltr'>cap.</span> <span class='ocrx_word' id='word_1_765' title='bbox 590 2309 638 2337; x_wconf 86' lang='lat'>10.</span> <span class='ocrx_word' id='word_1_766' title='bbox 670 2309 726 2337; x_wconf 85' lang='lat' dir='ltr'>Sed</span> <span class='ocrx_word' id='word_1_767' title='bbox 752 2312 871 2339; x_wconf 86' lang='lat' dir='ltr'>omnino</span> <span class='ocrx_word' id='word_1_768' title='bbox 895 2323 966 2341; x_wconf 82' lang='lat' dir='ltr'>vera</span> <span class='ocrx_word' id='word_1_769' title='bbox 988 2314 1066 2343; x_wconf 87' lang='lat' dir='ltr'>Festi</span> <span class='ocrx_word' id='word_1_770' title='bbox 1091 2314 1270 2353; x_wconf 75' lang='lat' dir='ltr'>etymologia</span> <span class='ocrx_word' id='word_1_771' title='bbox 1295 2325 1312 2343; x_wconf 86' lang='lat' dir='ltr'>a</span> <span class='ocrx_word' id='word_1_772' title='bbox 1334 2314 1465 2353; x_wconf 82' lang='lat' dir='ltr'>sagittis,</span> <span class='ocrx_word' id='word_1_773' title='bbox 1488 2325 1565 2353; x_wconf 88' lang='lat' dir='ltr'>quae</span> <span class='ocrx_word' id='word_1_774' title='bbox 1588 2315 1699 2344; x_wconf 83' lang='lat' dir='ltr'>Graece</span> <span class='ocrx_word' id='word_1_775' title='bbox 1721 2311 1808 2352; x_wconf 75' lang='grc' dir='ltr'><strong>τόξα,</strong></span> <span class='ocrx_word' id='word_1_776' title='bbox 1832 2314 1901 2353; x_wconf 85' lang='lat' dir='ltr'>quia</span> <span class='ocrx_word' id='word_1_777' title='bbox 1924 2324 1959 2343; x_wconf 88' lang='lat' dir='ltr'>eo</span> <span class='ocrx_word' id='word_1_778' title='bbox 1980 2313 2104 2352; x_wconf 78' lang='lat' dir='ltr'>sagittas</span> <span class='ocrx_word' id='word_1_779' title='bbox 2125 2320 2192 2350; x_wconf 73' lang='lat' dir='ltr'>per-</span> 
     </span>
     <span class='ocr_line' id='line_1_51' title="bbox 248 2347 1003 2393; baseline 0.013 -19"><span class='ocrx_word' id='word_1_780' title='bbox 248 2351 400 2384; x_wconf 85' lang='lat' dir='ltr'>ungerent.</span> <span class='ocrx_word' id='word_1_781' title='bbox 444 2347 486 2375; x_wconf 87' lang='lat' dir='ltr'>De</span> <span class='ocrx_word' id='word_1_782' title='bbox 509 2358 566 2386; x_wconf 87' lang='lat' dir='ltr'>quo</span> <span class='ocrx_word' id='word_1_783' title='bbox 590 2358 671 2378; x_wconf 83' lang='lat' dir='ltr'>more</span> <span class='ocrx_word' id='word_1_784' title='bbox 695 2351 869 2389; x_wconf 78' lang='lat' dir='ltr'>Virgi1.1X‚</span> <span class='ocrx_word' id='word_1_785' title='bbox 893 2355 1003 2393; x_wconf 86' lang='lat'>(773.):</span> 
     </span>
    </p>

    <p class='ocr_par' dir='ltr' id='par_1_7' title="bbox 808 2396 1614 2479">
     <span class='ocr_line' id='line_1_52' title="bbox 844 2396 1386 2438; baseline 0.006 -14"><span class='ocrx_word' id='word_1_786' title='bbox 844 2410 885 2416; x_wconf 90' lang='lat'>—-</span> <span class='ocrx_word' id='word_1_787' title='bbox 928 2413 969 2418; x_wconf 91' lang='lat'>-—</span> <span class='ocrx_word' id='word_1_788' title='bbox 1013 2408 1071 2437; x_wconf 83' lang='lat' dir='ltr'>quo</span> <span class='ocrx_word' id='word_1_789' title='bbox 1091 2409 1150 2427; x_wconf 84' lang='lat' dir='ltr'>non</span> <span class='ocrx_word' id='word_1_790' title='bbox 1168 2397 1290 2438; x_wconf 79' lang='lat' dir='ltr'>felicior</span> <span class='ocrx_word' id='word_1_791' title='bbox 1311 2396 1386 2427; x_wconf 85' lang='lat' dir='ltr'>alter</span> 
     </span>
     <span class='ocr_line' id='line_1_53' title="bbox 808 2434 1614 2479; baseline 0.01 -17"><span class='ocrx_word' id='word_1_792' title='bbox 808 2434 917 2473; x_wconf 77' lang='lat' dir='ltr'>Ungere</span> <span class='ocrx_word' id='word_1_793' title='bbox 939 2438 996 2466; x_wconf 78' lang='lat' dir='ltr'>tela</span> <span class='ocrx_word' id='word_1_794' title='bbox 1019 2449 1139 2475; x_wconf 85' lang='lat' dir='ltr'>manus,</span> <span class='ocrx_word' id='word_1_795' title='bbox 1171 2439 1341 2479; x_wconf 72' lang='lat' dir='ltr'>ferrumque</span> <span class='ocrx_word' id='word_1_796' title='bbox 1362 2451 1478 2470; x_wconf 82' lang='lat' dir='ltr'>armare</span> <span class='ocrx_word' id='word_1_797' title='bbox 1497 2451 1614 2470; x_wconf 84' lang='lat' dir='ltr'>veneno.</span> 
     </span>
    </p>
   </div>
  </div>
 </body>
</html>
