2263 2668
221 181 296 217 356
646 179 990 215 COMMENTARII
1016 179 1063 213 IN
1090 179 1233 214 PAULI
1259 180 1455 216 DIACONI
1481 182 1735 216 EXCERPTA

220 287 292 306 mer.
319 275 388 304 Im.
412 273 474 312 (XI,
496 272 581 309 624.)
606 283 660 310 pro
677 270 780 300 Edulii
802 271 907 300 melius
931 282 998 300 cum
1016 272 1120 300 vossio
1143 274 1220 312 legas
1239 275 1378 314 potionis.
1415 274 1457 303 Ad
1480 275 1639 314 poculenta
1663 274 1739 303 enim
1764 274 1880 314 polius,
1906 286 1991 314 quam
2016 278 2051 307 ad
2077 288 2164 308 escu—

220 320 299 348 lenta
323 316 473 356 pcrtinuil.
496 314 585 343 Dac.
625 313 769 343 Cocetum.
809 315 977 344 Coccetum.
1027 313 1129 344 Goth.

385 355 639 395 Compraerles.
684 355 775 384 Praes-
804 357 829 384 is
860 362 918 394 est,
958 356 1010 395 qui
1039 358 1153 396 populo
1182 368 1212 386 se
1235 358 1361 395 obligat,
1401 359 1527 397 spondet
1552 369 1581 387 se
1604 359 1716 397 aliquid
1740 369 1793 398 pro
1817 359 1911 387 altero
1934 367 2162 398 praestaturum,

219 403 249 432 ni
271 402 333 440 ipse
356 400 427 428 alter
451 403 595 435 praestet,
626 409 789 437 compraes,
821 399 870 437 qui
895 399 1076 428 coniunctim
1100 410 1167 428 cum
1191 401 1283 428 altero
1307 401 1418 438 populo
1442 412 1472 430 se
1496 402 1617 439 obligat.
1662 401 1733 429 Vide
1754 413 1848 441 praes.
1894 401 1980 432 Dae.

383 439 645 479 Compascuus.
681 442 703 468 A
728 442 819 469 verbo
843 452 1016 481 compasco,
1045 442 1132 471 simul
1155 453 1263 481 pasce,
1296 453 1488 481 compascuus
1512 454 1596 482 ager,
1621 444 1650 471 in
1675 454 1734 482 quo
1758 444 1924 473 vicinorum
1947 455 2052 484 pecora
2076 448 2164 476 simul

219 488 352 524 pascunt.
374 482 459 511 Dac.
505 482 579 511 Vide
604 483 772 511 Ciceronem
795 484 825 512 in
849 484 969 523 Topicis
992 484 1029 523 (c.
1045 485 1101 523 3.).
1132 486 1201 515 Isid.
1226 484 1314 523 (XV‚)
1342 489 1388 516 13.
1430 484 1532 517 Goth.

382 522 426 553 Co
436 535 623 563 mpescere.
670 527 690 553 A
709 537 814 564 pasco,
847 527 1008 565 composita
1032 526 1179 566 dispesca,
1210 529 1352 567 impesco‚
1381 539 1541 568 compesco,
1587 529 1782 568 Compescere
1805 533 1847 556 est
1871 538 1961 567 pecus
1985 529 2089 558 iisdem
2112 542 2164 570 pa-

217 568 294 597 scuis
318 567 486 602 continere,
516 567 544 595 in
570 578 659 596 unum
685 578 806 605 eogere,
835 570 1021 608 compellere.
1065 569 1233 609 Dispescere
1256 580 1371 607 gregem
1396 581 1563 609 segregare,
1588 572 1629 600 ita
1652 576 1684 599 ut
1706 582 1774 610 pars
1797 571 1918 599 seorsim
1941 577 2053 610 pascat.
2098 571 2164 602 Im—

213 621 327 650 pesccre
348 620 419 638 vero
444 614 488 637 est
511 620 602 648 pecus
625 611 655 638 in
678 611 781 639 laetam
806 617 930 649 segetem
955 612 1094 650 pascendi
1117 613 1208 650 gratia
1232 613 1400 641 immittere.
1439 614 1511 642 Vide
1535 624 1588 642 suo
1612 614 1688 643 loco.
1736 613 1825 642 Dae.

382 650 628 691 Compitalia.
674 654 811 682 Glossae:
853 654 1046 694 Compitalia,
1083 657 1162 685 θεῶν
1193 652 1321 693 οἷγυείων
1345 655 1458 693 ἑορταὶ,
1492 657 1525 686 αῖ
1549 654 1706 695 γενόμεναι
1730 656 1760 686 ἐν
1782 658 1845 690 τοῖς
1868 653 2001 695 τριόδοις
2022 653 2081 686 ὗπό
2105 660 2165 687 ταῖν

215 692 431 733 προσηκόντων
453 698 514 729 τοῖς
536 699 665 734 νεκροῖς.
690 695 787 726 Scal.
832 697 960 725 morum
984 698 1099 725 Larium
1124 698 1195 725 festa
1218 697 1248 724 in
1276 698 1412 736 compitis
1436 698 1484 726 VI.
1529 699 1627 727 Nonas
1650 699 1741 727 Maias
1768 698 1912 726 celebrari
1935 699 2029 727 solita.
2069 699 2164 728 Varro

215 737 266 766 lib·
282 738 311 768 5·
338 737 366 764 L·
393 737 423 764 L·
448 735 519 775 (Vl,
542 740 612 769 206.
636 739 719 777 Sp.):
761 738 939 778 Compitalia
962 738 1022 768 dies
1045 739 1201 768 attributus
1224 738 1370 777 Laribus,
1401 748 1431 769 ut
1454 739 1548 779 alibi‚·
1584 740 1649 770 ideo
1672 740 1722 769 uhi
1744 741 1808 768 viae
1830 747 2009 780 competunt,
2050 748 2110 770 tum
2133 743 2164 770 in

217 779 352 819 compitis
374 779 453 807 sacri
478 787 579 818 catur-,-
603 782 761 820 quotannis
784 783 806 809 is
832 780 891 810 dies
915 783 1086 821 concipitur.
1116 782 1187 810 Inde
1211 783 1298 810 Lares
1321 782 1412 811 viales
1435 783 1507 812 dicti
1529 794 1591 811 non
1615 784 1705 812 semel
1728 783 1808 822 apud
1833 783 1978 812 Servium.
2007 783 2079 811 Vide
2102 784 2164 812 Ma-

216 822 296 850 crob.
318 820 369 849 lib.
382 821 404 849 Ι.
430 822 487 850 Sat.
515 826 579 854 c.7.
604 828 631 851 el
656 824 775 861 Dionys.
793 824 885 854 Halic.
910 824 961 852 lib.
976 827 1005 855 4.
1028 825 1102 855 Plin.
1128 825 1177 852 lib.
1191 827 1239 856 36.
1265 835 1328 863 cap.
1343 828 1394 857 27·
1420 825 1442 854 A
1458 826 1619 865 Tarquinio
1635 826 1735 855 Prisco
1759 825 1902 864 originem
1927 825 2049 856 duxere.
2072 826 2163 857 Dae.

215 863 291 893 Vide
313 867 416 891 nostra
440 869 576 902 excerpta
602 875 637 893 ex
660 866 773 894 Glossis
796 867 825 894 in
849 877 875 897 v.
903 865 1087 906 Compitalia.
1135 866 1236 896 Gotlz.

380 904 598 945 Congruere.
643 908 668 936 A
690 909 812 946 gruibus
837 909 963 938 verbum
986 910 1141 948 antiquum
1161 921 1271 948 gruere.
1318 910 1500 939 Glossarium
1526 909 1641 939 Gruunt
1663 910 1858 950 γερανίζουσι.
1901 910 1986 939 Unde
2008 920 2165 950 congruere

215 948 373 988 expedire,
394 948 474 977 inter
495 959 524 977 se
548 951 715 982 convenire.
747 952 861 981 Terent.
885 952 1058 985 Heaut.Ill,
1084 955 1111 983 1.
1137 950 1256 992 (102.):

749 993 794 1022 Ne
817 1005 868 1023 nos
893 995 966 1022 inter
990 1005 1042 1023 nos
1065 1005 1219 1033 congruere
1241 995 1375 1023 sentiant.

217 1032 378 1073 Congrum-e
400 1038 442 1062 est
467 1034 556 1063 etiam
578 1035 666 1065 simul
690 1036 802 1065 irruere
828 1041 861 1064 ut
883 1047 983 1075 grues,
1016 1048 1090 1075 quae
1113 1047 1172 1064 non
1195 1047 1224 1064 se
1246 1042 1408 1075 segregant.
1452 1038 1534 1066 Idem
1560 1038 1692 1067 Eunuch.
1708 1038 1748 1074 V,
1774 1040 1809 1074 8,
1833 1039 1907 1073 (302

748 1095 790 1100 --
813 1096 852 1100 --
873 1096 915 1100 —
937 1080 986 1107 cui
1007 1087 1066 1107 tam
1092 1078 1187 1107 subito
1211 1082 1395 1119 congruerint
1419 1079 1584 1110 commoda.

213 1117 322 1155 (Codd.
345 1117 471 1146 Bentleii
495 1121 683 1160 contigerint5
714 1121 861 1161 superiori
881 1122 947 1150 loco
970 1122 1048 1150 idem
1071 1121 1202 1160 reposuit
1226 1123 1409 1159 consentire).
1440 1123 1493 1151 Da
1504 1135 1528 1153 c.
1574 1123 1646 1152 Vide
1669 1123 1744 1152 infra
1768 1121 1883 1151 Gruere.
1928 1122 2040 1150 Glossis
2064 1130 2163 1152 συναι-

212 1163 284 1191 νεῖν.
332 1159 438 1190 Goth.

380 1200 634 1242 Cogn'omines.
682 1206 778 1235 Plani.
800 1207 981 1243 Bacchid.1,
1007 1210 1034 1239 1.
1060 1206 1132 1246 (5.):

213 1271 249 1298 Et
271 1270 301 1298 in
325 1270 482 1299 Fraoment
502 1283 506 1287 ,
668 1265 710 1270 —-
732 1267 773 1271 ——
798 1249 878 1288 Quid
900 1257 990 1289 agunt
1014 1248 1088 1278 duae
1107 1260 1264 1289 germanae
1287 1250 1447 1279 meretrices
1470 1251 1663 1290 cognomines.

383 1291 399 1308 ὗ
485 1294 506 1300 ..

212 1329 301 1359 Dae.
670 1311 732 1340 Illa
754 1314 810 1341 mei
832 1314 1012 1352 cognominis
1025 1312 1104 1355 fuit.

379 1370 571 1402 Gerr-ones.
618 1373 691 1404 Vide
718 1374 832 1404 Germe.
859 1376 950 1405 Ant.
973 1377 1066 1416 Aug.
1112 1377 1184 1404 lude
1209 1375 1403 1405 Concerrones
1426 1380 1453 1404 et
1479 1374 1645 1405 Concor-rae.
1691 1377 1847 1406 Lucillius:

791 1418 951 1457 Tapullam
976 1418 1065 1458 legem
1089 1418 1184 1447 rident
1207 1430 1359 1447 concert-ae
1384 1418 1492 1458 Opimi.

213 1454 314 1486 Scal.
345 1456 401 1484 Pro
427 1455 567 1487 Gerr-ones
585 1457 612 1487 G
634 1464 747 1488 mutato
771 1460 800 1488 in
827 1460 856 1490 C.
894 1462 941 1489 Sic
966 1467 1061 1489 autem
1085 1462 1157 1490 dicti
1180 1472 1195 1490 a
1215 1462 1325 1500 gerris,
1349 1461 1479 1489 cratibus
1501 1461 1650 1497 vimineis,
1675 1462 1781 1500 quibus
1803 1472 1859 1500 pro
1881 1461 1973 1489 scutis
1996 1460 2040 1488 usi
2059 1459 2161 1494 Siculi,

213 1503 240 1525 et
263 1498 298 1526 ab
322 1498 550 1529 Atheniensibus
574 1501 669 1538 irrisi,
692 1507 798 1541 utpote
822 1504 871 1542 qui
894 1514 923 1531 se
946 1514 977 1532 re
1000 1514 1106 1542 parum
1129 1504 1234 1532 idonea
1258 1508 1442 1540 tutarentur,
1466 1504 1544 1532 unde
1568 1504 1678 1532 sactum
1703 1510 1761 1540 est,
1785 1509 1818 1532 ut
1840 1504 1933 1542 inepti
1957 1507 1986 1532 et
2008 1503 2086 1531 leves
2109 1500 2163 1530 ho-

214 1541 304 1569 mines
328 1540 463 1571 Ceri-ones
485 1542 635 1582 hodieque
659 1545 802 1574 dicanturv
850 1546 945 1574 Aliter
976 1551 1075 1574 tamen
1104 1546 1180 1574 idem
1208 1547 1311 1573 Festus
1340 1546 1417 1574 infra
1446 1546 1477 1574 in
1502 1557 1576 1575 voce
1602 1545 1716 1575 Gerr-ae.
1761 1547 1833 1575 Inde
1859 1555 2018 1584 congerrae
2041 1549 2070 1573 et
2092 1553 2163 1572 con-

212 1592 365 1621 gerrones,
398 1585 445 1612 vel
469 1596 612 1614 concerro
637 1591 665 1615 et
688 1598 886 1616 concerrones
912 1588 1029 1616 sodales
1057 1589 1138 1616 dicii.
1185 1588 1279 1616 Varro
1303 1588 1352 1617 lib.
1367 1590 1396 1618 6.
1420 1589 1450 1616 L.
1469 1589 1500 1617 L.
1525 1589 1612 1625 (vll,
1635 1589 1708 1620 340.
1732 1590 1815 1628 Sp.):
1857 1587 2000 1628 Congerro
2023 1598 2041 1616 a
2060 1596 2163 1626 gerrae

212 1632 237 1653 et
264 1624 405 1654 Graecum
429 1635 469 1655 est
491 1636 517 1656 et
540 1629 570 1656 in
593 1628 707 1657 Latina
730 1631 828 1660 cratis,
865 1630 938 1659 Vide
962 1629 1094 1660 Sodales.
1120 1630 1210 1659 Dac.
1249 1628 1395 1659 Cerrones.
1432 1630 1634 1659 Concerrones
1655 1631 1704 1659 vel
1727 1632 1939 1669 Congerrones.
1966 1628 2071 1659 Goth.
2098 1628 2162 1669 γε’ῤ-

212 1668 264 1707 ῤἀς
287 1678 314 1698 ν.
337 1669 415 1696 infra
442 1668 556 1700 Germe.
603 1669 715 1701 Idem.

302 1751 329 1779 D
376 1709 580 1752 Coniptum.
630 1713 772 1744 Conitum.
807 1715 839 1743 In
862 1715 914 1744 lib.
938 1720 996 1744 vet.
1015 1714 1178 1755 Coniptum.
1212 1715 1296 1751 Quae
1319 1724 1388 1743 vera
1412 1715 1511 1744 lectio.
1549 1715 1702 1756 Coniptum
1727 1727 1742 1744 a
1765 1716 1897 1746 novinae
1918 1714 2043 1754 pulvere
2065 1722 2164 1751 asper·

214 1759 258 1788 go.
337 1763 387 1782 ac.

377 1794 574 1835 Comptum.
621 1798 753 1828 Plaeeret
777 1807 912 1828 comtum.
933 1799 1037 1829 Fulv.
1066 1799 1145 1829 Urs.
1182 1799 1261 1827 Haec
1284 1799 1342 1827 alio
1366 1801 1524 1838 portinent.
1558 1801 1725 1838 Legendum
1752 1807 1879 1830 comtum
1900 1798 2060 1841 Afranius.
2090 1797 2163 1826 Vide

219 1832 359 1874 ComptuS.
384 1837 467 1867 Dac.
499 1840 558 1867 Alii
583 1838 721 1877 Connus,
745 1842 795 1870 alii
821 1842 969 1880 Comitus,
993 1843 1045 1871 alii
1070 1840 1239 1882 Comptum,
1263 1842 1313 1870 alii
1340 1841 1491 1878 Consum,
1517 1844 1566 1872 alii
1591 1842 1733 1873 Comtum.
1759 1841 1863 1872 Goth.
1894 1839 2045 1878 Excubui,
2069 1840 2161 1868 cultu.

218 1874 322 1907 Idem,
366 1879 409 1909 Cf.
434 1881 601 1911 Doederlin.
625 1884 763 1921 Synffl,
787 1895 852 1923 pag.
865 1888 937 1916 263.

379 1919 425 1949 Co
436 1922 595 1963 nflages.
639 1926 752 1955 Nonius
774 1926 926 1967 Confluges
948 1928 1032 1963 loca,
1054 1927 1086 1955 in
1109 1937 1182 1965 quae
1205 1927 1316 1956 diversi
1339 1927 1493 1956 confluunt
1515 1928 1582 1956 rivi.
1614 1928 1745 1956 Isidorus
1768 1927 1819 1955 lib.
1832 1926 1912 1955 XIV.
1938 1936 1962 1956 c.
1975 1927 2006 1957 8.
2032 1922 2161 1965 Confra-

215 1968 273 1996 ges.
295 1957 371 1988 Ful,
399 1962 474 1992 Urs.
518 1966 650 1996 Isidorus
673 1969 744 2006 legit
767 1971 936 2007 confrages,
972 1970 1024 1998 sed
1047 1970 1124 1998 idem
1147 1974 1191 1998 est
1211 1975 1337 2009 propter
1359 1971 1563 2008 cognationem
1585 1970 1613 1999 F
1632 1981 1698 1999 cum
1721 1969 1768 2006 R,
1798 1974 1832 1998 ut
1854 1969 2025 2004 sufflamen,
2056 1966 2162 1995 suffra-

219 2009 299 2037 meni
321 2000 509 2048 Ffaffl'ffillla,
533 2009 717 2042 Flaxtabula.
751 2013 861 2042 Eodem
886 2012 974 2041 modo
998 2013 1197 2052 compositum
1222 2013 1388 2051 conssuges,
1412 2024 1499 2051 quam
1515 2014 1660 2043 Homerus
1682 2014 1768 2051 (ll.4‚
1791 2013 1881 2049 454.)
1902 2008 2095 2052 μισγάγκειαν
2109 2018 2162 2037 vo-

218 2046 276 2070 cat.
322 2042 420 2071 Livius
437 2046 635 2080 Andromeda:

432 2127 437 2132 ¹
750 2094 903 2136 Confluges
926 2096 977 2124 ubi
998 2104 1139 2126 conventu
1163 2108 1296 2137 campum
1320 2104 1411 2126 totum
1433 2097 1626 2137 inlzumigant.

221 2123 321 2153 scal·
354 2125 474 2155 V⁰⁸⁵¹us
497 2129 563 2167 legit
587 2137 732 2175 confluges
752 2144 878 2177 propter
899 2139 1023 2167 verbum
1047 2140 1205 2180 confluunt.
1239 2140 1330 2176 Male,
1353 2145 1386 2168 ut
1408 2141 1542 2176 videtur,
1566 2151 1633 2168 nain
1657 2140 1804 2181 corfiages
1824 2145 1854 2169 et
1876 2138 2023 2178 confluges
2043 2136 2161 2164 diversa

218 2176 265 2195 res
284 2172 349 2214 ,⁶⁵1³
378 2174 411 2196 ut
434 2179 503 2197 11]οΧ
526 2176 645 2209 patebit.
684 2180 740 2207 Sed
763 2191 818 2219 pro
842 2182 993 2222 confluunt
1015 2181 1172 2219 legendum
1196 2182 1315 2210 omnino
1339 2184 1478 2223 conflant.
1519 2183 1568 2211 Sic
1592 2183 1737 2222 conflages
1759 2183 1824 2211 loca
1847 2182 2004 2216 dicuntur,
2033 2179 2065 2207 in
2087 2187 2161 2216 quae

219 2208 349 2257 UP‘P‘PJC
372 2211 501 2259 COJffl-'mt
523 2217 609 2243 venti.
656 2218 677 2245 A
702 2223 877 2260 conflatum,
900 2224 1061 2263 conflages‚
1091 2229 1124 2253 ut
1147 2235 1162 2252 a
1185 2232 1326 2261 stratum,
1348 2232 1466 2265 strages.
1509 2226 1550 2254 At
1573 2235 1645 2254 vero
1667 2226 1814 2266 corfiuges
1835 2225 1901 2253 loca
1923 2226 2008 2259 sunt,
2030 2221 2062 2250 in
2085 2229 2161 2260 quae

219 2261 275 2280 rivi
299 2252 411 2282 diversi
435 2254 595 2285 confluunt.
618 2258 703 2290 Dae.
743 2263 897 2304 Confluunt
921 2266 1091 2304 confligunt.
1139 2265 1242 2295 Goth.

306 2334 312 2340 .
383 2293 539 2335 COporw.
584 2300 649 2328 Non
678 2302 781 2341 video,
817 2317 908 2344 quare
937 2308 1031 2336 doctis
1058 2309 1132 2337 viris
1160 2308 1210 2336 hic
1238 2309 1337 2338 visum
1366 2314 1481 2338 mutare
1503 2321 1522 2338 a
1545 2312 1629 2350 cupis
1650 2321 1706 2350 pro
1730 2321 1750 2338 a
1772 2310 1873 2349 copiis.
1917 2308 1991 2337 Nam
2019 2304 2094 2334 nihil
2115 2307 2160 2332 est

220 2339 358 2372 apertius.
382 2336 485 2368 Scal.
532 2338 627 2387 Cupa,
657 2348 690 2370 ut
713 2349 825 2374 veteres
848 2349 948 2378 dixere
970 2360 1024 2388 pro
1049 2362 1139 2390 copa,
1161 2352 1239 2379 idem
1264 2357 1308 2380 est
1331 2362 1365 2380 ac
1388 2363 1510 2391 copona.
1559 2353 1678 2392 Copona
1702 2358 1800 2381 autem
1823 2352 1886 2380 sive
1907 2360 1983 2390 cupa
2004 2347 2051 2376 vel
2075 2355 2158 2385 cupa,

220 2381 248 2404 et
271 2377 420 2427 tabernam
444 2385 473 2408 et
495 2383 647 2412 mulierem
671 2385 820 2421 significat.
867 2391 906 2418 De
929 2393 1051 2420 muliere
1073 2393 1153 2430 Vix-g.
1177 2392 1367 2433 (Moret.1.):
1390 2411 1428 2415 —
1452 2411 1494 2415 —
1515 2411 1557 2417 —
1582 2395 1663 2435 Copa
1687 2395 1800 2436 Syrica.
1834 2393 1925 2429 Quod
1949 2389 2052 2419 Lucil.:
2077 2386 2158 2417 Gau-

217 2429 296 2457 pona
317 2418 365 2450 lzic
387 2428 479 2451 tamen
502 2435 560 2453 una
584 2425 665 2465 Syra.
709 2427 810 2466 Neque
832 2435 928 2460 tamen
952 2444 966 2461 a
991 2435 1084 2473 copiis
1105 2435 1183 2463 dicta
1211 2446 1342 2475 copona,
1381 2441 1416 2465 ut
1438 2437 1542 2465 Festus
1575 2439 1731 2476 opinatur,
1772 2436 1825 2465 sed
1853 2436 1968 2474 potius,
2005 2435 2037 2459 ¹¹1
2058 2430 2090 2458 in
2114 2430 2158 2458 ³¹·
