2263 2668
537 152 601 186 DE
616 148 1016 198 [SIGNIFICATIONE
1043 150 1328 187 VERBORUM.
1385 152 1530 186 LIBER
1556 153 1614 187 XI.
1970 158 2046 194 489

263 244 450 275 Madulsa.
496 244 635 275 Madasa.
674 244 775 273 Scribe
797 241 939 273 Madulsa
961 247 995 272 ut
1016 242 1047 271 in
1069 243 1165 273 Plaut.
1189 244 1294 274 Pseud.
1312 244 1352 282 V,
1377 247 1410 281 1,
1435 242 1510 285 (7.):

655 286 794 328 Profecto
817 284 919 326 edepol
939 296 989 325 ego
1013 297 1090 314 nunc
1110 286 1201 325 probe
1221 287 1292 316 abeo
1315 285 1459 316 madulsa.

99 327 200 361 Scal.
243 328 387 359 Madulsa
409 335 437 359 et
459 328 598 359 madidus
620 341 635 358 a
658 330 749 357 verbo
770 327 889 365 madeo,
929 327 1010 366 quod
1033 328 1194 366 aliquando
1218 330 1304 358 etiam
1328 330 1450 369 ponitur
1472 340 1528 368 pro
1552 329 1651 358 ebrius
1675 341 1739 359 sum
1763 336 1796 360 ut
1819 338 1923 362 eontra
1946 335 2044 364 siccus

98 381 155 409 pro
180 371 289 400 sobrio.
327 373 432 402 Madeo
457 379 555 401 autem
578 383 593 400 a
617 373 732 414 μαδᾷν,
755 370 936 409 deglabrari,
959 370 1141 408 glabesceie,
1166 372 1277 411 depiles
1301 383 1377 409 esse,
1401 382 1467 400 cum
1490 372 1601 400 scilicet
1624 378 1747 412 propter
1769 374 1888 405 nimiam
1911 375 2045 407 humoris

99 414 215 452 copiam
239 414 382 443 decidunt
403 416 473 455 pili,
503 416 557 444 nisi
582 415 666 442 malis
689 424 750 442 esse
772 425 787 442 a
811 413 925 454 μυὸᾇν,
948 424 1018 452 prae
1040 414 1130 441 nimio
1152 414 1271 443 humore
1291 423 1459 454 putrescere.
1504 415 1576 443 Nam
1601 420 1628 443 et
1652 426 1685 444 eo
1708 427 1798 445 sensu
1821 419 1907 447 etiam
1930 419 2046 448 madere

100 457 262 494 aliquando
286 458 382 495 legere
404 463 463 495 est,
488 458 567 486 unde
591 468 606 485 a
631 457 751 485 Graecis
774 457 935 495 exponitur
957 452 1056 493 τήκειν
1081 456 1159 494 quod
1184 462 1228 485 est
1249 457 1404 485 humidum
1428 467 1508 493 esse,
1532 457 1661 486 tabefieri
1685 459 1732 487 vel
1756 462 1917 500 corrumpi.
1948 463 2045 492 Gloss.

99 497 223 527 madida
245 498 363 539 tonsori.
407 501 468 529 Etsi
491 511 545 539 par
566 499 595 528 in
620 504 746 537 utroque
770 505 812 527 est
834 499 927 534 ratio,
960 508 1027 526 nam
1052 502 1080 526 et
1101 500 1199 539 μαὸςῖν
1223 509 1276 537 pro
1299 501 1397 540 μυὸᾷυ
1422 504 1448 527 et
1471 505 1574 528 contra
1598 510 1685 539 saepe
1710 503 1835 538 positum
1860 509 1920 541 est,
1950 505 1990 533 ita
2013 509 2046 534 ut

99 551 165 570 meo
189 542 308 580 quidem
332 542 442 571 iudicio
466 544 587 572 minime
610 542 716 570 tentari
740 542 865 570 debeant
889 540 947 569 loci
970 540 1019 569 ubi
1041 540 1114 568 haec
1137 542 1184 569 vel
1208 542 1257 570 illa
1283 552 1342 570 vox
1366 547 1533 580 usurpatur.
1558 542 1646 571 Dac.
1687 541 1742 572 Sit.
1781 546 1864 574 Satis.
1914 545 2021 576 Goth.

264 585 526 624 Magisterare.
572 585 676 612 Dec-rat
700 584 827 623 spatium
856 584 892 612 ad
917 594 948 612 ea
973 582 1114 622 capienda
1139 594 1214 621 quae
1237 584 1480 613 desiderabantur
1503 595 1537 613 ox
1561 584 1676 621 sched.;
1699 585 1729 613 in
1751 586 1807 615 fine
1829 593 1904 627 puto
1928 589 2045 618 deside-

100 626 162 654 rari
185 631 300 655 tantum
324 637 426 656 vocem
451 626 551 657 docere
574 628 620 655 vel
644 628 779 656 similem.
826 627 860 654 Et
888 631 968 654 recte
998 626 1116 663 quidem
1139 627 1241 654 Festus
1264 627 1452 664 magisterare
1476 628 1603 665 antiquis
1626 633 1801 666 usurpatum
1825 631 1897 659 dicit
1919 641 1974 669 pro
1995 641 2044 660 re-

100 678 184 706 gere,
207 669 366 708 imperium
388 670 504 699 habere.
534 669 605 698 Inde
628 670 658 698 in
684 670 793 699 Gloss.:
816 669 962 708 Magistro
985 665 1171 707 πρυτανεύω.
1203 669 1403 706 Magisterium
1429 665 1512 708 α’ρχή.
1542 669 1599 698 Sed
1621 676 1723 708 postea
1747 682 1802 710 pro
1827 671 1944 709 docere,
1969 675 2046 703 unde

101 711 210 740 artium
240 713 376 741 doctores
405 712 478 741 dicti
506 713 647 749 magistri.
693 712 740 740 Sic
762 712 934 750 Spartianus
963 711 992 739 in
1016 711 1145 739 Adriano
1175 717 1246 739 sect.
1264 712 1316 740 X.:
1355 710 1420 750 Ipse
1448 712 1521 740 inter
1549 711 1743 752 manipulares
1772 715 1860 743 vitam
1889 714 2045 744 militarem

100 755 295 792 magistrans,
319 755 337 782 i.
355 765 379 783 e.
396 755 516 784 docens.
537 755 623 784 Dac-
655 755 750 783 Veiba
767 754 861 790 Festi,
887 763 960 792 quae
978 753 1050 782 haec
1066 754 1266 792 praecedunt,
1291 754 1326 782 ad
1350 753 1409 782 hoc
1433 754 1554 782 verbum
1577 756 1730 783 referenda
1754 761 1830 786 sunt.
1851 757 1939 787 Ant.
1953 758 2045 797 Aug.

99 796 171 824 Post
198 797 323 825 verbum
351 808 495 837 pagorum
518 797 639 825 videtur
660 797 828 825 addendum
853 797 999 826 curiarum
1023 807 1059 825 ex
1083 797 1205 831 Plauto,
1242 797 1292 834 qui
1316 797 1388 825 dicit
1410 797 1440 824 in
1463 797 1639 830 Aulularim.
1669 798 1794 827 Nostrae
1816 801 1867 839 qui
1888 807 1928 828 est
1952 802 2046 839 magi-

100 845 158 866 ster
180 840 284 869 curiae.
318 838 415 869 Fulv.
444 839 517 868 Urs.
564 840 638 868 Male
660 841 769 868 Paulus
795 840 933 878 magister
955 839 1038 867 ducit
1062 850 1078 867 a
1101 840 1290 878 magisterare
1312 840 1358 867 vel
1381 840 1569 878 magistrare,-
1605 850 1671 868 cum
1695 846 1798 869 contra
1821 843 2008 881 magisterare
2029 853 2045 872 a

101 882 240 920 magister
262 882 373 910 dictum
397 882 444 911 sit.
489 883 559 911 Erat
583 887 679 911 autem
702 883 823 922 proprie
846 882 997 919 magister,
1034 882 1216 920 praefectus,
1248 882 1367 910 Graecis
1390 878 1545 919 ἐπιστάτης
1569 888 1601 909 ut
1624 883 1760 920 magister
1782 894 1924 922 pagorum
1948 885 1977 913 in
2000 885 2046 913 in-

101 924 331 962 scriptionibus,
368 926 537 954 societatum
569 925 648 964 apud
672 926 841 954 Ciceronem
870 935 925 963 pro
949 924 1068 953 Plancio
1093 923 1224 963 (c-13.)3
1261 925 1389 953 vicorum
1413 924 1492 963 apud
1517 925 1686 952 Suetonium
1710 926 1739 954 in
1762 926 1893 964 Augusto
1918 928 2045 963 (e.30.);

101 964 291 1004 collegiorum
316 968 395 1006 apud
419 968 574 996 Asconium
600 967 678 1007 (pag.
693 970 762 1000 159.
786 969 830 997 ed.
857 967 977 1006 Lugd.);
1000 968 1127 1007 equitum
1150 966 1229 1005 apud
1255 967 1387 1002 Lixium,
1411 967 1574 995 Varronem
1599 972 1628 995 et
1651 967 1731 998 alios.
1769 968 1842 997 Inde
1866 975 1891 998 et
1915 970 2045 1007 magistri

100 1018 209 1036 nomen
233 1008 356 1038 honoris
379 1020 465 1038 causa
489 1011 597 1039 artium
621 1011 795 1039 doctoribus
818 1009 919 1038 datum
949 1009 1043 1038 videri
1066 1014 1180 1048 potest3
1218 1014 1252 1037 ut
1276 1010 1354 1047 apud
1379 1010 1492 1038 Livium
1515 1010 1565 1038 lib.
1581 1009 1613 1038 V.
1636 1015 1707 1038 sect.
1719 1014 1768 1042 27.
1814 1011 1886 1040 Inde
1909 1012 2047 1050 publicae

100 1051 338 1088 magistrationes
362 1053 391 1080 in
416 1053 487 1080 cod.
510 1053 656 1082 Theodos.
673 1054 697 1083 l.
722 1052 840 1081 scholae
863 1052 1011 1091 publicae.
1058 1054 1081 1079 A
1106 1052 1295 1089 magisterare
1319 1057 1362 1080 est
1385 1053 1588 1090 magistratus,
1617 1063 1677 1080 non
1700 1063 1770 1081 vero
1795 1064 1809 1081 a
1833 1056 1972 1093 magister
1992 1055 2046 1083 im-

101 1093 226 1122 mediate
249 1099 281 1122 ut
305 1096 421 1133 putavit
447 1097 550 1125 Varro.
575 1096 664 1125 Dac.
714 1094 796 1124 Unde
818 1095 960 1134 magistri,
987 1095 1017 1122 L.
1051 1094 1103 1122 Cui
1127 1095 1296 1133 praecipua.
1320 1094 1411 1126 57.OE
1436 1095 1471 1122 de
1495 1095 1577 1123 verb.
1600 1095 1695 1132 signif.
1730 1096 1867 1133 Magister
1891 1098 1976 1125 etiam
2001 1097 2046 1125 di-

101 1135 181 1164 citur
203 1135 368 1175 Theophila
392 1138 447 1166 Tit.
471 1138 508 1166 de
531 1149 656 1167 success.
678 1139 842 1173 bonorum,
875 1138 924 1176 qui
948 1137 1032 1166 bonis
1059 1137 1202 1165 debitoris
1224 1137 1386 1165 vendendis
1409 1137 1588 1165 constitutus
1611 1142 1674 1166 erat
1696 1149 1711 1165 a
1734 1139 1943 1168 creditoribus.
1984 1139 2046 1169 Pa—

99 1189 213 1218 gorum.
248 1180 442 1208 Glossarium:
465 1180 610 1219 ,Magister
631 1180 723 1220 Pagi,
751 1177 955 1219 ἆμφοδάρχης.
994 1179 1077 1208 Adde
1100 1179 1234 1208 Siculum
1256 1180 1396 1208 Flaccum
1421 1180 1457 1208 de
1480 1180 1621 1208 limitibus
1645 1190 1790 1217 agrorum.
1828 1180 1975 1220 Pagarum
1998 1193 2047 1211 so-

101 1222 199 1250 cietas.
241 1221 400 1259 Pagorum,
425 1223 592 1259 curiarum,
615 1224 752 1253 societas.
789 1223 886 1251 Ursin.
910 1228 937 1250 et
959 1222 1054 1252 Plaut.
1080 1222 1234 1251 Aulularia
1257 1222 1312 1261 (ll,
1336 1225 1372 1258 2,
1396 1225 1425 1253 3.
1452 1222 1479 1258 I,
1503 1226 1538 1258 2,
1559 1222 1631 1261 29⁴).
1673 1223 1756 1252 Adde
1778 1224 1855 1251 insra
1881 1223 1964 1255 Vico.
1989 1223 2048 1253 So-

100 1264 248 1292 cietatum.
273 1264 335 1295 l.4.
350 1265 378 1293 ff.
402 1265 437 1293 de
460 1266 566 1296 Paetis.
594 1264 798 1305 Collegiorum.
824 1265 973 1303 Equitum.
996 1265 1014 1293 l.
1029 1269 1058 1297 2.
1083 1265 1213 1302 §.19.fl.
1237 1265 1273 1293 de
1297 1266 1408 1302 origine
1432 1265 1514 1293 iuris.
1538 1265 1555 1294 1.
1580 1264 1617 1293 de
1641 1265 1739 1294 officio
1764 1266 1856 1295 Praes.
1880 1266 1954 1295 urbi.
1978 1266 2048 1295 Ma-

98 1306 248 1345 gislrflius-
273 1307 291 1334 l·
313 1309 364 1338 57.
390 1307 425 1335 de
448 1308 605 1336 verborum
631 1308 727 1346 signif.
762 1307 836 1336 Vide
853 1308 1016 1335 Varronem
1042 1308 1149 1345 (1).63.
1171 1308 1216 1336 ed.
1234 1307 1303 1345 St.).
1334 1307 1478 1336 Dicimus.
1507 1307 1629 1336 Dicitur.
1656 1308 1756 1347 Μαέἰε
1778 1309 1897 1338 caeteris
1916 1316 2048 1348 possunt.

103 1348 135 1378 V.
159 1349 176 1377 l.
190 1351 239 1380 57.
265 1349 301 1377 de
324 1350 443 1378 verbor.
466 1350 688 1388 significatione.
717 1349 823 1379 Goth..
869 1350 1026 1378 Descendit
1047 1351 1184 1389 magister
1206 1351 1241 1379 ab
1266 1351 1388 1389 antiquo
1413 1350 1601 1388 Superlativo
1625 1351 1781 1389 magistus,
1813 1352 1829 1381 i.
1853 1362 1880 1389 q.
1904 1352 2048 1391 μέγιστος,

101 1402 117 1418 a
140 1391 270 1429 positivo
292 1393 403 1430 magis,
427 1394 508 1430 quod
531 1393 709 1421 adjectivum
733 1392 891 1431 respondet
914 1393 1064 1421 Sanscrito
1088 1391 1204 1429 mahat,
1228 1403 1360 1430 magnus.
1405 1393 1456 1421 Est
1479 1397 1574 1421 autem
1598 1394 1735 1432 magister
1758 1404 1794 1421 ex
1817 1394 1996 1422 formatione
2019 1393 2049 1422 in

100 1444 138 1461 er
161 1438 275 1470 ortum,
311 1445 386 1473 quae
409 1435 520 1473 syllaba
545 1436 702 1474 aliquoties
727 1446 782 1474 pro
805 1447 861 1464 -us
884 1435 965 1463 finali
992 1435 1124 1474 ponitur.
1170 1436 1230 1464 Nisi
1256 1436 1332 1464 sorte
1358 1435 1495 1475 magister
1517 1435 1696 1474 respondeat
1718 1437 1868 1465 Sanscrito
1891 1435 2012 1465 maliitri
2034 1447 2049 1465 a

101 1475 253 1514 mahita(s)
277 1477 357 1515 quod
381 1478 569 1517 participium
593 1478 739 1517 significat
762 1477 887 1515 cultum,
913 1477 1106 1514 honoratum,
1131 1477 1244 1507 honore
1269 1483 1405 1515 auctum,
1436 1483 1466 1506 ut
1490 1480 1628 1518 magister
1650 1478 1794 1516 significet
1817 1490 1899 1515 eum,
1924 1479 1973 1517 qui
1996 1478 2050 1507 ho-

101 1519 225 1547 noribus
249 1524 277 1547 et
299 1521 487 1549 veneratione
511 1522 628 1550 colitur.

266 1561 459 1591 IlIaoeimus
480 1563 668 1604 pontifex.
713 1563 858 1600 Cuperem
882 1562 961 1590 Festi
984 1563 1073 1590 verba
1098 1562 1207 1591 videre.
1247 1563 1349 1600 Neque
1373 1562 1448 1590 enini
1473 1562 1558 1590 facile
1583 1562 1672 1590 Paulo
1697 1562 1784 1591 credo
1810 1563 1952 1591 asserenti
1974 1563 2049 1592 Pon-

101 1602 209 1632 tificem
233 1604 322 1632 fuisse
344 1604 490 1634 vindicem
516 1606 721 1634 contumaciae
744 1604 983 1642 magistratuum,
1008 1610 1035 1632 et
1057 1604 1253 1642 privatorum.
1285 1605 1358 1632 Vide
1383 1605 1501 1642 Dionys.
1526 1604 1577 1632 lib.
1594 1605 1639 1633 [V.
1662 1604 1749 1633 Ant.
1773 1605 1868 1644 Aug.
1899 1606 2050 1634 Postrema

102 1646 195 1674 verba
218 1647 370 1684 negotium
401 1647 550 1676 facessunt
573 1648 671 1675 doctis
694 1647 781 1682 viris,
817 1657 892 1684 quae
916 1651 983 1674 sunt
1007 1646 1095 1683 haec,
1131 1646 1301 1685 vindexque
1325 1647 1528 1675 contumaciae
1550 1647 1736 1685 privatorum
1759 1648 2050 1685 magistratuumque.

104 1687 207 1723 Quid‘?
237 1698 294 1716 non
318 1689 425 1717 licebat
447 1690 491 1717 illi
514 1689 748 1718 animadvertere
771 1689 800 1717 in
824 1689 1040 1717 contumaciam
1065 1690 1274 1728 privatorum?
1311 1690 1418 1717 Audite
1439 1689 1636 1718 Macrobium:
1666 1688 1775 1727 Regem
1799 1700 1948 1719 sacrorum
1972 1689 2051 1719 Fla-

103 1730 250 1769 minesque
278 1741 335 1758 non
363 1729 471 1760 licebat
498 1731 594 1760 videre
612 1731 704 1773 feriis
728 1742 799 1770 opus
816 1732 898 1769 fieri,
935 1739 960 1759 et
984 1730 1048 1760 icleo
1069 1743 1120 1771 per
1140 1743 1311 1770 praeconem
1337 1730 1570 1766 denunciabant,
1610 1743 1643 1759 ne
1665 1730 1738 1770 quid
1761 1730 1819 1760 tale
1841 1739 1987 1771 ageretur.-
2026 1739 2052 1760 et

102 1773 250 1811 praecepti
272 1771 418 1812 negligens
442 1773 632 1804 multabatur.
677 1774 765 1809 Quod
796 1774 880 1802 licuit
903 1774 1100 1809 maminthus,
1137 1774 1195 1802 hoc
1219 1785 1276 1802 non
1300 1774 1432 1802 licuisset
1454 1773 1590 1801 Pontifici
1612 1774 1762 1802 Maximo?
1801 1774 1838 1802 At
1860 1775 2052 1812 magistratus

105 1815 322 1843 contumaciam
347 1826 403 1844 non
428 1817 601 1853 coercebat,
624 1817 756 1855 inquitis.
796 1816 904 1845 Audite
929 1817 991 1847 Val.
1015 1817 1190 1845 Maximum:
1222 1815 1357 1845 ,Metellus
1379 1815 1524 1856 Pontffeae
1546 1816 1634 1846 Max.
1660 1815 1865 1845 Postlzumium
1891 1815 1954 1845 Cos.
1977 1827 2053 1845 eun-

105 1855 226 1897 demque
247 1856 409 1886 Flaminem
430 1858 600 1888 Martialem
632 1858 673 1887 ad
701 1857 806 1887 bellum
834 1857 990 1898 gerendum
1015 1858 1158 1901 Africam
1184 1866 1339 1899 petentem,
1379 1870 1412 1887 ne
1435 1870 1453 1886 a
1475 1859 1568 1887 sacris
1598 1857 1769 1895 discederet,
1808 1857 1901 1887 multa
1929 1857 2052 1894 indicta,

105 1899 202 1928 urbem
227 1898 323 1939 egredi
342 1912 445 1939 passus
469 1913 526 1930 non
549 1909 598 1930 est.
643 1901 701 1930 Sed
723 1901 769 1929 his
793 1901 935 1940 exemplis
960 1902 1039 1940 pleni
1063 1907 1133 1930 sunt
1155 1903 1358 1930 Romanorum
1383 1901 1517 1936 annales,
1553 1910 1627 1938 quae
1651 1900 1802 1929 studiosus
1824 1901 1920 1929 lector
1942 1901 2053 1939 passim

106 1941 249 1971 adnotare
272 1947 380 1980 potest.
406 1942 504 1973 Scal.
537 1943 717 1984 Religiones.
751 1944 941 1982 Religionem.
968 1942 1072 1973 Goth..
1111 1942 1236 1972 Vindex·
1258 1944 1458 1973 contumaciae
1478 1943 1659 1982 privatorum
1683 1944 1967 1983 magistratuumque.
1999 1943 2053 1971 Su-

106 1989 207 2023 specta
231 1990 299 2013 sunt
322 1984 395 2013 haec
418 1987 506 2015 verba
530 1988 623 2015 Paulli
647 1986 839 2025 quibusdam,
866 1997 939 2026 quae
963 1991 1060 2015 tamen
1084 1987 1180 2015 minus
1205 1997 1292 2024 quan]
1316 1990 1451 2025 suspecta
1475 1995 1537 2013 esse
1561 1985 1677 2016 debent.
1719 1986 1793 2013 Nam
1817 1989 1845 2013 et
1868 1985 2054 2023 privatorum

107 2027 322 2056 contumaciam
346 2029 502 2057 coercebat
525 2030 660 2066 Flamen,
686 2030 709 2057 si
733 2029 813 2057 festis
837 2029 1044 2068 operabantur.
1074 2029 1139 2058 Vid.
1155 2029 1287 2058 Macrob.
1305 2029 1332 2065 l,
1359 2031 1407 2060 16.
1433 2033 1461 2057 et
1484 2028 1561 2056 infra
1583 2028 1615 2056 in
1637 2025 1912 2056 Praeclamitatores
1935 2032 1963 2056 et
1985 2027 2056 2056 Ma-

104 2070 289 2109 gistratuum.
325 2070 373 2098 Sic
396 2072 476 2110 apud
490 2072 642 2101 Valerium
669 2071 829 2100 Maximum
854 2072 988 2100 Metellus
1011 2072 1144 2100 Pontifex
1167 2071 1372 2100 Posthumium
1388 2072 1474 2107 Cos.,
1499 2070 1683 2108 eundemque
1706 2069 1866 2098 flaminem
1890 2069 2055 2099 Martialem

107 2112 145 2141 ad
168 2113 276 2141 bellum
301 2114 462 2150 gerendum
479 2115 609 2143 Africam
630 2119 793 2153 petentem,
817 2124 852 2142 ne
869 2126 883 2142 a
901 2115 994 2142 saeris
1014 2115 1194 2151 discederet,
1217 2115 1308 2142 multa
1328 2114 1454 2150 indicta,
1477 2113 1581 2141 urbem
1599 2111 1696 2151 egredi
1713 2122 1772 2140 non
1790 2112 1912 2150 patitur.
1940 2111 2054 2142 Idem.

272 2155 405 2195 IlIagis.
450 2157 662 2186 Duriusculum
688 2162 814 2195 etymon.
863 2157 1057 2186 Verisimilior
1081 2156 1199 2185 videtur
1222 2156 1276 2186 Iul.
1296 2156 1436 2194 Scaligeri
1461 2155 1603 2184 sententia
1628 2154 1679 2193 qui
1703 2154 1739 2183 ab
1764 2154 1897 2183 obsoleto
1920 2155 2057 2195 magnim-

106 2196 181 2225 eliso
205 2209 223 2225 n
246 2199 375 2236 magun,
397 2200 493 2239 magis
516 2200 646 2229 deducit.
665 2198 754 2229 Dac.
786 2199 885 2239 Magis
907 2199 972 2238 ipse
996 2204 1037 2227 est
1061 2199 1199 2238 antiquus
1223 2199 1361 2228 adiectivi
1384 2198 1530 2238 positivus
1551 2197 1675 2236 gradus,
1698 2198 1817 2226 Sanscr.
1837 2196 1954 2235 mahat,
1978 2197 2056 2226 uude

107 2240 238 2279 magior,
263 2241 357 2269 maior
377 2246 431 2269 cet.

272 2283 483 2313 Maximam
513 2283 687 2314 hostiam.
732 2284 874 2313 victimae
903 2283 938 2312 de
964 2283 1126 2312 maioribus
1148 2283 1325 2312 animalibus
1348 2283 1540 2319 dicebantur,
1577 2281 1637 2310 hoc
1660 2286 1705 2310 est
1727 2281 1883 2317 armentis,
1921 2280 2007 2310 etiam
2030 2278 2055 2306 si

106 2323 250 2353 lactentes
272 2331 385 2362 essen13
421 2326 534 2356 hostiae
558 2327 593 2357 de
617 2327 797 2363 minoribus,
829 2327 915 2355 etiam
940 2327 964 2354 si
987 2326 1102 2365 opimae
1125 2327 1173 2357 καὶ
1195 2327 1301 2358 τέλειαι
1324 2327 1402 2355 inter
1425 2325 1558 2354 victimas
1581 2329 1686 2354 taurus
1708 2324 1888 2363 praestabat.
1925 2320 2053 2358 virgil.

108 2367 247 2405 Georgic.
273 2368 389 2405 (146.):
421 2367 458 2397 Et
480 2370 617 2399 maxima
641 2377 742 2398 taurus
765 2369 895 2398 victima.
941 2369 1021 2398 Inter
1046 2368 1155 2397 hostias
1180 2369 1258 2406 ovis,
1291 2374 1324 2398 ut
1347 2368 1396 2397 hic
1419 2367 1518 2404 vides,
1541 2372 1570 2397 et
1591 2369 1668 2397 ratio
1689 2367 1839 2406 postulat;
1869 2365 1898 2392 in
1919 2362 2053 2400 gregibffl

108 2409 202 2446 euim,
234 2410 298 2448 quis
319 2421 384 2440 sues
409 2416 436 2440 et
459 2422 564 2452 capras
586 2413 734 2451 praeferat
757 2411 887 2441 ovibus?
924 2421 993 2450 ergo
1017 2412 1144 2441 maxima
1169 2412 1303 2449 victima,
1335 2416 1455 2449 taurus,
1489 2410 1617 2440 maxima
1640 2409 1757 2446 hostia,
1792 2408 1865 2438 ovis·
1908 2405 1987 2434 Haec
2009 2408 2054 2434 0⁵1

153 2462 319 2490 GRAMMAT.
341 2472 409 2491 Lar.
432 2461 466 2490 11.
1545 2462 1578 2504 Q
1594 2474 1616 2506 q
1630 2473 1652 2505 q
