2263 2668
536 109 600 142 DE
626 106 1015 143 SIGNIFICATIONE
1041 104 1325 140 VERBORUM.
1382 106 1527 140 LIBER
1553 107 1610 140 IX.
1964 105 2037 139 461

262 202 437 242 Impoges.
481 202 563 230 Clavi
584 201 688 240 lignei,
722 201 773 240 qui
795 200 903 230 tabulis
925 198 1105 237 infiguntur,
1133 203 1165 227 ut
1188 198 1285 237 aptius
1308 198 1496 228 cohaereant.
1540 198 1585 227 Ab
1609 198 1732 237 antiquo
1753 208 1832 237 pago
1854 207 1909 236 pro
1929 208 2038 236 pango,

100 247 130 276 id
153 251 197 275 est
218 245 283 283 figo.
330 246 413 274 Unde
435 254 538 273 versus
561 254 689 283 pangere
712 254 766 282 per
787 243 989 282 metaphoram
1013 242 1115 270 dixere
1137 246 1267 278 veteres,
1299 251 1401 270 versus
1422 241 1527 280 figere,
1561 251 1666 271 versus
1688 250 1819 270 exarare.
1864 239 1936 268 Vide
1956 251 2039 279 pan—

96 301 171 329 gere.
216 289 273 317 Pro
287 289 383 328 figere
403 286 603 326 leg.figendo.
624 286 715 317 Dac.
752 286 893 326 Infligere.
925 284 1057 322 Infigere.
1104 282 1208 313 Goth.

262 331 304 359 In
329 341 400 359 non
421 340 567 368 semper.
599 328 782 366 Legendum:
806 326 865 356 Sed
886 325 1028 356 interdum
1051 326 1138 354 etiam
1158 337 1213 365 pro
1235 333 1387 365 augmento
1407 326 1534 366 ponitur.
1563 325 1639 354 Vide
1659 325 1689 353 in
1706 324 1820 364 Ingens.
1842 322 1943 352 Fulv.
1962 322 2038 352 Urs.

100 373 134 402 ld
156 373 299 408 suadent..
323 382 397 410 quae
420 376 595 409 sequuntur.
640 371 763 399 Desendi
786 376 883 399 tamen
905 370 998 408 possit
1020 369 1139 406 vulgata
1162 369 1265 405 lectio,
1297 369 1403 398 adnuit
1425 368 1518 404 enim,
1543 369 1593 406 qui
1617 372 1712 405 auget.
1755 367 1811 396 Hic
1833 371 1930 394 autem
1952 366 2040 394 facile

100 416 246 454 geminam
262 425 380 443 manum
399 424 548 452 agnoscas·
580 413 652 441 Nam
677 414 757 451 quod
781 413 856 441 infra
880 417 937 440 est:
962 412 996 440 In
1016 411 1193 450 praepositio
1217 411 1363 450 significat
1385 409 1472 440 modo
1495 409 1575 450 quod
1596 421 1652 438 non
1674 410 1750 438 idem
1774 415 1817 438 est
1839 419 1872 437 ac
1893 407 2040 437 abnuitio-

100 469 163 487 nem
179 459 344 498 signficat,
368 456 448 495 quod
471 456 554 485 initio
576 456 693 493 legitur.
727 457 764 485 Et
779 455 811 485 τὸ
827 453 914 483 modo
937 454 1099 482 auctionem
1122 453 1200 482 idem
1225 453 1319 491 quod:
1342 454 1427 481 etiam
1449 464 1502 492 pro
1524 451 1679 481 adnuendo
1699 452 1826 491 ponitur.
1859 451 1958 487 Quare
1973 460 2039 480 cer-

99 505 163 528 tum
180 505 240 536 est,
263 500 346 528 Pauli
368 499 458 528 verba
480 498 625 527 coaluisse
648 508 715 526 cum
738 498 838 526 verbis
851 497 937 525 Festi.
967 497 1015 524 Sic
1031 496 1123 533 igitur
1138 495 1217 524 hunc
1232 497 1331 524 locum
1347 495 1491 533 intellige:
1514 496 1550 524 In
1564 495 1653 524 modo
1668 494 1864 533 privationem
1881 492 2038 530 significat,

100 548 134 571 ut
156 543 308 577 inimicus,
340 543 483 578 intactus,·
519 541 607 568 modo
630 540 816 573 auctionem,
848 544 882 567 ut
904 538 1065 580 infractus,
1096 538 1183 566 valde
1206 539 1334 573 fractus,
1364 537 1552 574 inclamavit,
1580 537 1667 566 valde
1691 537 1846 571 clamavit3
1878 535 2039 572 aliquando

100 590 230 621 motum,
254 590 286 612 ut
310 585 449 620 incurrit,
481 583 640 621 aliquando
664 583 810 621 quietem,
840 586 872 610 ut
894 579 1067 610 inambulat.
1092 580 1176 609 Dac.
1216 579 1429 609 Abunitionem
1474 580 1693 609 Abnuitionem.
1733 579 1939 607 Abnuitionem
1964 577 2040 605 dixit

100 627 210 655 Paulus
231 627 263 654 in
286 627 304 654 l.
327 627 405 654 inter
427 625 615 664 stipulantem
639 628 689 657 83.
703 625 735 654 ff.
761 626 795 653 de
819 623 1051 662 usurpationib.‚
1076 627 1120 658 et,
1148 628 1180 651 ut
1203 623 1322 661 quidam
1346 627 1466 661 putant,
1490 623 1669 660 infrequens.
1700 622 1807 650 Probo.
1837 621 1986 657 Frequens
2008 619 2040 647 in

100 669 119 697 l.
135 672 163 700 1.
188 670 253 706 §.2
268 668 297 699 ff.
321 668 521 705 demigrando.
564 667 622 696 Sed
645 668 767 696 Ursinus
798 667 867 704 legit
893 677 948 705 pro
977 672 1145 704 augmento,
1178 666 1258 703 quod
1283 676 1342 693 non
1365 665 1469 703 probo.
1515 665 1584 693 Mox
1608 665 1683 693 enim
1703 664 1806 692 Festus
1828 663 1913 692 aliam
1935 664 1988 691 τοῦ
2009 662 2040 689 ἰη

100 710 142 740 ad
164 710 405 748 significationem
427 711 531 749 ponit,
555 710 612 747 ibi,
639 711 727 738 modo
750 710 929 738 auctionem.
959 707 1127 736 Brissonius
1150 707 1220 745 legit
1242 706 1452 736 additamento.
1481 705 1581 736 Goth.
1617 705 1820 736 Inclamando.
1849 705 1921 733 Vide
1936 703 2040 743 Ingens

101 759 130 782 et
152 754 303 782 Insanum.
326 751 438 781 Idem.
469 751 567 782 Modo
590 754 762 782 auctionem.
794 751 867 780 Vide
890 761 979 790 supra
1004 748 1129 779 Clutum.
1155 749 1262 778 Idem.
1296 749 1361 787 Qui,
1392 749 1474 784 Quis.
1499 748 1606 777 Idem.
1638 749 1784 777 Particula
1808 749 1853 785 in,
1877 747 1927 775 ubi
1951 755 2040 783 nega-

101 796 164 824 tiva
188 801 248 832 est,
276 795 439 834 respondet
460 796 626 823 Sanscritae
650 806 723 831 una,
753 806 808 829 un,
839 795 969 822 Graecae
993 790 1077 829 ἄνη
1107 792 1301 821 Germanicae
1324 792 1377 820 ὀη-
1401 797 1430 820 et
1451 793 1522 828 iln-;
1552 792 1683 820 similiter
1707 792 1737 819 in
1762 801 1835 819 voce
1859 790 1958 828 ingens
1981 798 2039 816 non

102 843 204 876 auget,
228 838 280 867 sed
303 843 397 875 negat.
430 839 480 866 Est
502 838 579 865 enim
602 838 679 866 idem
704 837 784 875 quod
806 836 996 872 inhumanus,
1019 836 1163 864 immanis.
1201 837 1294 873 Auget
1316 835 1371 863 ista
1395 834 1543 872 particula
1567 844 1720 871 nusquam.
1754 834 1826 862 Nam
1848 830 1975 861 inclutus
1997 834 2040 858 est

101 881 132 910 in
154 879 319 910 hominibus
342 881 475 916 auditus·,
505 879 661 909 incolumis
683 885 727 908 est
749 880 778 907 in
804 889 833 907 se
856 877 993 914 columis,
1016 877 1044 908 h.
1064 888 1088 906 e.
1111 878 1226 917 integer.
1272 878 1304 906 In
1327 878 1449 905 incanus
1472 881 1515 904 est
1535 875 1585 904 hic
1607 877 1668 904 illic
1691 886 1789 905 canus.
1823 875 1885 904 Cet.

265 922 502 963 Impar-citor.
547 923 604 958 Qui
626 932 733 961 porcas
758 922 838 950 facit.
877 921 925 949 Sic
948 921 1034 949 etiam
1058 920 1156 949 dictus
1181 922 1272 957 Deus,
1303 919 1353 958 qui
1377 926 1513 958 praeerat
1535 919 1674 947 lirationi.
1716 920 1755 947 De
1777 918 1875 958 porcis
1896 915 1964 944 vide
1986 925 2039 944 suo

101 965 179 994 loco.
223 964 312 994 Dac.

265 1007 530 1047 Impetritum..
555 1007 753 1035 Glossarium:
777 1006 968 1045 Impetrotus,
991 1005 1093 1035 θυσία,
1127 1005 1190 1033 Non
1215 1005 1300 1043 plane
1323 1003 1497 1042 explicavit,
1521 1003 1572 1032 sed
1595 1004 1619 1031 si
1642 1003 1765 1031 dixisset
1786 1003 1976 1039 καλλιέρησις.
2005 999 2040 1027 111

102 1048 255 1078 sacrificiis
278 1050 358 1087 quod
381 1050 468 1078 litare
491 1055 549 1085 est,
573 1050 602 1077 id
625 1050 655 1078 in
678 1049 817 1089 auspiciis
840 1048 1001 1086 impetrire.
1030 1047 1109 1076 Nihil
1132 1047 1211 1076 aliud
1234 1052 1277 1075 est
1300 1057 1389 1084 quam
1410 1047 1576 1085 impetrare.
1616 1047 1663 1074 Sic
1686 1045 1823 1074 dicebant
1844 1044 1962 1071 arritum
1984 1051 2039 1080 pro

102 1097 214 1128 artato,
239 1090 362 1121 dolitum
386 1103 441 1131 pro
464 1092 574 1121 dolato.
596 1091 696 1121 Scal.
740 1092 890 1131 Impetrire
911 1095 969 1128 est,
992 1101 1059 1119 cum
1083 1100 1151 1119 aves
1174 1094 1271 1119 ratum
1295 1094 1324 1118 et
1346 1089 1475 1118 faustum
1499 1089 1664 1128 auspicium
1686 1089 1806 1117 faciunt.
1842 1086 1935 1114 Plaut.
1961 1084 2039 1113 Asin.

101 1135 150 1165 lV.
172 1132 229 1175 (11,
253 1137 286 1171 1,
311 1133 389 1175 11.):

592 1178 788 1218 Impetritum,
817 1178 1022 1217 inauguraium
1045 1184 1100 1214 est,
1128 1177 1230 1217 quovis
1251 1175 1411 1205 admittunt
1432 1186 1508 1204 aves.

102 1220 206 1249 Cicero
228 1220 278 1250 lib.
291 1220 327 1248 ΙΙ.
351 1219 388 1248 de
413 1220 538 1248 Divinat.
562 1219 603 1258 (Ι,
630 1220 707 1258 16.):
743 1220 780 1249 Ut
803 1231 880 1249 nunc
901 1221 993 1255 emtis,
1017 1230 1194 1260 quamquam
1218 1218 1250 1248 id
1270 1220 1364 1258 ipsum
1388 1217 1542 1258 aliquanto
1564 1217 1673 1253 minus,
1696 1226 1782 1256 quam
1807 1213 1890 1248 olim,
1914 1213 1957 1241 sic
1979 1218 2039 1240 tum

101 1261 205 1292 avibus
226 1272 350 1301 magnae
372 1273 416 1290 res
436 1263 578 1301 impetriri
598 1261 740 1291 solebant.
764 1262 849 1291 Dac.
893 1262 941 1290 Sic
964 1272 1052 1300 supra
1075 1262 1214 1299 Armita,
1241 1272 1298 1290 non
1323 1261 1442 1300 quidem
1465 1267 1598 1297 armata,
1622 1259 1674 1288 sed
1697 1269 1809 1287 armum
1833 1255 1954 1285 obtecta.

265 1304 480 1343 Impercito.
526 1304 570 1332 Ab
592 1305 623 1333 in
646 1309 675 1333 et
694 1315 804 1343 parco,
835 1308 870 1333 ut
892 1304 927 1332 ab
951 1304 982 1333 in
1005 1310 1034 1333 et
1053 1306 1169 1344 partior
1189 1304 1332 1344 impertio.
1375 1303 1462 1333 Dac.

264 1345 464 1384 Improlus.
511 1347 657 1375 Glossar.:
691 1345 843 1386 Improles.
884 1346 995 1375 Marius
1019 1347 1191 1376 Victorinus
1214 1347 1250 1375 de
1273 1345 1486 1385 orthographia
1511 1345 1588 1384 (pag.
1603 1344 1695 1376 2465.
1719 1341 1866 1379 Putsch.):
1901 1336 2042 1379 Improles

99 1396 157 1425 est,
179 1388 230 1428 qui
252 1386 380 1417 nondum
403 1389 448 1417 vir
469 1396 518 1417 est.
542 1388 642 1419 Fulv.
669 1388 746 1417 Urs:
792 1389 888 1417 Locus
913 1389 1076 1424 obscurus,
1101 1395 1146 1425 et,
1177 1394 1210 1418 ut
1232 1389 1378 1426 arbitror,
1408 1388 1577 1418 mendosus
1599 1387 1686 1417 Ant.
1706 1385 1798 1425 Aug.
1844 1382 2042 1412 Glossarium:

99 1429 258 1470 Improles,
289 1427 414 1468 ἀφῆλιξ,
445 1429 534 1471 μήπω
557 1428 795 1470 πολιτευόμενος.
839 1432 1028 1461 Contrarium
1052 1437 1096 1461 est
1116 1432 1272 1461 Duicenso.
1316 1432 1388 1460 Nam
1412 1430 1581 1467 duicensus,
1613 1430 1664 1467 qui
1687 1439 1754 1457 cum
1777 1428 1860 1466 prole
1881 1426 1910 1454 in
1935 1424 2043 1452 civita—

99 1478 160 1502 tem
181 1473 415 1504 adscribebatur.
460 1475 503 1502 Ab
525 1475 630 1503 iisdem
653 1474 757 1512 glossis
779 1473 921 1513 Improles
943 1476 1103 1513 exponitur
1125 1473 1251 1514 ἄγονος,
1286 1471 1425 1510 ἄτεκνος,
1462 1472 1582 1513 ἄνηβος.
1613 1469 1712 1501 Scal.
1756 1470 1855 1508 Neque
1878 1467 1951 1496 illud
1975 1471 2042 1494 tan-

98 1521 163 1545 tum
187 1516 224 1544 de
247 1516 335 1544 sociis
360 1516 468 1544 Latinis
498 1516 739 1554 intelligendum,
774 1521 808 1544 ut
836 1516 932 1544 voluit
961 1517 1150 1545 doctissimus
1172 1516 1330 1545 Turnebus
1357 1517 1387 1544 in
1412 1516 1567 1544 Adversar.
1591 1514 1643 1544 lib.
1657 1513 1719 1543 V11.
1743 1523 1809 1552 cap.
1822 1515 1890 1546 21..
1923 1509 1977 1537 etsi
2000 1507 2042 1537 eis

99 1559 151 1587 lex
173 1558 305 1594 dederit,
329 1563 378 1593 ut,
403 1559 454 1596 qui
478 1559 591 1596 prolem
614 1558 696 1586 domi
718 1557 937 1595 relinquerent,
963 1559 996 1586 in
1019 1559 1129 1586 civium
1154 1559 1350 1587 Romanorum
1373 1568 1528 1586 numerum
1551 1558 1741 1586 referrentur.
1786 1555 1877 1583 Dae.

265 1599 538 1639 Impelimenta.
586 1601 622 1628 Ut
644 1599 771 1629 delicare
792 1609 847 1638 pro
871 1598 1022 1637 dedicare,
1053 1600 1148 1630 lautia
1172 1610 1227 1638 pro
1252 1599 1360 1629 dantia.
1391 1600 1478 1629 Duc.
1526 1599 1575 1628 Sic
1596 1598 1721 1628 lacrima
1743 1603 1771 1626 et
1794 1596 1936 1625 dact-ima.

265 1640 498 1681 Impluvium,
546 1643 586 1670 De
607 1641 755 1680 impluvio
779 1647 809 1670 et
831 1643 1002 1681 compluvio
1025 1643 1068 1671 sic
1092 1643 1187 1671 Varro
1210 1642 1322 1672 lib.IV.
1345 1642 1381 1670 de
1404 1643 1434 1672 L.
1454 1643 1484 1670 L.
1508 1640 1561 1681 (V,
1585 1651 1650 1680 pag.
1666 1638 1763 1681 160.):
1797 1637 1903 1668 Canum
1927 1634 2042 1665 aedium

102 1681 230 1719 dictum,
253 1684 304 1723 qui
325 1682 407 1712 locus
429 1682 523 1720 (locus
545 1686 647 1721 tectus)
671 1685 748 1712 intra
769 1685 894 1722 parietes
917 1684 1133 1726 relinquebatur
1152 1683 1287 1724 patulus,
1310 1685 1361 1725 qui
1383 1691 1452 1713 esset
1474 1682 1515 1712 αᾶ
1536 1694 1715 1713 communem
1739 1682 1866 1711 omnium
1889 1690 1989 1718 usum5
2011 1678 2042 1706 in

102 1725 159 1754 lzoc
181 1724 264 1754 locus
286 1725 312 1753 si
335 1724 432 1755 nullus
455 1726 572 1756 relictus
593 1734 654 1755 erat
676 1725 728 1754 sub
751 1725 819 1755 divo
842 1728 893 1767 qui
914 1735 1000 1762 esset,
1033 1727 1185 1756 dicebatur
1206 1725 1318 1756 testudo
1341 1738 1360 1754 a
1383 1725 1537 1755 testudinis
1557 1723 1762 1760 similitudine,
1791 1730 1822 1752 ut
1844 1729 1884 1751 est
1906 1722 1936 1750 in
1956 1731 2042 1760 prae-

99 1768 176 1797 torio
198 1768 229 1796 in
253 1766 302 1806 (et)
325 1769 437 1798 castris.
482 1768 517 1798 Si
539 1768 671 1798 relictum
693 1776 755 1796 erat
777 1769 807 1797 in
830 1768 943 1805 medio,
973 1777 1004 1798 ut
1026 1768 1118 1799 lucem
1142 1777 1273 1807 caperet,
1306 1768 1439 1798 deorsum
1462 1779 1519 1809 quo
1542 1767 1715 1808 impluebat,
1738 1764 1908 1804 impluvium
1932 1762 2042 1793 dictum

100 1818 126 1838 et
147 1821 260 1838 sursum
283 1821 341 1849 qua
362 1809 538 1850 impluebat,
563 1810 774 1851 compluvium,
796 1819 948 1852 utrumque
969 1823 988 1840 a
1008 1811 1120 1851 pluvia.
1165 1812 1229 1840 Hoc
1251 1822 1338 1840 sensu
1361 1812 1456 1841 Plaut.
1479 1810 1584 1850 Amph.
1604 1810 1643 1847 V,
1668 1813 1696 1842 1.
1720 1807 1814 1849 (56.)=

555 1860 701 1891 Devolant
724 1873 833 1901 angues
853 1862 949 1891 iubati
970 1862 1102 1892 deor-sum
1124 1863 1155 1892 in
1177 1861 1346 1902 impluvium
1371 1861 1438 1892 duo.

100 1910 160 1940 Sed
182 1921 242 1939 non
265 1915 312 1940 sat
333 1911 440 1949 video,
463 1912 514 1951 qui
536 1913 684 1951 geminum
706 1913 836 1942 Terentii
860 1913 959 1942 locum
982 1924 1049 1943 cum
1074 1914 1205 1942 Varrone
1228 1914 1385 1951 concilies,
1409 1914 1534 1943 alterum
1557 1911 1692 1941 Eunuch.
1708 1910 1766 1949 111,
1789 1910 1819 1942 5.
1843 1906 1933 1948 (41.):

595 1980 637 1985 ——
680 1980 721 1985 --
763 1964 865 2004 Atque
884 1976 936 2004 per
957 1964 1070 1994 alienas
1093 1963 1204 2004 tegulas

555 2005 674 2035 Venisse
696 2004 863 2036 clanculum
883 2019 936 2047 per
957 2006 1127 2047 impluvium
1146 2006 1258 2048 fucum
1278 2006 1402 2048 factum
1424 2005 1547 2037 mulieri.

100 2047 235 2077 Alterum
257 2046 375 2076 Phorm.
390 2046 447 2084 IV,
470 2048 500 2079 4.
524 2047 617 2088 (26.):

554 2099 673 2139 Anguis
691 2111 744 2139 per
766 2099 937 2140 impluvium
959 2098 1068 2129 decidit
1091 2099 1127 2128 de
1149 2099 1261 2140 tegulis.

100 2148 260 2184 Quomodo
288 2149 365 2177 enim
392 2160 444 2187 per
471 2148 658 2189 impluvium,
695 2151 718 2178 si
746 2151 922 2189 impluvium
952 2152 1035 2179 locus
1062 2151 1117 2186 sit,
1155 2151 1206 2190 qui
1229 2152 1367 2180 deorsum
1391 2151 1521 2190 pluviam
1545 2148 1675 2187 accipit?
1713 2149 1788 2176 Sane
1811 2152 1840 2176 et
1862 2146 1988 2175 Varroni
2012 2151 2040 2175 et

98 2191 253 2226 Terentio,
280 2191 344 2219 aliis
368 2192 453 2220 etiam
477 2193 567 2220 facies
590 2193 678 2228 satis,
707 2194 730 2221 si
754 2194 931 2231 impluvium
954 2194 1082 2232 accipias
1105 2198 1199 2222 totum
1222 2194 1296 2223 illud
1319 2195 1464 2232 spatium,
1495 2192 1575 2231 quod
1598 2196 1674 2220 tecto
1696 2200 1824 2219 vacuum
1845 2189 2039 2228 relinqueba-

99 2238 150 2262 tur
172 2245 187 2262 a
211 2233 275 2262 solo
298 2243 391 2272 usque
414 2234 451 2263 nd
474 2235 597 2272 tegulas.
622 2234 708 2263 Dae.
745 2234 930 2274 Impluvium.
968 2236 1039 2264 Inde
1062 2234 1250 2274 implut-intus
1272 2235 1354 2266 color
1376 2237 1470 2264 Nonio
1493 2235 1570 2274 (pag.
1583 2233 1678 2271 548).
1711 2231 1815 2262 Goth.
1857 2231 1930 2270 Quo·
1963 2232 2036 2265 Qua·

97 2276 143 2304 lta
165 2275 246 2316 apud
270 2276 431 2305 Varronem
447 2277 495 2307 [v.
518 2276 554 2305 de
578 2277 610 2306 L.
632 2277 659 2305 L.
684 2278 715 2314 (Ι.
734 2280 781 2314 c.).
806 2276 913 2306 Idem.
960 2279 1000 2307 De
1023 2277 1162 2317 impluvio
1186 2280 1224 2308 cs.
1248 2279 1392 2316 stieglitz.
1417 2277 1569 2307 Archaeol.
1594 2276 1622 2305 d.
1645 2276 1738 2306 Bauk.
1763 2279 1831 2306 tom.
1846 2275 1901 2310 ΙΙΙ,
1924 2284 1951 2312 p.
1967 2274 2035 2303 172.

263 2319 472 2358 Impeneam
495 2320 636 2358 stipem.
675 2320 808 2359 impensa
831 2325 873 2349 est
896 2320 1003 2360 stipeS,
1026 2320 1083 2350 hoc
1106 2326 1148 2349 est
1171 2322 1294 2360 pecunia
1318 2321 1348 2350 in
1370 2321 1442 2350 cella
1459 2320 1508 2349 Dei
1530 2319 1676 2359 reposita,
1701 2327 1775 2357 quae
1795 2317 1925 2346 nondum
1946 2322 2037 2353 pensa

100 2365 160 2397 est,
184 2361 235 2390 sed
260 2362 384 2400 stipata,
408 2362 443 2389 ab
466 2363 495 2390 in
518 2362 666 2400 privativa
689 2362 836 2401 particula
860 2368 889 2393 et
908 2363 1013 2402 pendo.
1052 2364 1125 2393 Vide
1147 2364 1177 2392 in
1200 2364 1305 2404 Stipes.
1339 2364 1411 2393 lude
1432 2363 1561 2400 factum,
1584 2367 1618 2391 ut
1641 2362 1763 2402 quaevis
1785 2359 1901 2399 stipatio
1924 2362 1952 2386 et
1973 2357 2036 2385 far-
