2263 2668
733 129 966 166 EXEMPLA
1000 127 1368 167 ELOCUTIONUM.

1955 144 2031 180 219

173 236 194 259 o
217 224 304 258 hone
329 223 420 260 Rex.
456 223 501 257 Et
530 222 600 259 Sal.
637 221 762 259 Cat.¹⁹:
800 224 903 272 Quae
934 233 1044 269 reges
1076 227 1182 269 atque
1212 226 1339 271 populi
1370 227 1465 262 male
1495 230 1747 265 consuluerunt.
1801 233 1949 272 consulo
1975 240 2024 274 illi

159 273 262 310 ‘rei²⁰.
293 276 364 311 Cic.
392 275 424 308 in
450 275 621 308 Pisonem:
648 276 752 321 Reip.
779 275 998 311 consulendo.
1027 274 1095 308 Sal.
1125 275 1242 309 camir:
1269 277 1372 322 Reip.
1398 281 1651 319 consultabant,

1704 284 1855 319 Consulit
1883 289 1925 321 de
1958 291 2024 326 hac

172 339 218 361 re.
247 327 316 361 Sal.
345 323 466 362 Cat.²¹:
495 325 566 372 Qui
593 327 640 360 de
665 328 770 361 rebus
796 328 911 361 dubiis
937 326 1141 360 consultant.
1196 327 1346 362 Consulit
1371 330 1405 363 in
1426 331 1532 367 illum.
1561 333 1696 369 Terent.
1716 335 1888 372 fleant-²²:
1915 339 2021 389 [501]

177 378 272 425 Quia
293 379 447 424 pessime
472 378 561 410 istac
588 378 623 411 in
651 382 684 412 te
710 383 816 424 atque
837 380 935 413 illum
962 378 1122 413 consulis.

70 446 267 486 Circumdat
294 447 362 481 hoc
388 447 438 480 illi
463 445 520 480 rei.
555 446 649 491 Virg.
676 447 760 482 Aen.
788 443 911 480 x11.²³:
952 446 1161 480 Circamdat
1195 446 1344 481 loricam
1378 448 1541 487 humeris.
1593 452 1789 489 circumdat
1822 455 1890 492 hac
1915 471 1953 493 re
1978 462 2023 494 il-

171 498 240 531 lam
266 510 347 531 rem.
380 498 448 531 Sal.
482 497 568 530 Hist.
596 495 676 534 1.²⁴:
713 499 982 544 Occupatusque
1015 497 1114 531 collis
1148 498 1375 541 editissimas,
1413 512 1490 534 eum
1520 504 1632 538 malta
1667 516 1778 551 opera
1811 509 2019 547 circumdat.

172 549 366 583 circumdat
401 549 488 583 haec
521 560 573 582 res
606 550 699 583 illam
732 563 815 586 rem.
849 550 944 595 Virg.
975 549 1060 584 Aen.
1088 545 1167 584 1.²⁵:
1206 550 1410 596 Argentum
1442 553 1616 589 Pariusve
1649 557 1743 603 lapis
1777 559 2021 598 circumdatur

170 612 270 636 (Iuro.

688 648 713 668 2⁶
721 663 729 671 .

66 651 252 696 Corruptus
280 651 322 683 ab
343 651 400 683 illa
425 661 471 683 re.
506 649 576 685 Sal.
605 650 679 696 Iug.
721 677 729 685 .

763 651 821 685 Ab
846 651 996 698 ignavia
1022 655 1128 696 atque
1156 652 1322 686 socordia
1348 659 1542 700 corruptus.

1597 657 1824 704 Corrumpens
1850 662 1909 696 illo
1935 677 2016 710 pre-

166 699 255 737 t1027,
282 702 352 737 Cic.
369 713 433 747 pro
457 701 628 735 Cluentio:
657 702 840 737 Sexcentis
864 703 1015 737 millibus
1041 715 1182 736 numam
1210 715 1247 737 se
1273 705 1440 739 iudicium
1464 714 1708 754 corruptarum
1736 723 1809 745 esse
1834 713 1989 753 dixerat.

64 753 162 789 Celat
186 754 280 787 illum
306 765 407 797 quem
435 753 591 787 occultat.
619 754 714 799 Virg.
741 756 825 789 Aen.
854 752 945 788 X.²⁸:
971 754 1078 789 Silvis
1103 756 1245 801 genitor
1271 757 1408 791 celarat
1434 758 1588 796 Alesum.

1641 762 1775 797 Celatus
1801 765 1858 808 qui
1887 767 2014 802 fallitur

168 810 201 839 et
225 805 368 851 ignorat.
397 805 535 841 Terent.
564 803 738 850 Hecyr.²⁹:
770 806 890 841 Nosne
924 807 990 840 hoc
1024 807 1156 841 celatos
1189 808 1356 843 tamdia?
1409 808 1505 844 Celat
1535 816 1568 845 te
1600 812 1643 847 de
1674 813 1752 849 hoc.
1787 815 1857 852 Cic.
1884 818 1929 852 de
1955 820 2012 854 Si..

165 856 240 903 guis
250 855 291 891 ³⁰:
317 856 420 890 Dixit
446 857 583 902 cupisse
611 861 646 890 te
672 857 793 892 celare
819 859 865 892 de
885 858 1060 904 phaleris,

64 908 245 943 Consuevit
270 908 329 941 illa
355 920 401 943 re.
437 908 573 941 Terent.
599 908 750 953 Adelph.
762 906 810 943 ³¹:
848 909 919 956 Qui
940 911 1004 944 illa
1032 911 1206 944 consuevit
1226 912 1339 956 prior.
1373 911 1436 945 Illa
1463 924 1538 947 cum
1566 916 1714 952 muliere,
1742 917 1877 953 Terent,
1905 921 2010 956 Hem:

168 959 317 1006 Quicum
343 963 391 992 tot
419 960 646 993 consuevisset
673 972 791 994 annos.

162 1015 263 1045 sueta
289 1010 465 1045 haberem.

165 1063 306 1096 Lemno.

845 962 1045 995 Consuetam
1077 962 1190 995 habeo
1216 963 1308 996 illam
1336 975 1416 996 rem.
1444 964 1512 997 Sal.
1532 965 1605 1010 lug.
1617 964 1656 999 ³²:
1683 967 1731 1001 Et
1742 971 1906 1013 pericula
1928 984 2011 1007 con-

519 1011 699 1044 consuevit
730 1013 763 1045 in
797 1013 866 1046 illa.
900 1013 1036 1049 Terent.
1063 1011 1251 1047 Ph01·m.³³:
1289 1014 1376 1048 Cum
1410 1015 1482 1049 eins
1512 1019 1685 1052 consuevit
1713 1021 1794 1054 olim
1827 1027 1941 1057 matre
1974 1025 2010 1058 in

61 1113 208 1148 Cernere
233 1120 303 1147 erat
329 1113 414 1156 hoc,
441 1112 475 1145 id
504 1117 568 1153 est,
595 1111 664 1147 hoc
691 1113 877 1150 videbatur.
906 1115 1001 1160 Virg.
1024 1115 1165 1149 Aeneid.
1193 1116 1285 1151 VIII.
1296 1112 1337 1149 ³⁴:
1363 1116 1472 1151 Actia
1498 1117 1593 1153 bella
1626 1120 1777 1156 Cernere
1803 1128 1889 1157 erat.
1924 1125 2008 1159 Cer-

160 1166 246 1199 nitur
275 1166 356 1198 nulli
382 1176 446 1208 pro
476 1176 494 1196 a
521 1164 625 1196 nullo.
652 1165 748 1198 Idem
775 1163 1016 1203 Aeneid.1.³³:
1043 1167 1166 1212 Neque
1187 1168 1341 1200 cernitar
1367 1169 1440 1202 ulli.

59 1215 226 1250 Condono
259 1217 318 1249 tibi
345 1216 424 1250 hoc.
460 1215 528 1248 Sal.
562 1212 690 1260 lug.³⁶:
734 1217 780 1250 Ut
814 1217 1018 1263 Iugurthae
1048 1219 1161 1252 scolas
1191 1219 1458 1254 condonaretur.

1513 1221 1732 1256 condonatur
1763 1225 1854 1258 illam
1885 1225 2005 1274 [502]

158 1265 270 1301 remffl.
306 1267 384 1302 Ter.
411 1267 514 1299 Eun:
551 1266 678 1300 Habeo
705 1268 780 1301 alia
807 1270 937 1313 multa,
972 1281 1063 1315 quae
1088 1282 1180 1305 nunc
1208 1271 1472 1307 condonabitur.
1506 1273 1602 1307 Idem
1637 1274 1829 1312 Phorm.³⁸:
1855 1278 2002 1324 Argen-

160 1323 233 1353 tum
256 1319 350 1364 qaod
372 1317 482 1352 habes
508 1318 747 1353 condonamus
770 1324 814 1354 te.

56 1459 103 1501 22)
132 1463 194 1492 Ter.
217 1463 334 1492 Heaut.
359 1463 388 1494 3.
406 1465 433 1494 1.
453 1464 502 1495 28.
525 1462 558 1492 Α.
574 1462 612 1491 M.
628 1461 712 1491 Istae
734 1464 767 1491 in
788 1469 816 1492 Ie
834 1463 906 1493 Cod.
922 1462 956 1493 A.
972 1464 1011 1494 M.

55 1503 157 1533 isthac
186 1507 217 1534 in
241 1517 279 1534 re
307 1505 379 1534 cod.
404 1506 459 1534 Gu.
485 1506 519 1534 ln
551 1505 627 1535 Edd.
663 1506 773 1544 legitur
802 1508 890 1538 istuc.
935 1507 1010 1536 Tum

55 1547 128 1576 cod.
156 1548 214 1578 Gu.
234 1548 402 1578 consulit.
424 1564 464 1570 —
493 1545 540 1588 93)
567 1549 707 1577 Circam
717 1548 771 1576 dat
792 1549 891 1578 littera
914 1550 1010 1578 media

54 1599 85 1616 m
101 1590 209 1629 scripsi
223 1591 333 1629 ubique
348 1601 363 1619 e
380 1590 451 1619 eod.
471 1591 527 1619 Gu.
553 1592 640 1630 Vlrg.
660 1592 736 1620 Aen.
758 1592 833 1621 XII.
845 1594 895 1624 88.
919 1592 953 1621 A.
969 1593 1009 1622 Μ.

58 1632 144 1671 Virg.
162 1633 238 1662 Aen.
259 1633 298 1662 ll.
326 1633 396 1662 Cod.
421 1634 477 1662 Gu.
499 1649 541 1655 —
558 1633 604 1672 24)
631 1634 822 1663 Circumlata
840 1635 900 1663 hac
918 1646 949 1663 re
963 1636 1010 1663 il-

51 1674 116 1702 lam
136 1685 196 1703 rem
216 1676 289 1708 cod.
314 1676 346 1705 A.
361 1676 399 1704 M.
421 1676 555 1715 pessime.
577 1677 652 1705 Tum
678 1677 742 1705 Sal.
760 1679 845 1708 fflst.
862 1678 886 1707 J.
905 1680 957 1710 20.
973 1678 1007 1707 A.

51 1715 92 1746 Μ.
119 1716 208 1756 Apud
235 1717 372 1747 Gerlach.
397 1729 448 1747 nn.
478 1719 529 1750 43.
556 1719 669 1748 Deinde
697 1730 765 1748 eam
794 1721 893 1749 multa
917 1731 1008 1759 opera

51 1759 224 1789 circumdat
246 1761 354 1800 scripsi
377 1771 392 1789 e
412 1762 563 1799 praeclara
592 1762 720 1790 lectione
750 1763 822 1794 cod.
849 1763 906 1791 Gu.
932 1763 1007 1791 Mire

52 1801 125 1829 Cod.
145 1803 179 1834 Δ.
196 1803 236 1833 Μ.
261 1809 288 1831 et
312 1813 382 1832 cum
400 1804 498 1832 multa
522 1815 612 1842 opera
640 1804 833 1836 circundata.
871 1806 1006 1834 Eundem

51 1843 154 1872 locum
180 1845 221 1873 sic
246 1846 318 1875 citat
344 1846 486 1877 Priscian.
523 1847 597 1884 XV,
626 1850 654 1878 2.
688 1858 756 1886 pag.
779 1851 850 1881 618.
886 1848 930 1877 ed.
953 1849 1006 1876 Kr.

51 1885 150 1924 Apud
171 1887 302 1916 Ilerdam
328 1899 398 1916 cum
426 1889 524 1917 malta
553 1900 642 1928 opera
664 1890 872 1926 circumdata,
896 1890 1006 1929 pariter

50 1929 201 1958 mendose.
223 1946 266 1951 —
287 1932 331 1968 25)
359 1931 446 1970 Virg.
469 1932 545 1961 Aen.
564 1931 587 1960 I.
612 1935 682 1964 593.
699 1933 733 1962 Λ.
750 1933 788 1962 M.
811 1949 854 1955 ——
875 1933 921 1971 26)
938 1932 1003 1962 Sal.

51 1971 119 2010 Iug.
139 1973 189 2003 33.
213 1971 248 2000 A·
270 1972 308 2001 M-
333 1972 404 2011 Cap.
426 1976 477 2005 31.
508 1975 553 2004 ed.
575 1975 653 2003 Gerl.
680 1975 760 2004 Cort.
789 1991 832 1997 —
863 1973 908 2012 27)
935 1973 1004 2003 Cor-

50 2015 191 2052 rumpis
216 2014 270 2042 illo
287 2017 413 2052 precio
436 2026 451 2044 e
475 2016 546 2045 Cod.
570 2017 691 2056 scripsit
713 2018 747 2045 A.
762 2017 801 2046 M.
827 2017 937 2045 Locum
958 2016 1004 2043 Ci-

50 2056 166 2085 ceronis
184 2066 243 2084 non
261 2057 393 2085 enotavit
414 2057 449 2086 A.
465 2057 504 2087 M.
521 2059 571 2087 sed
594 2059 625 2087 in
644 2059 837 2088 adnotatione
856 2058 1002 2097 respicere

49 2099 131 2128 iubet
152 2098 189 2127 ad
211 2098 288 2127 illius
307 2099 449 2128 orationis
476 2111 539 2139 cap.
557 2104 605 2132 32.
630 2102 749 2138 Legitur
765 2102 848 2129 locus
868 2111 933 2139 cap.
950 2100 999 2131 25.

52 2158 88 2162 -
113 2141 159 2180 28)
187 2142 272 2178 Virg.
294 2142 370 2172 Aen.
390 2143 431 2170 X.
452 2145 524 2174 417.
547 2144 580 2174 Α,
604 2143 640 2173 M.
666 2145 752 2181 Vir-g.
775 2142 905 2172 Aenead.
928 2142 1001 2170 XII.

50 2183 122 2213 Cod.
148 2184 203 2212 Gu.
223 2184 298 2212 Tum
321 2184 412 2212 Silvis
438 2196 539 2224 gcmeo
561 2186 673 2213 celarat
694 2186 823 2213 Alesc'm
844 2184 915 2212 Cod.
945 2185 999 2214 Gu.

49 2227 152 2264 :Slylm's
177 2228 297 2264 genitor
322 2226 435 2254 celarat
467 2228 593 2255 Ales-um
622 2227 695 2256 Cod.
719 2227 753 2256 A.
779 2227 816 2255 M.
850 2227 1002 2254 Halesum

48 2269 192 2297 scribitur
212 2268 290 2307 apud
313 2268 394 2306 Virg.
419 2285 461 2290 —
482 2272 526 2302 ⁶29)
556 2271 611 2298 Ter
647 2271 734 2306 lleqy.
757 2271 786 2300 4.
804 2272 831 2300 4.
845 2272 896 2301 23.
914 2270 946 2298 A.
963 2269 1001 2298 M.

52 2310 199 2340 Tandia
224 2312 255 2340 A.
281 2310 319 2341 M.
345 2327 382 2332 --
415 2313 460 2345 30)
487 2309 546 2340 Cic.
568 2311 603 2339 de
626 2313 729 2349 &gnis
755 2315 802 2342 12.
829 2312 863 2340 A.
881 2311 918 2340 M.
936 2311 1002 2340 Act.

47 2353 81 2382 in
98 2354 181 2384 Verr.
205 2353 239 2382 ll.
259 2353 310 2381 lib.
334 2353 381 2381 JV.
406 2363 469 2392 cap.
490 2356 536 2385 12.
560 2353 610 2382 fin.
633 2354 667 2382 ln
693 2353 763 2382 Cod,
783 2355 839 2382 (ιύ.
861 2354 901 2382 sic
928 2354 1002 2392 legi-

48 2400 114 2425 tur:
141 2396 243 2425 Cicero
261 2395 296 2424 de
321 2397 421 2434 signi-r
442 2394 540 2423 dixit.-
566 2396 661 2434 C'api-s·
680 2406 710 2424 se
733 2396 827 2424 celare
845 2395 881 2425 {le
895 2395 1002 2425 Faler-

1054 1465 1114 1493 nis.
1136 1481 1177 1488 —
1199 1467 1246 1505 31)
1272 1466 1337 1496 Ter.
1353 1465 1442 1494 Adel.
1463 1468 1492 1498 4.
1509 1467 1537 1499 5.
1556 1469 1605 1500 32.
1630 1468 1665 1497 A.
1681 1468 1719 1498 Μ.
1743 1470 1817 1499 Tum
1838 1475 2004 1512 corrumpit

1053 1508 1224 1547 exemplum
1242 1509 1314 1537 cod.
1335 1508 1368 1537 A.
1385 1509 1422 1539 M.
1440 1510 1488 1547 qui
1504 1510 1638 1540 exhibet:
1665 1512 1822 1541 consuevit
1836 1517 1922 1552 prior
1944 1518 2002 1545 illa

1053 1551 1193 1587 muliere,
1225 1553 1348 1590 quicum
1375 1557 1419 1579 tot
1444 1554 1644 1580 consuevisset
1665 1564 1769 1585 annos.
1799 1556 1905 1586 Melius
1928 1559 2001 1589 Cod.

1054 1594 1110 1622 Gu.
1131 1594 1238 1631 Quilla
1254 1592 1321 1633 (sic)
1337 1595 1490 1621 consuevit
1499 1596 1590 1631 prior
1603 1596 1659 1623 illa
1679 1607 1749 1625 cum
1769 1600 1906 1638 muliere,
1931 1603 2002 1639 qni-

1053 1646 1121 1663 cum
1140 1647 1209 1664 cuin
1230 1641 1274 1664 tot
1296 1637 1495 1663 consuevisset
1518 1647 1621 1665 annos.
1644 1638 1764 1668 Scilicet
1785 1641 1845 1669 duo
1865 1644 2001 1681 exempla

1052 1688 1120 1706 cnm
1145 1678 1312 1707 elocutione
1329 1677 1360 1705 in
1381 1687 1475 1705 unum
1497 1680 1619 1708 confusa
1643 1686 1721 1709 sunt.
1749 1683 1913 1721 Scripserat
1934 1686 2001 1713 sor-

1049 1725 1125 1749 tasse
1147 1721 1284 1749 librarius
1308 1719 1415 1748 omisso
1433 1720 1524 1749 verbo
1546 1722 1742 1751 elocutionem
1762 1725 1822 1754 sic:
1844 1724 1907 1753 Illa
1931 1738 2000 1756 cnm

1049 1764 1186 1797 muliere5
1216 1761 1321 1790 deinde
1352 1761 1507 1790 subiunxit
1535 1765 1704 1804 exemplum
1736 1766 1867 1795 Terentii
1891 1770 1998 1798 omisso

1049 1805 1204 1844 scriptoris
1227 1804 1347 1832 nomine
1374 1809 1403 1832 et
1423 1804 1509 1841 loco,
1540 1807 1621 1844 quod
1652 1807 1733 1836 haud
1767 1808 1854 1837 dubie
1883 1812 1999 1841 addidit

1048 1853 1172 1883 auctor,
1197 1856 1234 1874 ex
1256 1856 1315 1884 quo
1340 1846 1456 1884 reliqua
1479 1848 1632 1887 corruptio
1650 1854 1725 1879 orta.
1769 1852 1917 1891 Rosci-ipsi
1937 1854 1999 1892 igi-

1047 1894 1109 1917 tur:
1134 1888 1195 1917 Illa
1215 1899 1283 1916 cum
1299 1889 1430 1919 muliere.
1447 1891 1556 1919 Terent.
1573 1892 1648 1921 Hec.
1662 1892 1762 1921 Potest
1779 1894 1857 1923 enim
1874 1895 1947 1931 fieri,
1962 1902 1998 1926 ut

1048 1935 1154 1959 auctor
1170 1940 1290 1969 quoque
1309 1931 1441 1959 omiserit
1465 1931 1496 1961 h.
1513 1933 1532 1961 l.
1553 1933 1636 1962 verbi
1658 1936 1876 1973 repetitionem.
1900 1939 1995 1968 Locus

1046 1978 1090 2001 est
1106 1973 1240 2011 Hecyrae
1257 1973 1307 2011 IV,
1326 1976 1353 2010 1,
1368 1975 1420 2005 40.
1442 1991 1486 1996 —
1506 1974 1552 2014 32)
1580 1976 1763 2006 Com-uelum
1780 1979 1818 2007 ab
1835 1991 1883 2017 eo,
1908 1982 1996 2009 illam.

1045 2026 1108 2043 rem
1129 2015 1200 2044 cod.
1219 2016 1274 2046 Gu.
1298 2016 1447 2046 mendose.
1465 2018 1541 2046 Tum
1559 2019 1624 2047 Sal.
1650 2020 1719 2059 Jug.
1742 2024 1793 2052 87.
1818 2023 1853 2051 Α.
1871 2023 1909 2052 M.
1926 2024 1995 2063 Cap.

1045 2059 1094 2089 85.
1122 2059 1202 2087 Cort.
1230 2058 1309 2087 Gerl.
1331 2058 1453 2087 Habere
1483 2060 1555 2090 cod.
1579 2062 1636 2091 Gu.
1663 2063 1793 2092 habeam
1814 2065 1889 2096 Edd.
1916 2067 1996 2105 apud

1044 2100 1103 2130 Sal.
1127 2100 1293 2139 Legendum
1308 2101 1435 2130 sortasse
1449 2101 1480 2132 h.
1495 2103 1515 2132 l.
1536 2109 1571 2131 ut
1587 2106 1726 2142 pericula
1741 2113 1884 2135 consueta
1899 2109 1996 2137 liabe—

1043 2153 1115 2173 rem.
1136 2158 1178 2165 —
1200 2144 1247 2181 33)
1269 2144 1332 2172 Ter.
1348 2143 1437 2173 Plzor.
1464 2146 1495 2177 5.
1515 2148 1543 2178 6.
1557 2148 1607 2178 34.
1629 2147 1663 2178 Α.
1682 2148 1720 2177 M.
1736 2149 1811 2178 Tum
1836 2150 1911 2179 Cam
1930 2163 1995 2179 ems

1044 2196 1070 2215 c.
1092 2196 1118 2214 o.
1148 2196 1229 2213 cum
1255 2192 1351 2214 matre
1375 2188 1408 2215 in
1437 2188 1545 2216 Lemo
1576 2189 1646 2218 Cod.
1671 2191 1727 2222 Gu.
1757 2208 1800 2214 —
1828 2194 1880 2229 34)
1904 2195 1990 2231 Virg.

1043 2228 1118 2258 Aen.
1145 2226 1232 2258 VIII.
1250 2231 1320 2260 676.
1337 2229 1370 2256 Α.
1387 2229 1425 2258 Μ.
1449 2246 1490 2251 -
1512 2229 1560 2272 35)
1583 2231 1667 2260 Idem
1680 2233 1754 2264 Aen.
1772 2234 1793 2262 l.
1812 2237 1882 2266 440.
1904 2237 1938 2264 A.
1952 2236 1989 2264 M.

1044 2287 1086 2294 —
1106 2267 1152 2310 36)
1176 2271 1239 2299 Sal.
1263 2271 1330 2310 Iug-
1353 2273 1403 2303 29.
1426 2272 1459 2302 A.
1476 2273 1514 2301 M.
1538 2275 1608 2313 Cap.
1637 2278 1686 2308 27.
1710 2276 1786 2305 Edd.
1806 2278 1884 2307 cort.
1908 2278 1988 2306 Gerl.

1045 2328 1084 2335 —
1106 2313 1153 2351 37)
1179 2312 1409 2342 condonaretur
1428 2315 1516 2343 illam
1531 2327 1591 2344 rem
1607 2318 1744 2347 mendose
1760 2319 1830 2348 Cod.
1849 2320 1902 2346 Gn.
1916 2320 1989 2347 Tum

1052 2355 1113 2384 Ter.
1131 2356 1209 2384 Ean.
1224 2357 1308 2385 Prol.
1331 2359 1379 2388 17.
1403 2357 1438 2387 A.
1453 2358 1491 2388 M.
1514 2374 1556 2380 —
1577 2362 1625 2395 38)
1648 2360 1729 2388 Idem
1748 2360 1838 2388 Phor.
1854 2362 1882 2391 5.
1898 2364 1924 2391 7.
1940 2360 1988 2390 54.

1045 2398 1080 2427 A.
1092 2397 1133 2429 M.
1155 2399 1231 2428 Tum
1248 2398 1474 2428 condonamur
1497 2406 1525 2428 te
1541 2401 1611 2431 Cod.
1631 2402 1664 2431 A.
1679 2403 1717 2431 M.
1741 2402 1797 2430 Sed
1817 2406 1897 2431 recle
1918 2400 1988 2429 cod.

1515 2444 1618 2478 Ee*
