2263 2668
236 169 311 204 552
665 157 1012 193 COMMENTARII
1040 158 1086 191 [N
1114 155 1257 191 PAULI
1284 155 1481 190 DIACONI
1507 156 1764 193 EXCERPTA

408 254 686 297 Offerumenta.
734 249 903 292 Offrandes.
948 250 1076 279 nonaria
1107 260 1182 289 quae
1206 250 1268 279 Diis
1299 250 1476 281 offeruntur.
1523 251 1602 280 Olim
1626 263 1643 281 a
1661 251 1735 294 fero
1765 252 1902 281 dicebant
1920 252 2065 294 firiium,
2101 254 2195 296 offero

238 304 395 346 offirifflm,
428 296 509 326 Unde
534 294 778 330 offerumentum,
803 293 1020 322 offerimentum
1043 305 1062 322 u
1084 303 1140 332 pro
1161 294 1181 323 i.
1217 292 1255 321 Ut
1277 300 1412 332 optumus
1435 294 1562 333 optimus
1584 300 1640 325 etc.
1674 295 1749 324 Hinc
1771 296 1864 324 facete
1882 296 2005 324 Plautus
2021 289 2196 336 offerumen-

240 341 285 375 1'03
308 347 393 373 vocat
413 338 535 378 plagas,
569 347 643 375 quae
665 341 748 374 tergo
773 336 962 366 offerrentur.
1007 335 1208 372 Rudent,11[,
1232 337 1266 372 4,
1290 337 1382 372 (48.):

815 378 857 408 Ni
879 379 1087 419 offerumentas
1107 377 1226 407 habebis
1246 377 1345 417 plures
1368 379 1397 406 in
1421 385 1500 418 tergo
1524 386 1582 410 tuo.

240 429 291 457 Da
301 438 325 456 c.
2184 440 2186 443 .

405 464 568 495 Obsecro
579 475 622 492 re.
670 462 798 493 Obsecro
816 463 883 503 plus
900 468 944 492 est
960 472 1049 502 quam
1066 472 1133 500 oro,
1157 473 1263 502 nempe
1280 462 1366 501 quasi
1383 462 1420 491 ob
1437 473 1521 492 sacra
1537 465 1666 503 postulo.
1699 466 1818 495 Terent.
1836 464 1961 504 Adelph.
1977 464 2030 502 111,
2053 464 2082 501 4,
2106 465 2195 504 (26.):

776 505 863 535 Venit
888 507 967 546 ipsus
990 504 1082 540 ultro,
1111 504 1295 544 lacrymam,
1322 516 1426 543 orans,
1451 505 1615 536 obsecrans.

236 555 323 583 Dae.
371 550 453 580 Adde
477 550 554 578 infra
581 547 626 578 Ob
649 559 701 577 vos
720 560 814 578 sacro.
847 547 950 580 Goth..
998 546 1043 577 Ob
1066 548 1097 576 iu
1121 548 1268 577 eiusmodi
1298 549 1472 586 composilis
1498 549 1572 578 nihil
1597 555 1639 578 est
1662 550 1760 587 aliud,
1797 551 1854 579 nisi
1878 551 2061 579 Graecorum
2085 549 2145 580 ἐπί
2166 550 2196 579 iu

238 593 396 635 ἐπεύχομαι
419 599 447 621 et
470 592 626 621 similibus.

405 634 556 664 Obesus.
602 633 695 669 Quasi
718 632 754 661 ob
777 645 854 662 esum
879 633 988 669 sactus,
1016 633 1073 661 nisi
1096 633 1180 661 malis
1204 643 1271 660 cum
1296 631 1462 661 Guicharto
1487 643 1549 663 esse
1572 634 1608 663 ab
1631 634 1766 664 Hebraeo
1789 634 1879 670 abas,
1902 635 2055 674 saginare,
2075 635 2196 676 pingue.

237 692 332 716 scere5
358 679 437 708 unde
461 676 592 712 obesare,
623 676 780 704 Columell.
804 676 822 705 l.
837 676 913 705 Vlll.
938 686 963 706 c.
976 678 1005 706 7.
1031 676 1084 704 Da
1095 687 1120 705 c.
1167 676 1263 704 Gloss.
1287 672 1421 714 παχύς,
1452 674 1554 705 bassus
1578 676 1746 717 (legendum
1771 677 1885 716 obesus)
1905 688 2041 716 grossus,
2072 689 2196 709 crassus.

237 724 343 752 lisdem
367 718 475 760 παχύς,
507 717 762 758 ὑποκοριστικῶς,
791 719 944 754 bassulus,
975 718 1026 746 ubi
1048 718 1206 755 legendum
1230 716 1372 747 obesulus.
1416 718 1465 747 Sic
1488 719 1602 748 Nonius
1626 720 1705 759 (pag.
1718 720 1804 759 361.)
1831 718 1956 749 Obesum
1980 730 2036 759 pro
2059 720 2144 749 uberi
2169 726 2198 749 et

238 776 353 800 crasso,
378 763 481 801 gracili
503 768 530 791 et
554 762 634 790 exili.
676 761 761 790 Adde
786 762 853 789 Gell
880 762 968 797 xlx,
991 764 1020 792 7.
1069 759 1174 790 Goth.

403 804 608 834 Obnoaeius.
654 804 687 833 In
711 806 775 832 iure
800 804 922 843 proprie
947 803 998 842 qui
1020 804 1056 832 ob
1081 804 1200 831 noxiam
1224 802 1313 830 alicui
1335 802 1473 832 subditus
1497 809 1550 833 est.
1594 805 1668 834 Inde
1698 805 1736 834 ad
1765 806 1823 834 alia
1853 804 2050 839 transfertur,
2089 809 2119 833 et
2141 804 2197 834 ob·

235 851 346 879 noxius
370 848 479 877 dicitur
502 847 553 886 qui
576 847 740 886 obligatus,
773 848 940 884 subnctus,
972 847 1127 885 expositus
1151 851 1203 875 est.
1249 845 1325 874 Vide
1349 846 1424 874 Geli.
1448 846 1498 878 lib.
1515 847 1577 876 VH.
1602 858 1667 886 cap.
1683 851 1732 879 17.
1777 849 1832 877 Da
1843 859 1866 877 c.

405 888 615 930 Opunculo.
658 890 740 919 MSS.
766 888 938 929 Opnncula,
963 890 1010 917 vel
1034 887 1203 929 opinicul0,·
1226 888 1278 916 sed
1301 893 1417 916 rectum
1441 895 1483 917 est
1508 892 1668 928 opunculo.
1713 892 1786 919 Nam
1810 890 1846 919 ab
1869 889 1979 930 opilio,
2004 888 2197 929 opiliunculo‚

235 933 391 972 opunculo.
438 933 495 961 Sed
526 932 641 971 aliquid
672 933 702 961 in
730 932 829 960 verbis
853 932 931 960 Festi
963 931 1125 960 desiderari
1155 931 1290 968 suspicor
1320 935 1349 959 et
1377 932 1550 969 legendum,
1588 932 1735 973 opunculo
1761 944 1852 972 genus
1875 934 1938 961 avis
1960 931 2040 973 quod
2060 931 2198 971 opilionis

235 988 326 1006 causa
351 983 455 1005 canius
478 976 619 1005 imitatur.
659 975 732 1004 Vide
756 974 857 1015 opilio.
883 975 969 1005 Dae.
1012 972 1176 1014 Opunculo.
1215 973 1388 1012 Opiniculo.
1430 974 1462 1005 V.
1487 975 1657 1014 Opuucuto.
1694 974 1841 1016 Opilionis
1861 987 1952 1015 genus
1975 982 2087 1005 canius.
2123 975 2198 1004 Vide

239 1018 347 1059 Opilio.
397 1016 502 1046 Goth.

404 1059 607 1099 Obpuviat.
653 1061 744 1098 Lege:
786 1058 929 1099 Obpuvi1‚
958 1058 1106 1095 verberat,
1139 1063 1193 1087 eie.
1239 1059 1292 1088 Et:
1331 1057 1408 1087 unde
1427 1061 1525 1099 pueri,
1555 1059 1635 1100 quod
1654 1058 1800 1099 puniendo
1824 1067 1998 1089 coercentur.
2045 1059 2197 1088 Puviendo

236 1109 333 1132 autem
353 1103 491 1143 passive,
517 1107 548 1130 ut
569 1102 694 1132 videndo
718 1103 798 1142 apud
816 1103 920 1141 Virgil.
954 1104 1011 1131 Sed
1035 1102 1140 1130 melius
1162 1103 1244 1130 Duza
1266 1102 1347 1140 apud
1370 1102 1532 1139 Lucilium,
1557 1103 1607 1140 qui
1631 1104 1781 1131 emendat:
1805 1101 1881 1131 unde
1899 1104 1983 1141 pueri
2003 1101 2084 1142 quod
2107 1101 2198 1141 obpu-

235 1147 291 1175 viis
312 1153 495 1182 coercentur,
525 1143 558 1173 id
580 1153 621 1174 est
642 1144 750 1184 plagis.
791 1145 866 1174 Nam
891 1146 988 1174 locum
1012 1145 1097 1173 illum
1122 1144 1251 1173 Afranii:
1287 1143 1411 1184 Opuviis
1431 1147 1514 1184 pueri
1536 1153 1718 1183 coercentur,
1748 1149 1799 1174 aut
1822 1146 1854 1173 in
1877 1150 1974 1173 mente
1997 1144 2118 1180 habuit,
2147 1149 2199 1173 aut

236 1189 323 1218 etiam
348 1190 377 1217 in
401 1187 602 1216 testimonium
626 1188 769 1225 adduxit,
793 1189 842 1227 qui
865 1193 966 1226 postea
991 1199 1006 1216 a
1030 1187 1229 1225 Longoburdo
1252 1187 1422 1216 mutilatore
1446 1189 1571 1226 pessime
1597 1188 1793 1227 depravatus3
1822 1197 1917 1226 neque
1940 1192 2039 1215 lamen
2059 1198 2131 1226 puer
2153 1193 2199 1216 est

237 1243 251 1260 a
272 1232 383 1271 puuiis,
408 1231 459 1259 sed
483 1242 497 1258 a
524 1231 630 1259 Dorico
654 1229 713 1269 πὰρ
739 1236 770 1259 ut
794 1231 930 1260 dicebant
952 1241 1008 1269 pro
1031 1234 1110 1266 παῖς.
1150 1231 1190 1257 De
1211 1241 1316 1269 puvere
1338 1235 1367 1258 et
1389 1229 1531 1270 obpuvere
1553 1231 1622 1259 vide
1647 1229 1792 1269 ‹Iepuvere.
1817 1230 1905 1259 Dac.
1955 1228 2039 1258 Unde
2060 1237 2086 1258 el
2105 1231 2199 1269 pavi-

236 1281 342 1302 menta.
388 1273 493 1302 isidor.
517 1273 566 1301 lib.
580 1274 617 1302 X.
642 1273 769 1311 Origin.:
802 1273 921 1303 Vocula
943 1280 1038 1302 autem
1060 1273 1230 1312 pavimenta
1253 1283 1301 1308 eo,
1330 1271 1411 1312 quod
1430 1274 1608 1311 paviantur,
1632 1271 1664 1301 id
1687 1280 1729 1301 est
1752 1271 1924 1302 caedantur.
1970 1273 2042 1300 [nde
2066 1273 2138 1300 Cato
2162 1272 2198 1300 de

236 1317 270 1345 R.
287 1317 320 1345 R.
344 1327 409 1356 cap.
425 1318 491 1347 18.:
517 1314 564 1344 Ibi
587 1314 622 1344 de
644 1323 717 1344 testa
739 1315 826 1345 arida
846 1317 1041 1354 pavimentum
1065 1315 1185 1351 struite,
1209 1314 1259 1343 uhi
1280 1322 1423 1343 structum
1446 1316 1516 1352 erit,
1538 1317 1640 1354 pavito
1653 1314 1832 1356 fricatoque
1855 1316 1897 1343 ufi
1916 1316 2115 1354 pavimentum
2139 1314 2199 1344 bo-

237 1371 304 1387 num
317 1360 389 1399 fiat.
415 1357 528 1387 Idem.
572 1357 720 1397 Obpuviat
743 1370 761 1387 a
781 1358 937 1398 paviendo.
975 1358 1047 1386 Vide
1072 1356 1173 1387 Puls.
1223 1355 1328 1387 Goth.

403 1399 553 1429 obdere.
599 1401 666 1439 Leg.
690 1412 849 1440 opponere,
888 1400 933 1436 ael
955 1402 1072 1439 operire.
1119 1401 1235 1428 Terent.
1259 1399 1347 1428 Anus
1371 1397 1453 1428 obdit
1473 1399 1598 1440 foribus
1619 1398 1775 1438 pessulum.
1820 1400 1975 1428 Horatius:
2012 1398 2093 1428 malo
2121 1398 2199 1428 lalus

237 1443 319 1473 obdit
342 1451 483 1484 apertum.
509 1437 660 1473 'Glossaez
689 1442 777 1480 obde,
807 1441 912 1483 βὺσον.
954 1443 1034 1471 Aliae
1059 1442 1156 1471 Gloss.
1182 1440 1284 1479 Obdo,
1314 1443 1477 1481 ἐπιτίθημι.
1503 1442 1591 1471 Dac.
1634 1442 1747 1471 Glossis
1773 1441 1874 1471 Obdit.
1906 1442 2015 1471 Obicit.
2050 1441 2196 1481 Opperire.

236 1486 373 1526 Operire.
422 1484 528 1514 Goth.

406 1526 458 1557 Ob
481 1539 546 1557 vos
568 1539 690 1557 sacro.
736 1526 798 1556 Sub
821 1538 873 1556 vos
892 1527 1001 1567 placo3
1041 1537 1094 1566 pro
1117 1525 1232 1565 suplico
1254 1537 1315 1554 vos.
1362 1527 1406 1555 Ex
1429 1526 1561 1565 antiquis
1584 1527 1792 1564 precationum
1818 1527 1973 1564 formulis,
2006 1527 2038 1555 in
2060 1527 2097 1554 iis
2120 1527 2197 1555 enim

238 1571 275 1601 de
297 1571 446 1600 industria
467 1570 557 1599 verba
580 1575 695 1600 veteres
716 1570 914 1599 trajiciebant.
938 1570 1027 1598 Dae.
1068 1569 1153 1597 Adde
1177 1579 1267 1607 supra
1293 1567 1461 1598 Obsecrare.
1495 1570 1531 1597 Et
1554 1570 1623 1597 vide
1646 1569 1724 1597 infra
1748 1568 1811 1597 Sub
1834 1579 1885 1597 vos
1904 1568 2003 1608 placo.
2050 1567 2156 1599 Goth.

406 1611 690 1642 obherbescere.
736 1613 837 1641 Simile
867 1613 898 1640 in
928 1612 1033 1650 glossis
1062 1611 1184 1640 Isidori:
1225 1609 1412 1650 Ingraminai
1436 1622 1520 1650 ager,
1554 1612 1584 1639 in
1606 1622 1727 1650 gramen
1749 1611 1894 1650 irrumpit.
1924 1609 2024 1643 Scal.
2068 1612 2145 1649 Lego
2168 1613 2198 1640 in

237 1655 369 1693 herbam,
399 1655 446 1684 vel
470 1654 511 1684 ad
532 1655 650 1684 herbam
675 1656 839 1684 increscere.
868 1655 954 1683 Dac.
1002 1655 1060 1683 Alii
1084 1653 1284 1688 oblzebescere‚
1315 1654 1365 1682 alii
1388 1653 1529 1682 obescere.
1580 1652 1685 1682 Goth.

406 1696 602 1727 Oboritur.
650 1698 801 1727 Adoritur.
833 1698 920 1726 Plaut
942 1698 972 1725 in
992 1697 1111 1725 Curcul.
1137 1696 1281 1724 Tenebrae
1303 1695 1483 1725 oboriuntur.
1506 1695 1563 1724 Da
1573 1707 1597 1724 c.
1631 1694 1676 1724 Ob
1701 1705 1757 1734 pro
1781 1693 1832 1726 ad.
1864 1695 1938 1723 Vide
1960 1695 1991 1723 in
2012 1694 2066 1726 Ob.
2094 1694 2199 1726 Goth.

405 1739 619 1770 Obnectere.
664 1741 753 1779 Lege:
777 1739 943 1776 obnectere,
966 1739 1099 1779 obligare
1122 1739 1207 1767 nescis
1229 1739 1395 1778 mancupiis
1409 1738 1555 1779 frequens
1577 1746 1628 1767 est.
1659 1739 1710 1766 Vel
1727 1738 1814 1772 nexi,
1838 1738 2007 1776 mancupii3
2032 1748 2106 1776 quae
2128 1748 2200 1767 sane

239 1783 327 1811 lectio
352 1793 420 1811 vera
444 1787 497 1811 est.
528 1782 631 1814 ScaZ.
676 1784 737 1821 Ego
761 1793 832 1812 vero
855 1783 1013 1821 legendum
1038 1781 1192 1810 existimo:
1215 1797 1257 1802 --
1280 1782 1413 1810 maxime
1435 1782 1465 1810 in
1488 1781 1574 1810 nexis
1587 1779 1732 1821 frequens
1754 1788 1812 1816 est,
1847 1787 1876 1809 et
1897 1781 1972 1809 haec
1995 1790 2066 1809 vera
2089 1786 2133 1810 est
2156 1782 2201 1810 le-

240 1825 310 1853 ctio.
355 1825 409 1854 Da
420 1836 443 1854 c.

407 1866 643 1897 Observasse.
666 1869 724 1905 (Ad
749 1878 813 1907 pag.
829 1870 910 1905 191.)
937 1866 1113 1903 Observare,
1138 1866 1303 1900 αἰδεῖσθαι,
1327 1864 1535 1902 observabilis,
1557 1864 1725 1903 αἰδέσιμος,
1749 1863 1950 1901 observantia,
1973 1863 2074 1901 αἰδώς.
2104 1866 2199 1895 Closs.

243 1907 312 1936 Inde
325 1909 452 1939 Homero
470 1911 554 1939 Iliad.
570 1910 606 1941 α’.
629 1912 669 1948 (v.
684 1913 747 1948 23.)
771 1912 922 1941 αἰδεῖσθαι
946 1911 1048 1949 ἱερῆα,
1071 1907 1251 1937 sacerdotem
1276 1907 1443 1944 ohservare,
1467 1918 1533 1936 eum
1556 1908 1726 1936 verecunde
1748 1906 1872 1943 habere,
1897 1907 1960 1936 eius
1983 1908 2123 1947 precibus
2147 1919 2200 1937 ce-

244 1950 322 1978 del'e.
347 1951 430 1981 Duc.
475 1954 557 1982 Adde
580 1954 710 1982 Nonimn
732 1954 764 1982 in
791 1952 952 1982 Observare
974 1954 1049 1991 (pag.
1064 1953 1136 1983 359·
1160 1951 1272 1988 Merc.).
1313 1949 1464 1980 observat.
1503 1951 1684 1979 observasse
1706 1950 1736 1978 id
1762 1954 1815 1981 est.
1864 1948 1972 1979 Goth.

409 1993 654 2025 Ommentans.
685 1997 752 2036 (Ad
775 2006 841 2035 pag.
858 1996 944 2034 191.)
977 1996 1063 2023 Deest
1088 1994 1162 2021 Lixii
1193 2004 1314 2030 nomen,
1353 1993 1404 2031 qui
1429 1993 1592 2031 Odysseam
1617 1994 1750 2021 Latinam
1776 1992 1863 2028 fecit,
1900 1993 1936 2020 de
1959 2003 2018 2031 qua
2042 1993 2145 2022 Cicero
2169 1994 2199 2022 in

244 2034 353 2062 Bruto:
378 2033 507 2075 Odyssea
523 2038 635 2067 Latina
658 2047 716 2076 est,
740 2047 882 2078 tanquam
906 2049 978 2077 opus
1000 2035 1125 2076 aliquod
1147 2034 1297 2074 Daedali5
1320 2043 1345 2065 ei
1362 2035 1510 2064 Livianae
1521 2035 1655 2077 fabulae
1675 2046 1733 2064 non
1756 2036 1829 2063 satis
1852 2033 1976 2074 dignae,
2000 2047 2076 2076 quae
2096 2037 2199 2064 iterum

244 2075 386 2115 legantur.
429 2079 583 2117 Reperitur
606 2087 703 2110 autem
726 2082 776 2110 hic
799 2091 902 2109 versus
928 2081 974 2108 lib.
988 2080 1010 2108 1.
1033 2079 1154 2107 Homeri
1177 2078 1284 2117 Odyss.
1308 2079 1395 2108 Ani.
1420 2079 1513 2116 Aug.
1561 2079 1654 2106 Verba
1678 2088 1714 2106 ex
1738 2077 1871 2115 Odyssea
1896 2082 1996 2107 vetere
2017 2079 2102 2107 Lucii
2124 2079 2200 2108 Livii

245 2118 409 2147 Andronici
433 2119 469 2147 ita
493 2122 629 2159 legenda:
659 2126 688 2154 in
712 2123 818 2164 Pylum
843 2122 1014 2159 adueniens,
1038 2129 1089 2150 aut
1112 2120 1154 2149 ibi
1176 2128 1373 2157 ommentans,
1396 2130 1434 2148 ex
1457 2121 1509 2149 illo
1533 2120 1640 2159 Odyss.
1656 2117 1693 2160 β’.
1716 2121 1755 2157 (v,
1771 2122 1844 2151 316.
1859 2121 1948 2158 seq.):

782 2163 940 2204 Πειρήσω,
976 2163 1016 2200 ὤς
1039 2161 1069 2194 κ’
1089 2162 1164 2203 ὔμμι
1187 2163 1284 2199 κακὰς
1305 2164 1352 2194 ἐπὶ
1375 2165 1470 2202 κῆρας
1492 2160 1576 2200 ἰήλω,
1951 2161 1952 2164 “

776 2206 826 2239 'Hs
849 2205 988 2238 Πύλονδ’
1012 2203 1125 2243 ἐλθών,
1152 2204 1171 2243 ἢ
1195 2203 1289 2236 αὐτοῦ
1311 2203 1386 2246 τῷδ’
1409 2206 1452 2236 ε’νὶ
1475 2204 1567 2247 δήμῳ.

248 2245 414 2273 Ρθῑῑλθῖϋῦἴ
437 2250 465 2273 Εἰ
488 2246 586 2275 dicere
608 2254 721 2278 veteres
744 2249 878 2279 advenies
902 2261 958 2289 pro
981 2249 1152 2284 adveniens,
1183 2254 1214 2278 ut
1234 2260 1395 2288 praegnas,
1423 2248 1523 2290 infas,
1546 2247 1672 2276 animas.
1718 2248 1847 2276 Ennius:

783 2292 848 2329 Qua
868 2294 968 2332 parire
989 2291 1062 2321 solet
1080 2292 1166 2330 ςενιιι7
1187 2292 1290 2331 pennis
1313 2290 1549 2327 condecoratum,

780 2334 849 2363 Non
871 2336 995 2365 animas.
1042 2352 1079 2356 -——
1125 2350 1167 2355 —-

247 2372 313 2401 Hoc
337 2376 380 2400 est
401 2371 542 2401 animans.
573 2370 676 2402 Scal.
722 2373 857 2403 Glossae:
888 2376 1069 2413 Ommentat,
1092 2383 1244 2415 expectat,
1269 2374 1379 2405 dictum
1403 2387 1421 2404 a
1444 2373 1626 2413 mentando,
1647 2373 1680 2403 irl
1701 2381 1741 2403 est
1764 2372 1816 2403 diu
1837 2371 1990 2402 manendo.
2017 2372 2110 2400 Dac.
2158 2373 2197 2402 De

249 2415 325 2444 Livii
340 2414 474 2452 Odyssea
492 2415 594 2445 Cicero
611 2415 640 2443 in
656 2416 749 2444 Bruto
765 2416 805 2454 (c.
821 2417 892 2456 18).
921 2417 1078 2449 Advenies.
1103 2419 1252 2447 Devenies.
1282 2417 1385 2447 Goth.
1418 2418 1460 2447 Cf.
1483 2417 1643 2446 Hermann.
1666 2417 1697 2446 in
1720 2417 1810 2445 Elem.
1833 2415 1929 2444 doctr.
1952 2413 2064 2443 metric.
2081 2424 2111 2453 p.
2123 2416 2194 2448 620.
