2263 2668
230 142 306 177 224

1011 136 1235 173 ARUSIANI
1269 139 1410 174 MESSI

331 235 401 270 Cic.
430 246 493 279 pro
524 233 683 268 Cornelio
700 228 730 264 ¹:
763 230 827 264 Ad
851 230 1085 265 miserrimum
1110 234 1455 280 crudelissimumque
1483 234 1700 269 dominatum
1733 235 1819 270 dedi
1847 239 2048 282 patiamini.
2078 242 2175 276 Idem

330 299 394 333 pro
415 282 607 321 Cluentio²z
636 283 710 318 Sed
726 283 838 328 plane
861 283 912 316 ud
934 284 1143 328 supplicium
1165 286 1314 322 dedidit.

228 357 297 391 Dat
313 356 372 389 illi.
399 355 492 397 Virg.
518 353 601 385 Aen.
626 347 720 386 IX.³:
747 351 809 385 Da
833 356 916 385 nate
929 353 1071 396 petenti.

331 407 397 440 mis
422 404 465 436 In
487 402 636 449 fluvium
662 403 771 437 dedit.

333 455 425 490 dari.

1124 353 1191 386 Dat
1223 354 1255 387 in
1283 354 1378 387 illud.
1412 354 1508 386 Idem
1535 349 1630 387 lX.4:
1671 354 1775 388 Saltu
1808 366 1884 388 sese
1921 358 2076 393 omnihus
2111 371 2174 393 ar-

825 403 892 437 Dat
909 403 952 436 ad
974 404 1078 437 illum.
1106 405 1240 439 Terent.
1264 402 1441 439 Phorm.⁵:
1476 404 1519 437 Ιη
1545 405 1745 439 servitutem
1766 417 1968 452 pauperem
1991 411 2043 443 ad
2066 411 2174 445 ditem

229 525 394 572 Deposuit
414 523 475 556 his.
501 523 598 567 Virg.
627 521 756 567 Georg.
779 519 856 555 11.⁶:
894 523 1067 568 Deposuit
1093 524 1207 558 sulcis.
1260 524 1424 568 Deposuit
1450 524 1483 557 in
1508 523 1571 557 his.
1606 523 1676 558 cic.
1702 524 1851 570 Philipp.
1868 523 1998 563 x111.⁷:
2031 528 2118 563 Cum
2139 529 2173 563 in

331 575 480 622 gremiis
502 575 689 607 mimarum
715 577 868 607 mentum
893 579 1109 620 mentemque
1130 576 1329 621 deponeret.

228 645 381 681 Detraho
406 643 473 676 tibi.
502 642 571 677 Cic.
597 654 660 687 pro
687 642 845 676 Cornelio
868 640 932 677 LE:
968 643 1069 676 Nihil
1095 644 1233 677 senatui
1257 641 1455 676 detruxisse
1480 642 1687 678 Cornelium.
1738 644 1889 678 Detraho
1919 645 1962 679 de
1991 650 2033 679 te.
2063 644 2171 694 [508]

334 696 452 730 Cicero
473 705 536 738 pro
554 690 716 728 Scauro⁹:
742 693 791 728 N'

331 745 560 780 detraxerint.

330 798 425 831 saiw.

780 694 842 727 ihil
869 694 1007 728 Sardos
1033 695 1151 740 Appio
1176 695 1318 740 gratius
1346 704 1418 726 esse
1441 693 1620 738 facturos,
1654 706 1760 740 quam
1786 697 1816 729 si
1842 697 1888 730 de
1914 697 2045 731 Scauri
2059 698 2174 744 sama

614 742 770 778 Volunt¹⁰
796 746 930 790 quidam
959 747 1143 779 distantiam
1171 758 1257 787 esse,
1284 750 1319 778 ut
1339 746 1484 779 lacerare
1512 746 1655 789 famam,
1679 747 1722 780 de
1743 747 1803 780 illo
1829 748 2007 783 detrahere
2029 750 2083 791 sit,
2111 750 2172 783 sed

477 797 563 829 Nam
587 796 657 830 Cic.
682 797 725 830 de
747 794 974 841 Suppliciisu:
1013 798 1115 844 Quae
1137 802 1174 831 tu
1202 798 1247 830 de
1272 798 1362 841 Rep.
1391 797 1608 837 detraxeris,
1640 797 1675 830 id
1695 803 1743 831 est
1768 800 1970 834 imminueris
2000 806 2034 834 et
2060 802 2172 836 abstu-

330 849 415 882 leris.
442 848 538 881 Idem
558 848 591 881 in
609 847 704 884 Catil.
725 848 767 881 11.
778 845 817 882 ¹²:
850 849 899 881 Et
927 848 1068 882 dubitas
1095 850 1140 882 de
1160 849 1376 894 possessione
1399 846 1616 882 detrahere?

228 917 351 954 Deficit
373 917 465 950 iliam
487 928 568 949 rem.
595 916 689 962 Virg.
716 916 843 961 Georg.
862 913 941 950 1.¹³:
968 916 1097 951 Noctes
1119 918 1229 950 lentus
1254 929 1320 950 non
1351 916 1473 963 deficit
1500 917 1635 951 humor.

1688 917 1811 952 Deficit
1832 919 1873 952 ab
1895 918 1954 952 illa
1974 931 2020 953 re.
2050 919 2171 953 Cicero

330 969 374 1001 de
396 969 555 1001 Praetura
579 969 704 1001 urbana
718 964 757 1001 ¹⁴:
786 968 1035 1013 Lampsacena
1061 969 1185 1002 civitas
1211 968 1365 1015 deficere
1393 968 1439 1001 ab
1466 969 1613 1014 imperio
1640 981 1684 1002 ac
1709 970 1845 1003 nomine
1876 974 1992 1003 nostro
2018 971 2170 1005 valebat.

328 1020 452 1053 Deficit
477 1019 521 1052 ad
547 1020 650 1054 illum.
682 1019 802 1053 Salust.
828 1020 902 1064 lug.
918 1016 957 1054 ¹⁵:
990 1019 1034 1053 In
1061 1020 1114 1053 his
1141 1020 1282 1053 urbibus
1302 1032 1394 1064 quae
1419 1021 1470 1054 ad
1495 1032 1533 1053 se
1559 1020 1775 1067 defecerant.
1827 1021 1952 1056 Deficit
1979 1022 2171 1067 simpliciter

328 1082 392 1116 pro
422 1066 556 1104 deestffi.
594 1071 687 1116 Virg.
708 1071 791 1104 Aen.
816 1071 891 1105 vt:
917 1071 1041 1105 Primo
1065 1073 1186 1105 avulso
1209 1083 1274 1105 non
1303 1071 1424 1118 deficit
1450 1072 1552 1105 alter.

226 1140 367 1175 Decedo
390 1139 433 1172 de
454 1138 521 1173 hae
548 1151 594 1173 re.
632 1139 703 1175 Cic.
732 1139 775 1172 de
806 1135 944 1184 Rep.¹⁷:
985 1140 1030 1173 Ut
1057 1140 1114 1173 hic
1142 1140 1188 1173 de
1220 1141 1280 1173 viu
1306 1140 1549 1174 decedendum
1581 1141 1634 1175 sit.

1692 1140 1832 1176 Decedo
1862 1139 1942 1176 huic
1969 1140 2169 1186 simpliciter.

329 1191 422 1235 Virg.
443 1187 580 1225 Buc.¹³:
607 1190 684 1224 Nee
707 1202 809 1224 serae
834 1191 989 1224 meminit
1013 1192 1186 1225 decedere
1209 1192 1308 1225 nocti.

225 1259 381 1294 Delectat
408 1270 462 1291 me
484 1258 571 1291 haec
589 1270 650 1291 res.
680 1258 751 1292 Cic.
779 1259 821 1291 de
847 1259 933 1303 Rep.
958 1259 982 1291 I.
992 1256 1033 1292 ¹⁹:
1061 1260 1148 1305 Ipsa
1179 1260 1327 1304 cognitio
1350 1271 1411 1293 nos
1438 1260 1675 1295 delectaverit.
1725 1259 1879 1294 Delectat
1907 1259 1964 1293 illa
1988 1271 2033 1293 re.
2072 1258 2169 1293 Idem

327 1310 361 1342 'm
384 1306 612 1343 Hortensi0²⁰2
638 1310 709 1344 Hic
727 1311 884 1355 primum
914 1310 1060 1344 Catulus
1086 1312 1279 1344 delectatus
1303 1312 1378 1357 ipso
1400 1312 1484 1346 loco.

225 1379 357 1413 Desisto
379 1377 445 1411 hac
465 1389 500 1411 re
510 1375 545 1410 ²¹.
573 1378 692 1411 salust.
716 1379 799 1414 Hist.
824 1379 882 1413 lt:
923 1378 969 1411 Ut
993 1380 1128 1412 actione
1158 1380 1348 1413 desisteret.
1389 1380 1524 1412 Terent.
1554 1380 1586 1412 in
1609 1374 1795 1412 Phorm.²²:
1836 1378 1882 1412 Ut
1908 1378 2013 1412 herus
2044 1376 2167 1424 [509]

328 1430 382 1462 his
416 1429 562 1463 desistat
597 1429 723 1465 litibus.

333 1480 484 1514 Teucris.

312 1599 344 1636 1)
370 1600 433 1628 Pro
464 1599 599 1628 Cornelio
635 1601 707 1631 991.
745 1599 778 1628 A.
805 1599 843 1629 Μ.
876 1599 921 1628 Ad
956 1599 1082 1639 primam
1106 1610 1176 1628 ora-

227 1642 338 1670 tionem
364 1642 464 1670 retulit
485 1642 633 1678 Nobbius,
663 1642 757 1670 codex
780 1642 855 1671 Gud.
887 1643 1033 1670 secundae
1060 1643 1175 1673 tribuit.

228 1699 270 1706 —
290 1682 321 1723 2)
344 1684 405 1711 Pro
432 1684 568 1711 Cluentio
592 1687 642 1715 69.
666 1684 702 1715 A.
725 1685 761 1713 M.
791 1685 842 1712 Est
867 1694 929 1723 cap.
963 1687 1012 1716 94.
1045 1686 1097 1713 sub
1121 1686 1172 1714 fin.

229 1725 318 1763 Apud
341 1725 400 1753 Cic.
425 1725 523 1753 editur
541 1725 633 1755 dedit.
658 1744 696 1748 ——-
725 1730 753 1760 3)
782 1728 867 1765 lUrg.
890 1728 967 1757 Am.
995 1726 1101 1757 VIIII.
1126 1730 1175 1759 83.

230 1767 265 1796 A.
288 1767 324 1795 M.
353 1784 394 1789 -
424 1770 451 1799 4)
477 1766 560 1794 Idem
585 1767 693 1796 VIIII.
715 1770 784 1800 815.
814 1769 875 1797 Hoc
899 1780 983 1798 omne
1007 1770 1175 1808 exemplum

230 1808 311 1836 deest
328 1809 358 1836 in
380 1809 451 1838 cod.
465 1810 522 1838 Gu.
540 1819 607 1837 cum
624 1810 813 1847 eloquutione
829 1813 961 1849 sequenti
979 1814 1044 1840 Dat
1066 1812 1109 1839 acl
1130 1813 1175 1840 il-

231 1851 309 1885 lum,
331 1851 492 1889 legiturque
510 1852 546 1880 ad
563 1853 744 1890 superiorem
760 1854 915 1882 formulam
940 1857 1007 1883 Dat
1034 1855 1066 1882 in
1095 1853 1177 1882 illud

231 1893 329 1921 solum
353 1894 519 1932 exemplum
541 1894 760 1923 Terentianum.
783 1912 816 1916 —
844 1900 874 1931 5)
901 1898 968 1925 Ter.
993 1897 1086 1926 Plzor.
1104 1899 1132 1928 4.
1147 1900 1175 1927 3.

230 1937 282 1966 48.
301 1935 332 1963 A.
348 1935 385 1963 M.
402 1950 443 1957 -—·
465 1935 492 1974 6)
515 1936 601 1974 l7rg.
617 1937 725 1975 Georg.
742 1935 784 1966 ῙῙ.
800 1940 847 1968 24.
866 1939 898 1967 A.
913 1940 951 1967 M.
970 1940 1056 1977 Vir-g.
1070 1941 1176 1977 Georg.

230 1973 293 2006 ΙΙΙ.
321 1976 392 2005 cod.
417 1977 471 2005 Gn.
494 1995 534 2000 —
559 1980 587 2015 7)
615 1979 674 2008 Cic.
697 1979 779 2009 Phil.
797 1980 890 2009 XIII.
917 1985 965 2013 11.
988 1982 1021 2010 A.
1041 1982 1078 2010 M.
1102 1983 1176 2010 Tum

231 2018 264 2047 in
287 2018 359 2046 Cod.
384 2019 438 2046 Gu.
459 2024 516 2047 est:
540 2030 606 2048 cum
628 2023 659 2049 in
678 2023 804 2059 gremiis
824 2029 986 2060 nuptarum
1006 2030 1105 2052 meatu
1128 2023 1177 2051 de-

226 2066 357 2100 poneret.
381 2061 468 2089 Recte
491 2062 561 2089 Cod.
591 2062 625 2090 A.
654 2064 690 2091 M.
719 2064 799 2101 quod
822 2064 976 2100 dedimus,
1006 2067 1176 2105 conspirat-

231 2113 287 2142 que
310 2113 377 2131 cum
400 2103 474 2131 Edd.
499 2103 558 2131 Cic.
582 2105 637 2132 nisi
655 2107 733 2144 quod
755 2107 795 2133 ibi
819 2106 925 2143 legitur
947 2107 1110 2145 deponeres.
1135 2126 1173 2130 —

232 2144 261 2182 8)
285 2143 367 2173 Idem
384 2156 441 2183 pro
468 2145 552 2173 Corn.
576 2148 645 2178 990.
670 2148 702 2175 A.
724 2148 761 2176 M.
785 2149 930 2185 Fragmm.
949 2150 1006 2177 Cic.
1029 2156 1103 2181 orat.
1119 2161 1173 2189 pro

234 2187 321 2216 Corn.
344 2187 366 2215 I·
383 2190 432 2219 29.
455 2197 519 2225 pag.
537 2190 627 2218 1126.
653 2189 743 2219 Nobb.
763 2190 914 2220 Orationis
935 2191 1044 2228 primae
1067 2203 1174 2221 nume-

232 2240 300 2258 rum
320 2229 430 2257 indicat
452 2230 522 2257 eod.
541 2230 596 2257 Gu.
617 2245 659 2251 -—-
681 2234 707 2265 9)
731 2232 811 2260 Idem
830 2244 887 2270 pro
910 2232 1026 2260 Scauro
1043 2237 1111 2265 994,
1140 2236 1174 2263 In

233 2271 422 2309 eloquutione
440 2277 497 2299 est:
528 2272 663 2300 Detrahe
686 2279 727 2307 te,
750 2275 800 2302 sed
826 2275 883 2303 iam
908 2275 1022 2302 Gudius
1045 2276 1075 2302 in
1096 2287 1176 2305 inar-

233 2314 300 2352 gine
321 2313 435 2341 notavit
454 2314 608 2351 legendum
632 2325 692 2343 esse
712 2317 753 2346 D.
771 2316 806 2344 de
822 2323 863 2353 te,
888 2317 967 2354 quod
990 2317 1020 2344 in
1047 2318 1117 2347 cod.
1143 2320 1175 2347 A.

233 2356 272 2385 M.
295 2360 347 2384 est.
390 2356 483 2384 Locus
506 2361 547 2384 est
580 2356 609 2384 in
641 2357 785 2394 Fragnim.
807 2364 880 2386 orat.
902 2370 956 2397 pro
985 2360 1095 2386 Scauro
1124 2362 1175 2392 36,

233 2398 327 2427 Nobb.
347 2408 413 2437 pag.
440 2400 527 2430 1135.
550 2398 624 2428 Tum
645 2399 676 2428 in
700 2400 770 2430 cod.
792 2402 846 2431 Gu.
868 2401 991 2440 legitur:
1016 2401 1106 2430 Mla]
1127 2414 1175 2430 ar-

783 1430 912 1463 Desiste
947 1430 1016 1464 hoe
1045 1431 1166 1465 facere.
1203 1432 1295 1476 Virg.
1332 1432 1415 1464 Aen.
1447 1428 1572 1466 X11.²³.·
1614 1430 1754 1465 Desiste
1783 1441 1927 1464 manum
1956 1430 2170 1464 committere

1219 1599 1273 1628 dos
1290 1602 1417 1640 Appios.
1441 1600 1551 1629 Deinde
1567 1600 1693 1630 ibidem:
1716 1599 1752 1629 de
1768 1599 1918 1630 Scauri-s·
1931 1600 2038 1639 fama.
2058 1614 2101 1621 —
2123 1596 2168 1636 10)

1223 1644 1329 1671 Voluit
1354 1645 1387 1673 A.
1405 1645 1444 1674 M.
1465 1649 1545 1672 recte
1571 1644 1684 1672 Volunt
1709 1644 1780 1673 Cod.
1806 1644 1862 1671 Gu.
1883 1658 1924 1664 --
1955 1641 2001 1681 11)
2023 1641 2105 1670 Idem
2133 1640 2168 1670 ele

1218 1684 1326 1724 Sappl.
1355 1688 1387 1716 A.
1409 1687 1445 1716 M.
1470 1686 1577 1715 omisso
1605 1687 1703 1723 Nam,
1726 1687 1795 1715 loco
1815 1696 1876 1714 nou
1895 1684 2037 1715 indicato.
2059 1700 2099 1705 —-
2123 1681 2167 1723 12)

1220 1728 1301 1757 Ideni
1328 1730 1360 1756 in
1385 1730 1451 1757 Cat.
1483 1731 1523 1758 II.
1547 1732 1576 1760 8.
1611 1729 1644 1757 A.
1666 1728 1705 1758 M.
1738 1744 1776 1750 —-
1816 1728 1861 1765 13)
1889 1728 1975 1765 Virg.
2009 1727 2116 1764 Georg.
2142 1728 2166 1755 Ι.

1218 1773 1288 1802 290.
1316 1773 1349 1799 A.
1376 1772 1414 1799 M.
1449 1787 1490 1793 -
1529 1775 1568 1806 14)
1595 1772 1658 1800 Act.
1683 1771 1714 1798 iu
1737 1770 1821 1799 Verr.
1847 1769 1885 1798 11.
1907 1770 1957 1797 lib.
1980 1769 2004 1798 Ι.
2027 1779 2090 1807 cap.
2113 1770 2166 1800 31.

1218 1813 1270 1841 ubi
1286 1818 1344 1841 est:
1368 1815 1574 1850 Lampsaceni
1587 1830 1602 1835 -
1621 1829 1635 1835 -
1653 1811 1774 1851 deficere
1795 1812 1833 1840 αῖ)
1852 1812 1975 1850 imperio
1998 1821 2034 1839 ae
2047 1811 2168 1838 nomine

1218 1862 1319 1883 nostro
1342 1856 1490 1885 rolebant.
1515 1855 1665 1887 Cod..Gu.
1692 1854 1826 1883 exhibet:
1858 1855 1976 1881 nomine
2003 1864 2061 1881 non
2086 1852 2168 1881 vale-

1218 1898 1280 1927 bat.
1305 1915 1345 1920 —
1370 1898 1416 1936 15)
1439 1898 1502 1927 Sal.
1525 1896 1595 1936 lug.
1621 1898 1671 1929 65.
1693 1897 1727 1926 A.
1751 1897 1788 1925 M.
1811 1897 1879 1935 Cap.
1903 1899 1951 1928 61.
1976 1896 2056 1924 Cort.
2086 1894 2167 1925 Gerl-

1219 1940 1270 1968 ubi
1295 1940 1383 1977 vulgo
1405 1940 1442 1967 ab
1467 1951 1497 1967 se
1517 1939 1575 1976 def
1601 1939 1681 1977 quod
1706 1939 1765 1967 iam
1788 1939 1904 1966 Cortius
1929 1942 2106 1967 correxerat.
2125 1953 2167 1960 —

1219 1985 1266 2019 16)
1294 1983 1379 2020 isis-g.
1403 1983 1476 2011 Am.
1504 1983 1556 2011 VJ.
1584 1983 1654 2014 143.
1678 1981 1713 2011 A.
1738 1981 1776 2011 M.
1804 1982 1888 2019 Virg.
1916 1981 1968 2011 Vl.
1990 1981 2067 2010 Aen.
2094 1979 2166 2009 Cod.

1220 2025 1276 2053 Gu.
1295 2026 1401 2052 Primo
1422 2024 1524 2053 addidi
1547 2034 1561 2052 e
1577 2024 1647 2053 cod.
1666 2024 1720 2052 Gu.
1743 2024 1864 2052 Avus-vo
1882 2024 2020 2051 mendose
2044 2021 2167 2051 exhibe-

1217 2066 1269 2095 bat
1292 2067 1363 2097 cod.
1393 2068 1425 2097 A.
1445 2067 1483 2095 M.
1514 2083 1556 2088 -
1588 2065 1632 2107 17)
1663 2067 1699 2094 Ut
1721 2065 1757 2094 de
1776 2068 1829 2093 via
1854 2066 1886 2094 A.
1913 2066 1951 2094 M.
1984 2066 2021 2093 Ut
2041 2065 2103 2092 liic
2131 2062 2167 2092 de

1217 2111 1270 2137 via
1288 2110 1357 2138 Cod.
1372 2110 1428 2138 Gu.
1446 2109 1525 2147 quod
1542 2108 1618 2137 dedi.
1640 2109 1819 2137 Recensetui·
1832 2108 1915 2136 locus
1930 2108 2007 2137 inter
2020 2107 2165 2145 Fragmm.

1217 2152 1254 2180 de
1270 2153 1339 2190 Rep.
1366 2151 1385 2180 Ι.
1407 2154 1457 2183 43.
1475 2154 1524 2182 67.
1542 2151 1632 2179 orell.
1659 2168 1694 2172 —
1720 2154 1765 2186 18)
1792 2151 1878 2189 Vll-g.
1901 2151 1970 2180 Ecl.
1997 2150 2086 2179 VIII.
2114 2150 2164 2181 88.

1217 2194 1249 2223 A.
1274 2195 1312 2222 M.
1334 2210 1375 2215 -—
1400 2193 1442 2233 19)
1471 2194 1530 2222 Cic.
1552 2193 1587 2221 de
1609 2194 1683 2232 Rep.
1712 2195 1736 2222 I.
1762 2195 1851 2225 1002.
1875 2192 1908 2223 A.
1932 2192 1970 2221 Μ.
1994 2193 2036 2220 De
2055 2192 2124 2230 Rep.
2143 2190 2165 2221 1.

1220 2238 1267 2267 13.
1291 2236 1339 2264 ubi
1358 2237 1445 2274 paulo
1460 2237 1545 2264 aliter
1565 2237 1689 2274 legitur:
1723 2236 1758 2263 Te
1781 2237 1900 2273 ipsum,
1923 2235 2028 2271 Laeli,
2052 2243 2164 2261 omnes-

1219 2289 1275 2316 que
1297 2278 1404 2306 auidos
1426 2280 1591 2317 sapientiae
1618 2279 1750 2316 cognitio
1777 2279 1846 2316 ipsa
1869 2288 1969 2305 rerum
1991 2274 2163 2304 considera—

1218 2322 1321 2358 tioque
1342 2320 1475 2351 delectat.
1500 2322 1634 2349 Ceterum
1654 2320 1809 2348 delectat-ii
1829 2319 1899 2348 cod.
1922 2320 1955 2350 A,
1977 2319 2014 2347 M.
2036 2316 2162 2344 delecta-

1219 2364 1293 2389 verit
1319 2363 1389 2391 cod.
1414 2364 1468 2391 Gu.
1494 2381 1524 2385 -
1554 2362 1599 2400 ΞΟ)
1623 2361 1706 2391 Idem
1729 2364 1761 2390 m
1778 2363 1940 2390 Ilm-tensio
1966 2360 2052 2392 1015-
2072 2358 2103 2386 A·
2124 2357 2160 2386 Μ.

1218 2404 1283 2442 Pag.
1303 2407 1391 2436 1170.
1413 2405 1493 2444 apud
1513 2405 1606 2434 Nobb.
1621 2405 1728 2434 Editur
1745 2405 1786 2433 ibi
1804 2403 1990 2439 delectatur,
2014 2400 2064 2429 sed
2085 2404 2161 2428 uter-
