2263 2668
737 132 966 168 EXEMPLA
996 130 1364 168 ELOCUTIONUM.

1942 140 2016 175 227

177 228 281 262 illum.
316 227 412 273 Virg.
439 225 578 262 Aeneid.
605 223 713 261 xl.¹⁹:
754 227 869 261 Haud
900 227 951 260 ita
984 236 1041 258 me
1075 228 1209 271 experti
1240 227 1356 262 Bitias
1382 232 1415 262 et
1439 228 1636 264 Pandarus
1662 230 1795 276 ingens.
1848 232 2016 278 Expertus

177 280 275 313 illius.
313 279 408 312 Idem
432 278 570 313 Aeneid.
598 279 638 311 X.
648 276 690 312 ²⁰:
723 280 899 325 Expertes
924 277 1004 310 belli
1029 277 1172 310 iuvenes.

76 331 167 377 Eget
189 331 276 364 illius
301 332 361 365 rei.
382 331 476 375 Virg.
505 330 633 374 Georg.
660 328 744 364 11.²¹:
769 330 832 365 Nil
857 328 992 362 radicis
1017 333 1121 373 egent
1147 328 1251 364 aliae.
1304 330 1396 374 Eget
1420 330 1477 363 illa
1503 342 1549 366 re.
1574 331 1669 365 Idem
1692 332 1774 365 Aen.
1792 329 1878 366 11.²²:
1908 332 2016 380 [512]

178 382 259 416 Non
286 383 351 416 tali
385 382 516 415 auxilio
547 392 611 414 nce
645 381 886 427 defensoribus
917 380 992 413 istis
1030 380 1182 425 Tempus
1216 384 1307 425 eget.

1366 381 1480 425 Egens
1506 380 1635 415 illius²³.
1669 383 1765 416 Idem
1795 385 1878 418 Aen.
1909 385 2018 420 Vlll.:

178 432 259 467 Non
285 437 319 467 te
340 432 485 466 rationis
512 436 684 477 egentem.
736 434 873 478 Egenus
898 431 994 464 illius.
1021 431 1119 464 Idem
1139 432 1222 465 Aen.
1250 432 1276 465 1.
1287 429 1311 449 ²⁴
1320 443 1329 465 z
1360 432 1527 467 Omnibus
1554 434 1742 468 exhaustos
1768 435 1840 468 iam
1867 436 2018 479 casibus,

179 484 330 518 omnium
356 494 494 530 egenos.

77 535 198 571 Evado
222 536 285 571 his.
312 536 407 580 Virg.
434 536 516 568 Aen.
543 530 651 567 IX.²5:
682 533 929 581 Quaecumque
955 534 1105 567 evaserit
1131 533 1244 569 undis.
1294 533 1416 567 Evado
1436 534 1510 571 hos.
1536 533 1684 569 Idem²⁶2
1710 535 1859 582 Iamque
1882 538 2018 585 impru-

181 587 267 620 dens
293 590 456 620 evaserat
482 586 606 619 hostes.

78 639 202 673 Exulat
226 638 289 670 illis
315 638 405 672 locis.
432 637 527 682 Virg.
555 637 684 681 Georg.
710 634 821 670 111.²⁷:
848 636 989 682 Ignolis
1017 637 1136 669 exulat
1163 636 1242 670 oris.
1268 636 1392 670 Exulat
1417 649 1519 681 usque
1546 638 1589 671 ad
1615 638 1672 671 illa
1697 638 1783 673 loca.
1811 639 1907 686 Virg.
1934 642 2018 675 Aen.

181 686 289 722 X1.²⁸:
314 689 462 722 Atrides
488 688 634 722 Prolliei
660 687 844 722 Menelaus
870 688 921 720 ad
946 699 1053 732 usque
1078 688 1258 721 columnas
1282 688 1428 722 Exulat.

78 740 249 786 Egi-edim·
268 740 328 773 illo
355 741 440 774 loco.
470 740 563 785 virg.
595 740 683 777 Λευ,
717 736 810 775 11.²⁹:
843 740 910 773 Est
936 739 1022 772 urbe
1048 739 1202 784 egressis
1227 740 1386 773 tumulus.
1423 740 1493 773 Cic.
1519 751 1581 784 pro
1607 737 1794 785 Ligario³⁰:
1826 740 1943 775 Domo
1969 747 2020 776 est

181 802 354 837 egressae.
406 793 568 837 Egressus
594 791 686 824 illam
713 803 792 826 rem.
819 791 886 824 Sal.
914 791 998 825 Hist.
1026 788 1101 824 1.³¹:
1143 790 1238 825 Gens
1263 802 1350 825 raro
1376 802 1525 837 egressa
1545 791 1643 838 fines
1668 803 1756 826 suos.
1809 793 1906 826 Idem
1933 794 2018 827 Hist.

180 843 239 876 111.
251 839 292 876 ³²:
324 843 517 889 Postquam
543 853 707 888 egressus
732 843 929 888 angustias.

81 911 160 947 Exit
185 911 244 944 illa
270 923 314 946 re.
349 911 418 945 Cic.
447 912 491 945 de
518 913 608 956 Rep.
634 907 709 945 1³³:
742 910 956 944 Nuncialum
990 914 1040 943 est
1071 910 1188 944 venire
1220 911 1382 944 Laelium
1417 911 1586 955 domoque
1618 911 1690 944 iam
1724 911 1843 945 exisse.
1896 911 1975 944 Exit
2002 924 2021 945 e

183 963 273 996 loco.
302 963 373 998 Cic.
402 963 446 997 de
472 958 699 1008 Suppliciis³⁴z
740 963 786 996 Ut
810 965 935 996 exeunt
962 972 980 994 e
1007 961 1132 995 Sicilia
1155 963 1367 1007 praedones.
1394 963 1472 995 Exit
1498 963 1589 995 illam
1615 974 1694 995 rem.
1721 963 1814 1007 Virg.
1829 964 1913 997 Aen.
1932 959 2022 998 V.³⁵:

189 1015 345 1060 Corpore
370 1015 443 1048 tela
468 1016 573 1048 modo
599 1018 704 1058 atque
729 1015 837 1047 oculis
857 1013 1086 1059 vigilantibus
1112 1015 1192 1049 exit.
1245 1014 1358 1047 Idem:
1382 1014 1430 1046 Et
1456 1014 1525 1046 vim
1552 1013 1682 1047 viribus
1704 1015 1783 1048 exit.

80 1065 172 1100 Emit
200 1065 243 1099 de
270 1078 332 1099 me.
368 1066 438 1099 Cic.
465 1077 528 1110 pro
554 1062 728 1098 Rosciofflf:
767 1065 869 1111 Quae
904 1066 950 1098 de
977 1065 1052 1098 viro
1085 1066 1279 1099 clarissimo
1313 1070 1345 1098 et
1369 1065 1568 1111 fortissimo
1600 1076 1676 1098 sese
1709 1065 1794 1098 dicit
1827 1064 1949 1097 emisse
1981 1064 2021 1097 L.

188 1117 368 1151 Cornelius
400 1117 658 1162 Chrysogonus.
711 1117 801 1149 Emit
828 1129 846 1149 a
872 1129 935 1150 me.
957 1117 1053 1150 ldem
1080 1117 1123 1150 de
1151 1114 1380 1161 Suppliciisffl:
1412 1116 1517 1163 Quod
1541 1128 1564 1149 a
1590 1117 1685 1149 malo
1706 1120 1848 1149 auclore
1875 1116 1966 1149 emit.

80 1168 229 1214 Expellit
256 1168 325 1202 hoc
351 1168 429 1202 loco
442 1166 476 1201 ³³.
504 1168 574 1201 Cic.
602 1179 664 1212 pro
692 1167 849 1201 Cornelio
877 1169 920 1201 1.:
956 1168 1077 1202 Satius
1109 1169 1282 1202 hominem
1319 1169 1484 1201 miserum
1517 1172 1621 1212 atque
1660 1168 1870 1200 innocentem
1899 1164 2020 1212 [513]

184 1220 273 1264 eripi
298 1219 339 1253 P.
362 1219 427 1260 R..
463 1220 592 1264 expelli
620 1221 754 1264 patria,
782 1220 903 1253 divelli
929 1231 952 1252 α
977 1220 1056 1253 suis.
1108 1221 1259 1264 Expellit
1285 1232 1323 1253 ex
1350 1220 1419 1253 hoc
1441 1215 1563 1254 loco³⁰.
1590 1219 1685 1252 idem
1712 1230 1774 1263 pro
1789 1218 1918 1251 Sextio:
1944 1217 2023 1250 Ex-

176 1271 280 1316 pellit
307 1281 351 1304 ex
363 1267 501 1316 patria.

79 1322 210 1367 Expers
235 1321 324 1354 illius
350 1322 408 1356 rei.
434 1322 504 1356 Cic.
527 1322 571 1355 de
591 1318 728 1366 Repfl:

181 1384 243 1407 ma
269 1377 374 1418 atque
388 1372 549 1418 fortunis
575 1378 733 1419 expertes
759 1385 886 1409 sumus.

554 1271 703 1314 Exponit
728 1283 748 1304 a
774 1271 862 1304 loco.
890 1271 960 1305 Cic.
983 1283 1046 1315 pro
1074 1271 1231 1305 Cornelio
1258 1268 1349 1305 11.⁴⁰:
1375 1271 1582 1316 Expelleret
1608 1282 1632 1303 a
1659 1269 1945 1315 dispensantibus.

763 1322 910 1367 Negotia·
931 1322 1069 1368 publici
1096 1334 1230 1370 expers.
1283 1324 1413 1368 Expers
1440 1323 1500 1356 illa
1525 1334 1571 1356 re.
1597 1322 1665 1356 Sal.
1689 1322 1775 1354 Bell.
1803 1317 1923 1355 Cat.⁴'²:
1949 1319 2023 1352 Fa—

80 1424 249 1471 Egregius
275 1425 335 1458 illa
360 1436 406 1459 re.
438 1425 533 1470 Virg.
554 1426 638 1458 Aen.
666 1425 724 1458 Vl.
735 1422 778 1458 4³:
810 1426 1016 1471 Egregium
1041 1425 1169 1471 forma
1196 1426 1353 1458 iuvenem
1383 1429 1416 1458 et
1439 1424 1666 1470 fulgentibus
1688 1423 1805 1457 armis.
1856 1421 2023 1466 Egregius

181 1476 269 1510 illius
294 1476 351 1511 rei.
378 1476 473 1522 Virg.
495 1478 579 1510 Aen.
607 1473 716 1510 XL⁴⁴2
742 1476 998 1523 Egregiusque
1024 1478 1140 1512 animi.
1167 1477 1287 1511 Salust.
1312 1476 1397 1512 Hist.
1421 1477 1465 1509 1.:
1491 1476 1679 1521 Egregius
1704 1475 1859 1508 militiae.
1912 1473 2024 1517 Egre-

82 1593 163 1634 apud
185 1593 246 1623 Cic.
271 1594 454 1626 collectores.
477 1611 519 1618 —
550 1593 595 1636 17)
622 1596 710 1635 Vizg.
736 1597 845 1635 Geor-g.
867 1595 945 1627 1111.
963 1598 1032 1630 156,

81 1637 116 1665 A.
141 1636 180 1668 M.
205 1638 413 1676 Experiamur
439 1638 510 1666 cod.
535 1638 591 1668 Gn.
622 1655 664 1660 ——
692 1637 738 1677 18)
767 1640 827 1668 Ter.
849 1642 928 1670 Eun..
952 1640 981 1672 4.
1002 1643 1031 1672 7.

82 1681 133 1712 19.
156 1680 192 1708 Δ.
207 1680 246 1710 Μ.
263 1682 405 1719 Experiri
425 1680 523 1709 verbis
545 1680 638 1710 edidit
654 1681 687 1711 A.
704 1681 743 1709 M.
756 1686 790 1710 ut
811 1687 855 1710 est
870 1683 901 1710 in
916 1682 1032 1720 aliquot

81 1721 149 1750 edd.
169 1722 248 1761 apud
269 1723 449 1752 Terentium.
466 1723 524 1752 Sed
541 1723 613 1754 Cod.
631 1728 756 1762 uterque
778 1725 895 1763 ignorat
916 1735 945 1754 v.
961 1735 1030 1754 ver-

82 1763 144 1801 bis,
166 1770 255 1794 recle.
276 1782 319 1787 —
343 1767 389 1803 19)
420 1766 507 1804 Virg.
530 1766 605 1794 Aen.
621 1767 680 1796 XI.
705 1769 777 1798 396·
799 1767 832 1797 A.
855 1768 894 1796 M.
920 1784 956 1789 -
981 1765 1027 1808 ΞΟ)

83 1805 165 1835 Idem
180 1808 220 1837 X.
238 1810 309 1839 173.
325 1808 358 1838 A.
372 1808 413 1837 M.
436 1807 595 1848 Expertes
609 1809 680 1839 Cod.
697 1810 731 1839 A.
749 1809 787 1838 M.
809 1826 851 1831 --
873 1810 920 1848 21)
943 1810 1030 1848 Wrg.

86 1849 193 1888 Georg.
216 1848 258 1878 ῙῙ.
281 1853 330 1882 28.
354 1850 388 1879 A.
404 1851 443 1880 M.
469 1868 504 1873 —
530 1850 576 1887 22)
600 1850 683 1880 Idem
698 1851 773 1883 Aen.
795 1853 834 1881 II.
856 1853 927 1885 521.
950 1853 1030 1882 A.M.

84 1907 124 1913 —·
151 1890 197 1930 23)
220 1893 321 1929 Egens
347 1893 437 1921 illius
462 1895 507 1922 rei
531 1895 564 1923 A.
592 1894 630 1924 M.
665 1894 755 1923 Abest
777 1896 820 1923 rei
842 1905 856 1922 a
882 1894 953 1925 Cod.
979 1895 1034 1924 Gu.

84 1933 166 1962 Idem
194 1934 279 1962 VIII.
303 1937 376 1966 299.
399 1937 434 1966 A.
454 1936 494 1965 M.
524 1953 566 1958 —
595 1937 642 1974 94)
668 1936 748 1965 Idem
773 1936 797 1966 Ῑ.
829 1939 900 1968 599.
935 1938 966 1965 A.
993 1936 1030 1965 M.

83 1978 239 2006 Exclu-ctos
255 1977 326 2004 eod.
341 1977 373 2006 A.
392 1978 431 2007 M.
453 1994 497 2000 —
517 1978 563 2017 25)
580 1978 661 2008 Idem
680 1978 787 2008 VIIII.
811 1981 861 2011 99.
885 1980 918 2007 A.
935 1979 971 2007 Μ.
992 1995 1027 1999 --

84 2019 132 2056 96)
159 2017 241 2047 Idem
268 2020 300 2046 in
330 2019 429 2048 eodem
452 2023 522 2052 386.
546 2022 578 2050 A.
604 2022 641 2049 M.
672 2037 711 2044 ο-
739 2023 787 2058 27)
818 2020 899 2050 Idem
925 2022 1029 2058 Geor-g.

85 2062 146 2091 ΙΙΙ.
164 2063 236 2093 225.
258 2061 294 2089 A.
310 2061 348 2089 M.
371 2078 412 2084 —
433 2063 481 2101 28)
505 2062 586 2091 Idem
602 2063 676 2094 Aen,
692 2064 748 2092 XI.
763 2065 834 2095 262.
850 2064 881 2093 A.
901 2063 940 2092 M.
958 2065 1031 2091 Pro-

85 2103 146 2131 thei
169 2108 262 2140 uterq.
291 2103 361 2133 Cod.
387 2106 491 2132 Protei
514 2106 593 2144 apud
622 2106 701 2143 Virg.
729 2121 771 2127 ·—-
800 2105 845 2142 29)
879 2104 959 2133 Idem
988 2106 1028 2134 II.

84 2148 156 2178 713.
175 2146 209 2174 A.
226 2145 265 2174 M.
283 2147 335 2174 Ex
353 2147 425 2174 urbe
441 2147 510 2176 Cod.
528 2149 583 2177 Gu.
601 2163 641 2170 --
664 2149 712 2184 30)
735 2146 794 2175 Pro
814 2148 885 2184 Lig.
902 2150 930 2177 2.
948 2147 980 2175 A.
992 2147 1029 2177 M.

85 2204 125 2210 —
143 2190 189 2223 31)
209 2188 271 2217 Sal.
290 2188 374 2219 Ilisl.
392 2191 415 2218 Ι.
436 2192 481 2221 19.
505 2189 538 2217 A.
555 2190 592 2218 M.
609 2190 753 2227 Fragmm.
775 2189 796 2217 1.
819 2191 868 2219 29.
886 2189 965 2218 Gerl.
989 2206 1030 2212 —

84 2233 133 2268 32)
158 2229 240 2258 [dem
262 2231 319 2259 III.
342 2233 389 2262 12.
411 2232 443 2259 A.
459 2231 496 2259 M.
516 2232 662 2269 Fragmm.
683 2232 729 2259 lll.
747 2232 798 2262 23.
822 2231 901 2259 Gerl.
921 2247 962 2254 -—
984 2233 1030 2267 33)

85 2273 168 2302 Idem
185 2272 220 2300 (le
234 2273 309 2310 Rep.
329 2275 351 2302 I.
374 2275 463 2304 1001.
478 2273 511 2302 A.
532 2274 569 2301 Μ.
587 2275 788 2302 Mmiz'amm
806 2273 837 2300 A.
858 2273 894 2301 M.
914 2290 955 2295 -—
981 2272 1030 2315 34)

86 2316 197 2344 Locum
225 2325 284 2343 non
311 2315 455 2344 indicavit
478 2315 511 2342 A.
530 2315 567 2345 M.
602 2318 654 2345 Ex
678 2316 787 2342 istc-ilia
814 2315 884 2344 Cod.
908 2317 966 2346 Gu.
991 2331 1029 2337 -

85 2359 137 2394 35)
165 2358 249 2396 Virg.
272 2357 346 2386 Aen.
375 2358 412 2389 V.
433 2358 502 2389 438.
527 2356 562 2386 Α.
578 2357 614 2385 Μ.
636 2358 711 2385 Iluie
735 2358 870 2397 exemplo
886 2358 965 2397 quod
985 2358 1030 2386 al-

85 2404 184 2430 terum
213 2399 404 2438 subiungitur
429 2400 461 2428 in
488 2399 558 2428 eod.
587 2400 640 2428 Gu.
669 2399 750 2429 {clem
776 2417 812 2421 —
837 2402 912 2438 exit,
949 2401 1030 2431 deest

1077 1595 1158 1637 apud
1182 1595 1214 1624 A.
1229 1594 1268 1624 Μ.
1289 1594 1385 1623 Locus
1403 1598 1446 1622 est
1469 1593 1548 1631 Virg.
1569 1593 1637 1622 Aen.
1660 1592 1714 1629 XI,
1730 1593 1801 1624 ¹750.
1824 1607 1864 1614 —
1886 1591 1935 1629 36)
1962 1591 2024 1620 Cic.

1069 1651 1128 1679 pro
1146 1639 1258 1668 Roscio
1275 1640 1303 1668 2.
1328 1637 1363 1666 A.
1386 1636 1424 1664 M.
1446 1637 1565 1664 Lucius
1589 1636 1677 1665 Corn.
1699 1635 1912 1672 Chrysogonus
1932 1633 1965 1662 A.
1984 1633 2023 1661 M.

1073 1699 1116 1704 —
1139 1680 1184 1720 37)
1209 1679 1290 1708 Idem
1308 1678 1343 1706 de
1367 1678 1473 1715 Snppl.
1494 1681 1545 1710 22.
1566 1677 1601 1707 A.
1618 1678 1655 1706 M.
1675 1677 1741 1706 Act.
1756 1677 1787 1705 in
1808 1676 1890 1705 Verr.
1912 1675 1949 1703 11.
1968 1674 2023 1704 lib.

1073 1725 1110 1761 V,
1127 1727 1175 1755 22.
1200 1723 1329 1751 Emisset
1346 1719 1454 1757 legitur
1475 1720 1554 1758 apud
1577 1720 1636 1749 Cic.
1666 1736 1705 1741 —
1732 1717 1778 1757 38)
1801 1718 1885 1745 Hanc
1904 1726 2023 1745 omnem

1073 1765 1292 1804 eloquutionem
1308 1772 1374 1790 cum
1389 1763 1525 1800 exemplo
1546 1771 1600 1790 suo
1617 1761 1716 1790 omisit
1731 1760 1765 1789 A.
1787 1760 1825 1790 M.
1841 1760 1936 1788 Locus
1952 1769 2021 1787 ora-

1073 1809 1164 1837 fionis
1189 1807 1210 1835 I.
1239 1815 1294 1844 pro
1319 1804 1454 1833 Cornelio
1480 1814 1562 1832 nunc
1589 1804 1718 1842 primum
1742 1803 1774 1830 in
1804 1803 1903 1830 lucem
1924 1802 2023 1830 editur

1076 1848 1305 1887 fragmentisque
1340 1846 1531 1875 ascribendus
1564 1851 1628 1883 est,
1660 1846 1786 1874 sortasse
1808 1844 1886 1873 inter
1916 1846 1963 1875 17.
1994 1849 2023 1872 et

1079 1895 1125 1924 18.
1147 1891 1198 1920 lib.
1225 1890 1246 1919 1.
1274 1890 1419 1926 Fragmm.
1449 1894 1534 1920 oratt.
1559 1899 1615 1928 pro
1643 1888 1730 1917 Corn.
1755 1886 1956 1915 collocandus.
1979 1902 2022 1907 —

1075 1935 1124 1971 39)
1153 1931 1284 1970 Expellam
1311 1931 1346 1959 de
1377 1932 1441 1959 loco
1467 1931 1607 1960 mendose
1634 1931 1667 1962 A.
1689 1931 1727 1959 M.
1748 1940 1764 1958 e
1787 1930 1858 1958 Cod.
1887 1929 1920 1957 In
1942 1929 2022 1956 nolis

1075 1974 1299 2011 animadvertit,
1331 1973 1521 2003 scribendum
1545 1984 1605 2002 esse
1626 1985 1660 2002 ex
1685 1974 1765 2008 loco,
1788 1972 1837 2001 vel
1861 1976 1962 2010 postea
1989 1971 2022 1999 in

1074 2018 1211 2056 exemplo
1232 2016 1267 2045 de
1280 2017 1396 2055 patria.
1420 2017 1582 2055 Utrumque
1598 2017 1705 2045 falsum
1721 2025 1796 2051 esse,
1821 2015 1931 2042 evincit
1948 2013 2020 2043 eod.

1075 2062 1131 2091 Gu,
1149 2060 1231 2088 cuius
1245 2059 1401 2087 lectionem
1418 2059 1560 2088 dedimus.
1582 2059 1634 2087 Est
1651 2063 1724 2088 orat.
1746 2068 1800 2096 pro
1820 2059 1902 2086 Sext.
1925 2067 1950 2085 c.
1973 2059 2020 2087 13.

1072 2119 1114 2125 —-
1136 2102 1181 2142 40)
1205 2101 1286 2131 Idem
1304 2112 1363 2140 pro
1397 2102 1483 2131 Corn.
1508 2104 1548 2131 II.
1571 2104 1641 2133 991.
1671 2102 1707 2130 A.
1727 2101 1766 2129 M.
1793 2101 1940 2137 Fragmm.
1964 2109 2020 2137 pro

1074 2146 1161 2174 Corn.
1174 2145 1209 2182 ll,
1226 2147 1275 2176 17.
1292 2144 1387 2174 Nobb.
1409 2161 1452 2166 —
1476 2144 1524 2183 41)
1541 2143 1622 2173 Idem
1645 2143 1680 2172 de
1703 2144 1777 2181 Rep.
1801 2145 1893 2174 1001.
1916 2142 1948 2170 A.
1979 2141 2018 2170 M.

1074 2188 1116 2216 De
1132 2189 1204 2226 Rep.
1224 2187 1245 2225 l,
1262 2190 1291 2223 2,
1305 2189 1334 2218 3.
1353 2187 1445 2215 Orell.
1471 2203 1499 2208 —
1533 2185 1580 2227 42)
1598 2187 1661 2216 Sal.
1683 2186 1750 2215 Cat.
1769 2186 1819 2217 34.
1835 2186 1867 2213 A.
1885 2184 1921 2213 M.
1947 2184 2016 2220 Cap.

1074 2233 1124 2262 83.
1150 2230 1227 2259 Cort.
1257 2230 1338 2258 Gerl.
1365 2244 1408 2251 —
1438 2227 1485 2271 43)
1513 2230 1597 2268 Virg,
1625 2229 1701 2259 Aen.
1737 2228 1788 2257 Vl.
1817 2229 1886 2259 862.
1917 2226 1951 2253 Α.
1976 2224 2017 2253 Μ.

1078 2274 1162 2311 Virg.
1184 2272 1258 2301 Aen.
1284 2274 1323 2302 Π.
1350 2272 1421 2301 Cod.
1441 2272 1498 2301 Gu.
1528 2272 1637 2303 Verba:
1668 2273 1803 2300 iuvenem
1826 2268 2016 2306 etsulgenti-

1073 2315 1127 2344 bus
1149 2316 1244 2343 armis
1266 2314 1369 2343 addidi
1390 2325 1405 2342 e
1428 2314 1498 2345 cod.
1524 2315 1579 2344 Gu.
1608 2330 1650 2336 —
1680 2313 1727 2351 44)
1752 2312 1833 2341 Idem
1856 2311 1932 2338 Am.
1955 2306 2014 2336 XI.

1073 2358 1229 2390 417.A.M.
1240 2357 1416 2396 Exemplum
1431 2367 1446 2385 e
1462 2357 1601 2386 Sallustio
1610 2356 1690 2385 deest
1706 2356 1736 2383 in
1755 2354 1824 2382 Cod.
1838 2353 1870 2381 A.
1881 2352 1937 2385 M.;
1960 2349 2013 2376 ad-

1073 2400 1133 2430 didi
1149 2410 1164 2430 e
1187 2400 1256 2430 Cod.
1279 2401 1335 2431 Gu.
1359 2399 1461 2429 Simile
1478 2400 1675 2437 fragmentum
1699 2408 1714 2425 e
1733 2396 1808 2425 libro
1828 2395 1848 2424 1.
1867 2393 1941 2422 nist.
1960 2399 2011 2418 cx-

1485 2443 1577 2476 Ff*
