2263 2668
273 683 1145 741 SERENISSIMO
1250 681 1899 738 DELPHINO

962 808 999 844 S.
1064 808 1103 842 P.
1167 806 1211 841 D.

498 909 1008 953 ANDREAS
1094 905 1679 951 DAOERIUS.

108 1062 162 1116 Si
189 1083 275 1116 mihi
302 1094 380 1115 cuni
408 1083 480 1115 alio
502 1082 665 1127 principe
690 1093 782 1115 nunc
808 1092 866 1115 res
893 1085 998 1122 esset,
1035 1082 1131 1126 eique
1157 1079 1251 1113 Festi
1273 1078 1422 1123 Pompei
1449 1077 1556 1111 libros
1582 1075 1766 1124 offerrem,
1800 1076 1885 1110 mihi
1902 1075 2065 1121 sortasse

111 1135 303 1168 verendum
321 1133 441 1180 soret,
468 1145 511 1166 ne
537 1134 597 1166 ille
624 1133 811 1167 ditissimos
837 1133 1055 1178 antiquitatis
1076 1133 1263 1166 Romanae
1289 1131 1493 1171 thesauros,
1520 1129 1708 1174 ignorans,
1735 1128 1827 1161 velut
1848 1128 1967 1161 inutile
1987 1138 2064 1160 mu-

108 1197 172 1219 nus
199 1189 462 1231 aspernaretur.
519 1185 594 1218 Tibi
616 1196 699 1218 vero
727 1196 784 1218 eos
812 1185 917 1218 hodie
944 1195 1124 1225 consecro,
1158 1184 1394 1217 DELPumE
1422 1181 1742 1220 SERENISS1ME,
1777 1180 1834 1224 qui
1860 1191 1925 1212 non
1952 1179 2064 1212 solum

105 1238 213 1283 pleno
239 1238 359 1283 gradu
394 1238 429 1270 in
456 1237 640 1270 literarum
666 1237 792 1270 studiis
825 1236 1043 1282 processisti,
1086 1236 1151 1269 sed
1177 1235 1301 1268 intima
1327 1244 1462 1279 quoque
1487 1232 1755 1277 disciplinarum
1778 1231 1980 1276 penetralia
2007 1241 2064 1263 re-

108 1289 251 1329 serasti,
280 1293 312 1322 et
338 1289 389 1322 sic
415 1288 520 1321 etiam
547 1287 745 1321 incredibili
769 1298 910 1333 semper
935 1299 1028 1321 nova
1054 1287 1214 1321 discendi
1236 1286 1430 1331 cupiditate
1453 1284 1589 1317 teneris.
1648 1282 1770 1329 Quare
1792 1286 1863 1315 tuto
1887 1282 2066 1327 augurari

104 1351 210 1386 posse
236 1340 375 1381 videor,
392 1339 481 1386 sore
507 1343 545 1373 ut
570 1340 689 1373 volens
709 1340 954 1385 propitiusque
980 1339 1121 1372 Festum
1145 1338 1352 1384 Pompeium
1380 1336 1555 1381 accipias,
1583 1334 1641 1379 qui
1667 1335 1697 1367 si
1722 1345 1788 1367 non
1815 1345 1949 1366 omnem
1972 1333 2065 1366 sitim

109 1395 207 1425 tuam
235 1392 395 1437 explere,
423 1402 502 1425 cam
529 1395 624 1425 certe
650 1392 760 1425 lenire
780 1391 910 1437 possit,
947 1395 979 1424 et
1007 1391 1235 1436 liquidissimo
1261 1389 1459 1423 salientium
1488 1397 1663 1432 aquarum
1677 1385 1830 1432 flumine
1854 1389 2063 1430 temperare.

114 1443 207 1477 l‘era
240 1444 338 1484 dico,
379 1443 570 1477 DELPfflNE
597 1444 858 1487 Sssnssmssmn,
900 1443 990 1477 inter
1018 1441 1343 1488 praestantissimos
1367 1440 1556 1485 scriptores
1583 1438 1641 1483 qui
1667 1448 1724 1470 rcs
1747 1437 1930 1470 Romanas
1957 1436 2065 1469 literis

108 1495 341 1537 mandarunt,
383 1496 498 1528 nullus
525 1500 573 1529 est
601 1496 660 1540 qui
683 1499 718 1529 te
740 1496 851 1540 plura
879 1494 970 1528 bona
996 1494 1142 1533 doceat,
1186 1494 1255 1527 imo
1289 1497 1320 1525 ct
1348 1493 1422 1537 ipse
1447 1491 1541 1524 solus
1568 1493 1617 1523 est
1645 1489 1703 1534 qui
1729 1493 1763 1522 te
1789 1489 1898 1521 multa
1926 1487 2064 1530 doceat,

109 1557 188 1580 cum
215 1547 295 1580 aliis
320 1546 549 1591 scriptoribus
574 1548 727 1586 intacta,
768 1551 840 1580 tum
869 1551 900 1579 et
927 1546 1165 1591 superioribus
1191 1545 1317 1578 nostris
1342 1543 1493 1577 saeculis
1519 1541 1690 1575 inaudita.

275 1597 358 1642 Ipse
390 1598 532 1642 quidem
565 1597 611 1631 de
643 1598 829 1631 verborum
863 1597 1124 1644 significatione
1150 1598 1184 1630 in
1213 1597 1306 1630 hisce
1332 1593 1591 1629 commentariis
1617 1596 1779 1625 acturum
1804 1601 1842 1624 se
1866 1589 2064 1635 profitetur,

110 1648 173 1681 sed
199 1649 359 1693 quctmvis
385 1649 457 1682 late
479 1653 629 1694 pateant
655 1649 842 1683 verborum
867 1648 1163 1696 significationes,
1197 1647 1441 1695 differentiae,
1474 1644 1726 1690 proprietates,
1763 1652 1873 1687 eaque
1898 1653 1985 1674 vcra
2011 1645 2063 1674 to—

112 1699 178 1732 tius
205 1700 420 1744 eloquentiae
443 1700 687 1746 fundamenta
715 1701 786 1735 dici
807 1702 958 1746 possint,
993 1701 1077 1746 plus
1104 1705 1222 1734 tamen
1246 1699 1352 1732 habet
1378 1699 1413 1731 in
1439 1707 1595 1736 recessu,
1639 1705 1745 1739 quiam
1772 1694 1808 1726 in
1829 1692 1955 1738 frome
1975 1703 2064 1737 pro-

111 1751 222 1783 mittit.
277 1751 375 1785 Ram
409 1752 438 1785 si
466 1753 741 1797 perdiscendum
775 1753 828 1786 ius
855 1753 971 1786 civile.-
1012 1754 1042 1786 si
1069 1752 1337 1797 cognoscendae
1365 1750 1482 1794 leges:
1522 1748 1552 1780 si
1573 1745 1809 1791 percipienda
1835 1745 1945 1778 omnis
1972 1744 2064 1777 anti-

111 1802 243 1846 quitas,
282 1804 460 1836 senatoria
487 1806 717 1845 consuetudo,
752 1805 939 1850 disciplina
963 1804 1213 1850 Reipublicae,
1252 1804 1331 1836 iura
1357 1801 1545 1839 sociorum,
1576 1797 1754 1844 foedera,
1794 1797 1993 1841 pactiones:
2034 1795 2064 1828 si

112 1865 240 1887 caussa
267 1854 405 1899 imperii
432 1857 696 1900 cognoscenda,
723 1867 843 1889 eorum
870 1857 1022 1889 omnium
1038 1855 1162 1901 sontes
1188 1854 1250 1888 tibi
1276 1856 1391 1887 noster
1418 1851 1562 1896 aperiet.
1616 1849 1685 1882 Ille
1711 1847 1773 1882 tibi
1796 1847 1981 1881 duodecim
2005 1850 2062 1879 ta-

113 1905 215 1938 bulas
243 1906 449 1950 explicabit,
483 1908 575 1940 uncle
602 1908 654 1940 ius
680 1919 859 1940 commune
885 1907 1091 1941 Galliarum
1117 1917 1298 1946 manasse,
1334 1905 1407 1937 iam
1433 1903 1495 1936 diu
1523 1905 1572 1936 est
1601 1912 1681 1934 cum
1707 1911 1750 1933 ex
1777 1898 1962 1933 Iustiniani
1988 1897 2062 1930 Im-

109 1957 286 2001 peratoris
312 1961 344 1990 et
366 1959 608 2003 pwmulgatis
634 1963 665 1992 et
693 1960 890 2004 compositis
916 1958 1055 2004 legibus
1082 1957 1284 2003 cognovisti.
1338 1955 1407 1988 Ille
1431 1954 1493 1988 tibi
1517 1957 1612 1987 eruet
1634 1951 1840 1986 veneranda
1861 1950 1946 1983 iuris
1968 1949 2061 1982 Pon-

111 2007 211 2054 tificii
230 2008 488 2048 Rornanorum,
516 2011 696 2043 ritualium
723 2010 908 2049 librorum,
937 2010 1178 2043 commentarii
1202 2019 1385 2042 sacrorum
1413 2006 1640 2039 monimenta:
1669 2004 1769 2048 leges
1790 2001 1932 2046 Regias
1954 2001 2061 2034 inter—

107 2059 324 2104 pretabitur,
354 2060 510 2097 Romuli,
542 2062 649 2101 Tatie',
678 2062 837 2101 Numae,
866 2063 980 2095 Servii
1009 2062 1130 2094 Tullii:
1157 2060 1366 2105 Augur-ales
1393 2058 1499 2091 libros
1526 2057 1674 2090 evolvet:
1707 2053 1944 2098 auspiciorum
1971 2053 2061 2086 ceri-

111 2112 246 2144 monitis
278 2112 484 2153 illustrabit,
515 2113 675 2157 foedera
702 2118 734 2146 et
759 2114 920 2147 Saliaria
948 2114 1110 2146 carmina
1136 2112 1197 2144 vix
1221 2109 1464 2144 sacerdotibus
1487 2109 1558 2142 suis
1583 2107 1670 2141 satis
1695 2105 1938 2150 intelligenda.
1992 2103 2061 2137 Ille

111 2167 144 2196 te
165 2162 374 2196 Senatorum
402 2165 680 2209 reliquorumque
702 2164 987 2210 Magistratuum
1013 2163 1312 2203 consuetudinem,
1358 2162 1487 2195 ducum
1515 2164 1546 2194 et
1572 2160 1826 2204 imperatorum
1851 2156 1958 2197 ritus,
1996 2166 2058 2188 ar-

110 2226 202 2248 cana
229 2215 367 2260 imperii
394 2219 424 2248 et
451 2216 598 2249 militiae
623 2216 848 2260 disciplinam
874 2215 1019 2250 docebit.
1073 2215 1116 2248 In
1141 2215 1183 2248 iis
1209 2214 1386 2260 quaedam
1413 2212 1594 2247 interiecta
1609 2209 1753 2256 fateor,
1774 2209 1964 2242 Dumium:
1991 2206 2059 2239 SE-

111 2277 314 2305 ntzwsslmz,
349 2278 440 2311 quae
467 2270 500 2299 te
525 2268 585 2300 via·
611 2268 727 2312 digna
743 2267 905 2312 sortasse
930 2268 1134 2307 videantur,
1167 2266 1379 2312 praesertim
1406 2276 1451 2299 ea
1476 2266 1593 2298 aetate
1618 2273 1690 2307 qua
1715 2272 1806 2294 nunc
1833 2271 1886 2300 es,
1918 2267 2057 2303 quaque

109 2319 180 2350 iam
208 2318 254 2351 ab
281 2319 501 2352 invictissimo
528 2322 586 2351 tuo
607 2323 758 2363 parente
783 2319 817 2351 in
844 2319 983 2363 imperii
1006 2322 1148 2364 partem
1180 2318 1326 2357 ascitus,
1376 2317 1663 2360 consiliorumque
1695 2313 1847 2346 omnium
1874 2309 2054 2355 particeps

100 2369 244 2414 sactus,
280 2369 366 2403 nihil
399 2371 500 2403 aliud
526 2369 587 2402 tibi
615 2371 796 2415 agendum
821 2371 1009 2415 proponis,
1044 2381 1149 2415 quam
1177 2373 1211 2402 ut
1240 2370 1313 2403 eius
1337 2369 1494 2402 divinam
1521 2365 1754 2411 eloquentiam
1780 2362 1940 2401 imiteris,
1965 2358 2050 2390 sicut

111 2422 182 2455 eius
208 2432 264 2453 res
290 2425 414 2467 gestas
440 2422 520 2455 olim
548 2422 742 2455 imitaberis
774 2433 852 2455 cum
877 2421 993 2467 sactis
1023 2422 1091 2455 tuis
1121 2432 1227 2467 super
1258 2431 1375 2454 omnes
1400 2420 1537 2454 omnino
1563 2419 1795 2463 imperatores
1819 2416 1886 2446 tete
1911 2416 2048 2452 compo-

1545 2479 1574 2510 Ν
1589 2489 1608 2509 n
1630 2477 1649 2500 *
