2263 2668
383 184 457 218 188
1004 187 1143 223 SEXTI
1169 188 1369 225 POMPEII
1395 190 1535 226 FESTI

2036 287 2154 322 Orca

382 340 494 374 genus
527 330 689 363 marinae
721 331 844 366 beluae
877 333 1055 366 maximum
1088 333 1226 377 dicitur,
1277 336 1323 368 ad
1350 337 1447 369 euius
1472 336 1734 370 similitudinem
1759 348 1836 369 vasa
1863 348 1997 381 quoque
2022 339 2153 382 ficaria,

382 390 486 412 orcae
513 379 686 414 dicantar.
709 388 788 417 sunt
812 385 901 417 euim
928 385 1060 428 teretia,
1098 391 1199 429 atque
1225 387 1362 420 informi
1387 388 1503 432 specie
1555 415 1562 422 .
1617 413 1624 420 .
1679 416 1687 423 .
1742 414 1751 422 .
1804 412 1811 419 -
1865 412 1872 420 ·
1927 415 1934 422 .
1986 391 2094 423 malae
2121 395 2155 423 et

380 436 454 462 ante
692 459 699 466 .
754 459 762 467 .
816 463 823 470 .
877 461 885 470 .
1123 444 1265 481 quantae
1291 450 1333 471 ne
1369 464 1377 473 .
1643 467 1650 474 .
1697 466 1704 472 .
1749 467 1756 474 .
1801 463 1808 472 ·
1853 435 1874 488 Η
1905 439 2041 485 Oriri,
2070 441 2152 488 [31]

379 481 492 523 nasci,
519 483 573 516 vet
599 494 751 529 surgere
808 486 923 520 Orba
949 487 1042 531 apud
1067 493 1191 532 poetas
1217 489 1399 536 significat
1422 491 1604 535 privatam
1632 491 1753 536 aliqua
1779 502 1921 534 persona
1948 502 2035 526 cara.
2061 493 2153 537 apud

207 539 245 563 Ὗ.
265 541 367 563 matrem
379 536 553 574 oratores,
601 546 692 580 quae
718 543 865 583 patrem
899 540 1034 582 amisit,
1081 546 1137 574 aut
1169 545 1287 575 matu*
1310 547 1345 574 ut
1371 541 1441 575 Ser.
1469 541 1641 587 Sulpicius
1668 543 1735 584 ait,
1783 553 1874 587 quae
1901 542 2028 577 liberos
2053 545 2153 588 quasi

379 585 492 616 oculos
525 586 608 618 orba
643 594 690 621 est
741 617 750 625 ,
805 618 812 625 .
866 616 872 623 .
927 616 934 622 .
989 616 996 623 .
1050 619 1058 626 .
1114 618 1120 625 .
1174 619 1181 625 .
1236 620 1243 626 .
1298 621 1304 627 .
1357 593 1413 625 tris
1445 599 1493 626 est
1524 600 1599 627 ante
1651 621 1659 629 .

386 635 1534 678 GallusAelius.............O

442 712 448 719 .
492 689 627 722 stantior
667 717 675 723 .
1226 721 1234 727 .
1279 694 1311 727 in
1333 706 1373 728 eo
1393 696 1479 729 libro
1522 721 1530 728 0

379 738 504 772 tificatu
1185 746 1306 791 puella
1347 747 1414 781 sine

1127 803 1230 842 nupta

381 867 387 873 .
443 867 450 874 .
504 867 510 874 .
565 869 572 875 .
1125 849 1320 883 Cornificius
1351 850 1384 883 in

381 902 424 923 on
460 891 591 938 Uginus
1267 901 1463 934 interserunt
1515 927 1522 934 .
1658 930 1664 937 .
1728 928 1736 935 .
1795 928 1803 935 .
1864 927 1871 934 .
1933 927 1939 934 .
2001 926 2008 934 .
2070 929 2078 937 .
2142 929 2150 936 .

379 948 493 976 nactos
545 972 552 979 .
667 971 674 979 .
729 973 737 981 .
791 974 798 981 .
851 975 858 982 .
914 977 921 984 .
974 978 981 985 .
1101 979 1108 986 .
1159 963 1219 987 sse.
1274 952 1466 998 Ortygia
1483 951 1496 974 1
1524 953 1622 986 dicta
1648 958 1698 987 est
1720 954 1850 996 insula,
1878 964 1969 997 quae
1988 954 2152 987 vocitatur

379 1006 466 1028 nunc
492 995 605 1030 Delos
662 997 825 1033 Orbius
851 999 988 1035 clivas2
1008 1003 1148 1036 videtur
1173 1004 1372 1049 appellatus
1401 1016 1469 1038 esse
1496 1005 1540 1038 ab
1567 1005 1723 1044 orbibus;
1758 1016 1828 1050 per
1850 1005 1947 1038 cuius
1967 1003 2151 1051 flexuosos

379 1045 480 1080 orbes
511 1047 627 1082 Tullia
653 1050 723 1082 filia
749 1051 819 1085 Ser.
852 1052 956 1087 Tullii
982 1055 1098 1099 regis,
1139 1059 1171 1088 et
1196 1056 1237 1090 L.
1263 1056 1465 1101 Tarquinius
1492 1056 1664 1101 Superbus
1690 1067 1816 1102 gener,
1855 1056 2035 1102 interfecto
2061 1067 2152 1101 rege

204 1097 650 1143 ‘f·propera-properaverat*
677 1102 853 1137 tendentes
884 1116 955 1138 una
988 1106 1022 1138 in
1056 1107 1183 1151 regiae
1215 1108 1340 1141 domus
1363 1108 1615 1153 possessionem.
1644 1112 1787 1153 coeptus
1814 1111 1863 1141 est
1890 1111 2006 1141 autem
2033 1108 2063 1141 is
2087 1108 2151 1142 cli-

238 1135 329 1158 verant
378 1160 441 1182 vus
467 1152 647 1196 appellari
678 1153 823 1196 Orbius,
869 1157 962 1200 quod
994 1169 1124 1202 pronus
1157 1170 1236 1192 cum
1269 1164 1356 1193 esset
1388 1172 1450 1204 per
1482 1159 1583 1194 orbes
1616 1160 1651 1193 in
1683 1160 1915 1205 exquiliarum
1942 1159 2063 1193 collem
2086 1159 2152 1193 du-

204 1204 242 1230 Ὗ.
252 1204 367 1237 duceret,
378 1211 454 1234 cere
467 1206 489 1244 *‚
528 1203 616 1236 unde
641 1204 770 1239 Orbius
798 1206 844 1240 ab
870 1208 954 1253 ipsis
980 1209 1120 1243 orbibus
1146 1211 1195 1244 sic
1221 1212 1409 1256 appellatus
1437 1216 1496 1246 est.
1553 1209 1798 1245 Oratores³
1827 1222 1871 1244 ex
1897 1210 2039 1244 Graeco
2065 1209 2152 1258 α’ρη-

377 1251 510 1299 τῆρες4
531 1254 638 1288 dictos
666 1257 875 1302 existimant,
908 1261 1001 1304 quod
1029 1261 1079 1294 ad
1105 1272 1212 1306 reg-es
1237 1267 1268 1296 et
1294 1269 1427 1308 gentes,
1462 1263 1518 1306 qui
1545 1264 1633 1296 missi
1660 1267 1762 1296 erunt
1782 1274 1853 1308 pro
1879 1262 2063 1308 republica
2089 1274 2151 1296 ηο-

378 1308 443 1336 stra
470 1316 489 1337 a
515 1307 647 1350 populo
674 1308 716 1341 R.
744 1310 769 1343 ii
795 1313 969 1356 conceptis
994 1312 1108 1346 verbis
1131 1314 1281 1347 solerent
1315 1315 1399 1347 deos
1431 1312 1596 1361 α’ροῖσθαι
1629 1315 1667 1348 id
1701 1318 1750 1347 est
1782 1314 1905 1347 testari
1956 1338 1963 1346 .
2017 1338 2025 1346 .
2079 1341 2086 1347 .
2142 1339 2149 1346 .

227 1353 264 1379 's·
288 1352 351 1380 alias
378 1380 384 1387 .
626 1359 682 1402 qui
735 1386 742 1393 .
794 1362 837 1395 cit
853 1358 874 1411 Η
890 1374 946 1396 eos
972 1365 1074 1397 nostri
1100 1365 1177 1396 alii*
1200 1377 1264 1410 pro
1291 1366 1408 1411 legatis
1433 1366 1625 1411 appellant,
1653 1370 1689 1399 ut
1711 1365 1796 1399 Cato
1822 1366 1854 1398 in
1875 1377 1914 1398 ea
1940 1376 2041 1408 quam
2066 1363 2149 1411 [32]

377 1406 505 1451 scripsit
532 1409 575 1442 de
596 1410 660 1443 suis
677 1412 847 1447 virtutibus
869 1420 984 1448 contra
1010 1415 1215 1450 Thermum:
1242 1417 1291 1450 M.
1310 1418 1464 1450 Fulvio
1492 1417 1660 1451 consuli
1686 1417 1864 1462 legatus
1891 1428 1980 1450 sum
2005 1416 2047 1449 in
2072 1417 2151 1449 Ae-

377 1457 524 1492 toliam
559 1468 792 1506 propterea
832 1466 946 1509 quod
980 1478 1027 1500 ex
1060 1467 1234 1500 Aetolia
1270 1469 1518 1514 complures
1553 1474 1760 1502 venerant
1792 1468 1971 1502 Aetolos
2006 1478 2151 1512 pacem

377 1510 507 1543 velle:
555 1512 606 1546 de
640 1525 687 1547 ea
718 1527 763 1549 re
796 1522 993 1551 oratores
1019 1519 1191 1552 Romam
1218 1521 1465 1564 profectos3
1513 1521 1604 1554 etin
1630 1520 1798 1565 originum
1823 1520 1910 1554 1,.1.
1937 1522 2150 1564 propter*

378 1560 418 1593 id
446 1561 605 1596 bellum
633 1567 778 1610 coepit
806 1568 981 1602 Coelius
1003 1570 1080 1604 PR.
1104 1572 1311 1613 Albanus,
1343 1577 1538 1606 oratores
1564 1572 1681 1605 misit
1706 1573 1886 1605 Romam
1912 1582 2006 1605 cum
2033 1596 2042 1606 .
2070 1596 2077 1603 .
2107 1597 2114 1605 .
2142 1595 2149 1603 -

205 1609 367 1672 'f-tdepgeca·
378 1612 457 1645 alias
482 1625 546 1657 pro
574 1615 799 1652 decretoribus
812 1624 834 1661 *‚
876 1625 911 1653 ut
938 1621 1132 1656 Terentius:

250 1653 287 1670 ⁰¹¹
306 1654 343 1677 '¹⁵’
480 1672 628 1700 orator
656 1670 798 1711 venio,
833 1672 965 1705 facite
994 1679 1193 1706 exorator
1219 1675 1307 1708 sim.

377 1714 461 1748 Item
494 1722 527 1750 et
553 1719 708 1753 Afranius
738 1721 771 1754 in
797 1723 1018 1768 Emancipato
1046 1752 1053 1759 .
1082 1750 1089 1758 .
1118 1725 1144 1758 si
1171 1750 1178 1757 .
1207 1751 1214 1758 .
1242 1750 1249 1757 .
1277 1753 1285 1760 .
1312 1730 1382 1759 tum
1409 1726 1435 1758 si
1463 1725 1558 1770 quod
1590 1726 1694 1760 oritur
1720 1749 1872 1760 .....
1899 1724 1979 1758 alias
2005 1734 2068 1768 pro
2095 1723 2149 1756 di-

378 1768 468 1801 sertis
495 1774 527 1803 et
554 1771 784 1815 eloquentibus
810 1775 853 1808 ab
882 1787 922 1809 eo
950 1776 1042 1819 quod
1070 1777 1194 1820 antiqui
1221 1788 1333 1820 orare,
1379 1777 1535 1812 dicebant
1565 1789 1629 1822 pro
1662 1788 1774 1824 agere.
1808 1777 1854 1811 ob
1879 1788 1980 1821 quam
2006 1786 2149 1811 causam,

383 283 451 311 tem
474 278 673 321 portabant,
702 291 769 323 quo
797 282 955 325 aequiore
982 281 1105 315 habitu
1125 284 1331 328 prodirent,
1359 288 1465 329 atque
1490 288 1527 317 ut
1553 284 1636 318 inde
1660 295 1783 318 nomen
1809 284 1978 321 ducerent.

2014 722 2021 729 .
2062 708 2151 741 pon-

2038 759 2151 782 sacrae

1904 798 2009 833 alicui
2039 799 2152 833 fuisset

234 1507 244 1517 ·
253 1507 270 1531 t'.
290 1516 349 1541 pro-

248 1546 336 1576 pterea

1285 1921 1341 1951 pro
1363 1910 1533 1939 rotundus:
1563 1916 1591 1941 et
1613 1912 1643 1940 in
1665 1911 1802 1941 columna
1829 1913 1957 1939 rostrata
1981 1907 2071 1936 Duilii
2085 1917 2148 1935 ma-

466 1901 490 1941 l)
517 1904 672 1945 Ortygia]
716 1908 790 1937 Cum
810 1909 840 1937 in
869 1910 1030 1949 exemplari
1059 1909 1243 1947 adverbium,
2132 1951 2136 1955 -

1287 1956 1447 1991 cisti-atos,
1476 1965 1531 1993 pro
1557 1956 1777 1994 magistratus:
1808 1952 1952 1989 navebos,
1984 1961 2041 1989 pro
2060 1960 2147 1978 ηαυι-

381 1950 469 1980 nunc,
494 1957 508 1973 a
523 1947 644 1977 librario
664 1950 779 1980 duabus
797 1952 904 1981 litteris
921 1953 1148 1992 superimposita
1165 1954 1243 1982 linea

381 1985 419 2028 fic
435 1987 576 2030 seriptum
594 1992 707 2030 suisset,
724 2004 807 2022 error
822 1995 891 2024 inde
908 1996 1012 2032 fluxit,
1031 2001 1064 2024 ut
1082 2006 1137 2035 pro
1151 2007 1240 2029 nunc,

382 2034 411 2051 ln
426 2027 507 2075 .¹¹b¹”‘.³
538 2033 768 2073 Augustiniano,
808 2048 884 2074 non,
923 2038 1035 2067 editum
1060 2039 1114 2075 sit3
1153 2044 1243 2077 atque

382 2075 467 2096 umus
480 2070 687 2115 litteraelapsu
697 2083 757 2106 tota
769 2080 913 2109 sententia
927 2081 1080 2110 immutata
1090 2081 1137 2110 sit.
1160 2082 1240 2110 Urs-

382 2123 423 2128 —
452 2109 480 2148 2)
500 2114 610 2157 Qrbitts
632 2120 749 2159 clivus]
780 2122 892 2151 Livius.
912 2123 963 2154 lib.
983 2127 1009 2155 1.
1030 2123 1120 2153 habet
1149 2124 1240 2152 Urbi-

384 2159 446 2196 ⁰¹⁴⁸?
468 2158 547 2182 etita
567 2159 653 2187 etiam
669 2164 786 2192 Solinus
803 2175 869 2204 cap.
883 2169 907 2197 1.
926 2167 955 2194 in
971 2166 1153 2195 editionibus
1176 2167 1241 2195 vul-

383 2196 458 2228 gatis
474 2201 674 2243 manuscripti.
707 2206 832 2243 Uibius,-
856 2213 973 2247 praeter
989 2219 1081 2239 unum
1097 2209 1178 2248 apud
1195 2219 1241 2238 me

382 2238 627 2281 vetustissimum,
656 2243 687 2271 in
709 2256 766 2283 quo
791 2255 834 2278 est
863 2251 984 2280 Orbius,
1023 2262 1098 2290 quae
1120 2251 1241 2290 quidem

384 2282 530 2325 scriptura
547 2290 617 2329 vera
641 2290 699 2322 est,
729 2298 795 2318 nam
809 2296 843 2319 ut
864 2293 967 2322 Festus
985 2294 1062 2323 infra
1085 2294 1116 2323 in
1133 2295 1241 2332 OrcuS,

383 2324 495 2357 inquit,
516 2325 646 2362 antiqui,
670 2336 707 2363 u,
727 2329 843 2362 litterae
866 2345 987 2371 sonum,
1020 2347 1091 2374 per,
1117 2347 1150 2373 ⁰,
1173 2337 1241 2366 effe·

383 2360 503 2397 rebant,
538 2370 707 2404 utcontra,
735 2381 771 2408 ο,
799 2384 866 2411 per,
896 2387 925 2406 u.
968 2378 1151 2407 Testimonio
1172 2384 1242 2409 sunt

381 2412 431 2439 ea,
467 2415 541 2443 quae
566 2409 595 2437 in
620 2409 678 2439 hoc
703 2411 865 2450 fragmento
888 2417 1049 2448 habentur:
1088 2423 1240 2459 Putidus,

378 2455 435 2482 pro
456 2448 606 2479 Potitius.-
643 2464 786 2493 sumnus,
826 2467 880 2495 pro
904 2470 1045 2489 somnus:
1075 2463 1240 2499 rutundus,

1286 1997 1353 2027 bus-
1386 1997 1478 2026 Varro
1504 1997 1554 2025 lib.
1570 1998 1598 2029 5.
1626 1997 1663 2026 de
1685 1997 1766 2035 Ling.
1791 1996 1855 2025 Lat.
1879 2004 1978 2023 omnes
2004 1992 2146 2029 Quirites,

1286 2040 1414 2079 equites,
1447 2039 1619 2078 peditesque
1643 2041 1845 2078 magistrates,
1876 2038 2069 2076 privatosque
2090 2039 2145 2064 etc.

1284 2082 1326 2111 ita
1341 2083 1418 2112 enim
1434 2082 1557 2121 legenda
1571 2087 1640 2111 sunt
1654 2082 1743 2111 verba
1760 2080 1916 2117 Van-ouis,
1934 2089 1992 2108 non
2009 2083 2042 2107 ut
2057 2077 2146 2125 vulgo

1282 2125 1432 2163 leguntur.
1477 2125 1585 2154 Omnes
1601 2124 1751 2162 Quirites,
1775 2122 1902 2163 pedites,
1926 2125 2146 2168 armat08‚pr1-

1282 2173 1428 2207 vatesque
1442 2172 1495 2197 ete.
1511 2169 1709 2207 magistrates
1724 2167 1799 2196 enim
1819 2164 1960 2194 librarius
1976 2167 2102 2193 mutant
2114 2172 2143 2210 in

1283 2216 1435 2248 armatos,
1465 2211 1571 2239 omissa
1595 2220 1683 2248 voce,
1718 2211 1846 2248 equites,
1877 2217 1964 2246 quam
1986 2205 2077 2235 habet
2097 2204 2144 2232 Ln-

1283 2254 1350 2282 vius
1369 2253 1421 2284 lib.
1441 2256 1467 2284 1.
1495 2254 1526 2282 in
1548 2263 1608 2292 quo
1625 2252 1666 2281 ita
1689 2252 1800 2281 scribit.
1843 2250 1961 2286 Eduxit,
1988 2253 2022 2278 ut
2044 2255 2142 2276 omnes

1284 2297 1364 2325 cives
1385 2296 1524 2332 Romani,
1555 2295 1687 2334 equites,
1724 2294 1899 2334 peditesque
1915 2296 1971 2321 etc.
2001 2288 2064 2338 ‘Ad
2087 2287 2141 2316 has

1284 2343 1381 2367 autem
1405 2338 1615 2367 intermortuae
1637 2337 1821 2377 antiquitatis
1843 2334 1983 2373 reliquias
1998 2342 2029 2380 in
2045 2331 2140 2377 lucem

1283 2381 1483 2417 revocandas,
1518 2386 1634 2420 praeter
1655 2391 1705 2417 ea,
1741 2390 1814 2418 quae
1836 2387 1926 2416 supra
1944 2375 2138 2422 indicavimus

1283 2424 1376 2460 Livii,
1406 2428 1435 2452 et
1456 2423 1548 2451 Solini
1572 2424 1654 2456 loca,
1691 2422 1770 2450 unde
1792 2421 1829 2450 de
1853 2419 1950 2465 Urbio·
1969 2416 2060 2449 elwa,
2090 2413 2137 2460 f'el

1283 2465 1392 2501 Orbio,
1421 2470 1454 2493 ut
1476 2466 1657 2502 antiquiores
1672 2463 1827 2499 dicebaut,
1849 2467 2031 2498 accepimus;
2054 2455 2137 2484 adm-
