2263 2668
519 145 583 179 DE
610 142 1001 178 SIGNIFICATIONE
1029 143 1312 178 VERBORUM.
1366 145 1510 177 LIBER
1537 145 1575 178 X.

1979 149 2029 183 89

74 233 298 270 Luceres-effi
320 243 352 270 et
378 238 540 280 Luceres,
587 251 675 282 quae
702 250 779 283 pars
806 238 902 271 tertia
928 238 1049 283 populi
1076 239 1221 271 Romani
1249 244 1297 271 est
1323 239 1494 272 distributa
1522 251 1541 271 a
1567 239 1668 271 Tatio
1696 243 1728 271 et
1754 239 1922 282 Romulo,
1966 254 2029 287 ap-

176 288 293 332 pellati
319 286 427 322 sunt³5
450 302 468 322 a
495 291 646 331 Lucero,
686 290 817 323 Ardeae
845 302 943 335 rege,
986 290 1043 334 qui
1070 290 1192 322 auxilio
1220 290 1282 322 fuit
1305 291 1455 323 Romulo
1483 291 1638 323 adversus
1665 291 1803 324 Tatium
1830 292 1976 326 bellanti.

75 349 210 382 Lucani
243 350 403 393 appellati
434 347 633 389 ‹licuntur³⁰,
681 350 775 393 quod
812 362 926 383 eorum
960 350 1054 395 regio
1089 350 1150 382 sita
1184 355 1231 382 est
1258 350 1302 382 ad
1330 356 1460 395 partem
1487 352 1600 384 stellae
1628 351 1806 393 luciferae,
1855 354 1908 387 vel
1935 354 2029 398 quod

176 402 253 434 loca
286 397 449 433 cretosa³⁷
474 399 579 443 sint³”,
628 401 662 433 id
697 407 744 435 est
770 403 896 435 multae
922 402 1021 443 lucis,

177 452 388 486 consederint
398 449 432 484 ³⁹.

1069 401 1122 434 vel
1151 414 1169 434 a
1196 401 1328 435 Lucilio
1364 402 1469 445 duce,
1515 404 1566 436 vel
1594 403 1686 448 quod
1715 403 1865 448 primitus
1891 406 1924 438 in
1950 407 2028 441 luco

78 515 207 546 Lucem
233 513 345 546 facere
372 513 526 546 dicuntur
552 513 696 546 Saturno
724 513 962 556 sacrificantes,
996 513 1033 546 id
1061 517 1109 546 est
1136 514 1248 557 capita
1275 513 1447 558 detegere.

76 565 206 599 Lucius
231 576 436 609 praenomen
464 570 511 597 est
539 565 624 605 eius,
658 563 715 608 qui
741 564 884 609 primum
911 566 990 606 fuit,
1022 565 1100 609 quia
1128 565 1254 598 oriente
1281 565 1356 598 luce
1384 570 1477 597 natus
1505 571 1562 598 est.

76 617 175 661 Lycii
201 616 368 660 Apollinis
397 617 568 649 oraculum
596 616 627 648 in
654 616 758 660 Lycia
786 617 948 650 maximae
975 617 1131 651 claritatis
1159 616 1238 658 fuit,
1280 618 1325 651 ob
1353 618 1511 661 luporum
1540 617 1815 651 interfectionem.

179 669 266 701 enim
293 668 393 711 lupus
420 673 476 702 est.

76 729 180 762 [Δια-α
207 729 358 760 membra
386 724 438 761 e‘u

75 776 303 813 Ιῼιιοιιηῑεηι43
326 791 430 824 genus
458 779 569 823 operis
596 779 732 824 pistorii.

76 831 263 865 Lam-etms
288 843 381 864 mons
408 832 440 864 in
463 831 601 864 Sabinis.

1876 615 1995 657 Λύκος
2005 616 2030 636 ‘¹⁰

459 727 522 760 suis
548 727 630 760 locis
656 732 748 760 mota
775 733 808 761 et
833 728 958 769 soluta,
1000 740 1019 761 a
1043 739 1110 771 quo
1137 728 1323 762 luxuriosus
1334 724 1359 745 ⁴²
1378 728 1411 761 in
1438 740 1473 761 re
1500 728 1652 761 familiari
1680 728 1813 762 solutus.

76 880 324 917 [Λιοοηιοηεε44
349 883 486 927 quidam
515 882 669 915 homines
698 882 742 914 ob
769 882 927 915 insaniam
955 877 1078 923 dicti45,
1127 881 1219 925 quod
1247 882 1341 923 loca,
1387 882 1429 915 ad
1459 894 1544 926 quae
1571 883 1748 923 venissent,
1796 876 1953 914 infesta⁴⁶
1978 881 2030 915 fa-

178 940 300 968 nerent.

76 992 302 1028 Lucomedi⁴⁷
324 1006 343 1026 a
370 994 456 1028 duce
483 1005 542 1027 suo
570 991 760 1027 Lucomo⁴⁸
782 994 879 1037 dicti,
924 994 980 1038 qui
1006 997 1123 1039 postea
1150 993 1354 1028 Lucerenses
1364 990 1388 1010 ⁴⁹
1412 994 1576 1039 appellati
1602 990 1718 1026 sunt⁵⁰.

79 1047 293 1080 Luculenlus
319 1058 338 1078 a
365 1046 441 1080 luce
468 1046 667 1091 appellatus.

82 1095 203 1131 Lues⁵¹

182 1198 306 1243 σεωςῦθ,
346 1201 380 1233 id
409 1205 457 1234 est
483 1202 648 1234 solutione
675 1201 755 1235 auri.

225 1104 273 1131 est
301 1094 463 1130 diluens⁵²
488 1109 593 1141 usque
621 1097 663 1130 ad
691 1096 791 1138 nihil,
834 1102 977 1130 tractum
1004 1109 1023 1129 a
1051 1096 1185 1130 Graeco
1218 1093 1360 1131 Mmffl.

181 1161 274 1182 more
301 1150 427 1190 soluta,
474 1154 507 1183 et
531 1149 698 1190 lustratio,
742 1160 808 1192 qua
835 1149 917 1191 quid
945 1149 1082 1182 solvitur
1110 1160 1149 1182 ac
1175 1148 1343 1182 liberatur.

810 1200 933 1248 Λίτρα
961 1201 1047 1234 enim
1058 1196 1083 1217 ⁵⁷
1105 1200 1193 1233 libra
1220 1204 1277 1233 est.

1421 1097 1510 1130 Hinc
1544 1096 1670 1129 dictum
1706 1096 1811 1128 lutum
1844 1099 1932 1127 terra
1964 1093 2030 1126 hu-

1405 1149 1496 1183 Hinc
1507 1144 1530 1165 ⁵⁴
1553 1153 1586 1182 et
1611 1144 1724 1194 λύτρα
1735 1143 1759 1163 ⁵⁵
1783 1143 1857 1181 α’πό
1883 1146 1945 1192 τῆς
1971 1142 2032 1181 λύ-

78 1261 209 1294 Luctus
236 1265 268 1293 et
295 1261 422 1306 lugere
448 1274 466 1294 a
495 1262 628 1295 Graeco
656 1261 831 1294 trahuntur
856 1263 979 1297 λυπεῖν
1006 1261 1060 1295 vel
1087 1257 1184 1300 λύσις
1209 1260 1292 1306 βίου
1303 1256 1337 1292 ⁵⁸.

80 1313 333 1356 Longilrorsns
360 1312 405 1346 sic
433 1313 570 1353 dicitur,
613 1313 696 1347 sicut
722 1313 927 1354 dextrorsus,
966 1313 1175 1346 sinistrorsus.

78 1363 209 1396 Lustra
229 1361 425 1408 significat⁵⁹
445 1365 578 1398 lacunas
605 1365 746 1407 lutosas,
775 1377 860 1408 quae
887 1370 960 1398 sunt
986 1366 1019 1398 in
1047 1365 1135 1398 silvis
1162 1374 1321 1408 aprorum
1346 1363 1477 1396 cubilia.

1533 1362 1609 1403 Qua
1619 1359 1644 1379 ⁶⁰
1665 1360 1875 1394 similitudine
1897 1359 1949 1402 hi,
1978 1359 2035 1403 qui

180 1415 213 1447 in
248 1415 328 1448 locis
362 1416 480 1449 abditis
513 1423 545 1450 et
572 1417 713 1450 sordidis
742 1418 846 1450 ventri
874 1423 905 1450 et
933 1417 1081 1450 desidiae
1110 1427 1249 1461 operam
1278 1415 1375 1455 dant,
1421 1414 1576 1447 dicuntur
1603 1414 1634 1446 in
1662 1413 1769 1446 lustris
1795 1413 1894 1445 vitam
1922 1422 2033 1456 agere.

179 1467 225 1499 Et
251 1479 353 1510 quum
382 1468 530 1501 eiusdem
557 1469 713 1501 vocabuli
746 1470 855 1513 prima
888 1469 1015 1513 syllaba
1051 1468 1264 1514 producitur,
1311 1466 1475 1512 significat
1509 1478 1597 1500 nunc
1623 1472 1755 1510 tempus
1782 1463 2035 1508 quinquennale,

179 1528 266 1551 nunc
292 1519 413 1563 populi
437 1520 674 1555 lustrationem.

79 1569 264 1614 Lymphae
296 1571 406 1604 dictae
439 1568 544 1604 suntul
569 1583 588 1604 a
615 1571 781 1616 nymphis.

82 1704 183 1731 baccis
198 1703 231 1732 B.
256 1720 298 1725 —
322 1707 366 1742 93)
390 1705 608 1745 quondpastc]
633 1707 681 1735 Sic
698 1707 729 1735 Β.
746 1707 801 1735 Gn.
816 1710 842 1738 1.
854 1710 882 1739 2.
899 1718 944 1746 pr.
978 1718 1036 1746 pa-

82 1747 122 1773 sti
137 1745 248 1784 quond.
265 1746 344 1784 vulg.
390 1750 440 1776 usi
456 1748 612 1788 quond.p.
626 1750 657 1778 Β.
673 1760 717 1788 pr.
761 1750 914 1788 quondam
931 1761 989 1779 om.
1007 1750 1038 1778 L.

83 1804 124 1809 --
146 1791 193 1824 29)
216 1795 286 1817 sunl
301 1789 388 1828 dicti]
406 1791 454 1819 Sic
469 1792 506 1821 M.
523 1793 617 1823 Gu.2.
664 1798 734 1820 sunl
753 1803 810 1821 om.
826 1793 904 1830 vulg.
927 1809 969 1814 —
992 1791 1038 1832 30)

84 1833 160 1858 inter
174 1833 257 1859 viam
271 1833 442 1869 Salariam]
468 1834 501 1864 B.
518 1834 638 1863 eandem
658 1835 783 1872 glossam
800 1837 908 1874 repetit
928 1840 996 1874 post
1010 1844 1039 1863 v.

85 1874 264 1903 Lacrctilis.
309 1876 390 1903 intra
403 1887 486 1905 mare
501 1883 527 1905 et
542 1878 600 1906 sal.
618 1878 666 1913 B.,
690 1878 740 1916 qui
759 1878 853 1906 allero
870 1879 936 1906 loco
953 1877 1041 1905 habet

85 1918 168 1944 intra
187 1917 271 1944 viam
292 1917 349 1945 sal.
370 1935 413 1939 ——
434 1922 479 1953 31)
503 1920 547 1948 ibi
563 1931 593 1948 se
610 1921 846 1959 occultaverint]
871 1921 1042 1949 occultave-

86 1964 155 1986 runt
171 1959 204 1987 B.
220 1959 369 1997 (utroque
387 1961 475 1999 loco)
495 1962 532 1992 M.
578 1964 770 1991 occultarant
789 1964 844 1991 Gu.
857 1967 883 1994 1.
929 1973 960 1990 m
977 1964 1042 2000 ipso

86 2012 116 2029 ce
130 2001 161 2030 B.
180 2001 278 2040 primo
295 2002 370 2031 loco.
415 2004 568 2033 consentit
581 2016 627 2045 pr.
651 2022 691 2027 —
714 2008 759 2044 32)
783 2005 969 2044 appellatur]
993 2003 1043 2031 di<

88 2045 168 2071 citur
188 2044 220 2073 B.
238 2054 282 2083 pr.
305 2060 348 2066 —
369 2047 418 2082 33)
441 2047 509 2086 aes]
534 2058 590 2076 om.
613 2048 644 2076 B.
663 2058 709 2087 pr.
731 2065 773 2070 —
795 2052 840 2085 34)
863 2046 1041 2085 Lucere-ees]

87 2087 137 2114 Sic
151 2086 188 2114 M.
204 2086 260 2115 Gu.
275 2090 300 2117 1.
315 2091 342 2118 2.
386 2089 569 2118 Luem-enses
583 2091 616 2119 B.
632 2101 675 2129 pr.
719 2092 867 2118 Lucre-ses
881 2091 910 2118 L.
934 2105 977 2111 —-
999 2092 1043 2126 35)

88 2129 237 2168 appellati
252 2135 322 2156 sunt
337 2147 380 2150 —
392 2131 544 2170 Romulo]
568 2143 623 2161 om.
639 2134 673 2162 B.
700 2150 735 2154 -
761 2134 808 2169 36)
831 2133 978 2172 appellati
994 2131 1043 2159 di-

89 2170 211 2209 cuntur]
231 2172 426 2211 appellantur
440 2175 489 2202 vel
501 2185 568 2213 app.
585 2175 643 2203 dic.
660 2176 716 2204 GU.
730 2178 757 2207 1.
782 2191 823 2196 -—-
846 2175 894 2215 37)
918 2174 1043 2212 cretosa]

89 2214 216 2241 herbo-m
233 2214 265 2242 Β.
309 2214 427 2243 laer-tola
443 2227 488 2256 pr.
511 2233 552 2239 —
575 2221 620 2255 38)
644 2217 716 2256 sint]
740 2223 809 2245 sunt
826 2218 863 2246 M.
881 2218 936 2246 Gu.
955 2220 980 2247 1.
1003 2233 1040 2239 —

88 2255 134 2294 39)
159 2256 363 2297 consederint]
389 2258 583 2287 consederunt
602 2260 634 2288 B.
650 2261 688 2288 M.
705 2271 750 2299 pr.
782 2275 821 2281 ·—
851 2259 898 2299 40)
922 2257 1045 2298 Λύκος]

90 2299 171 2336 lyco-s·
186 2308 231 2337 pr.
276 2301 350 2328 lit-os
366 2301 397 2330 L.
415 2302 512 2333 Gu.1.
529 2305 558 2333 2.
582 2318 624 2324 -
647 2303 691 2341 41)
715 2302 740 2340 e]
764 2313 797 2329 ex
810 2302 841 2331 L.
868 2319 900 2323 —
927 2304 972 2338 42)
996 2303 1044 2329 lu-

90 2343 230 2369 :curiosus
241 2358 282 2362 —
293 2341 425 2381 salutm]
441 2345 616 2372 luxuriosos
625 2361 667 2366 —
676 2345 794 2372 solutos
807 2345 836 2372 L.
861 2361 899 2366 -
922 2347 967 2379 43)
979 2345 1045 2372 Lua-

91 2382 221 2422 cuntem]
237 2385 394 2412 anunler
411 2385 441 2412 L.
480 2387 634 2414 lucuntere
649 2387 682 2416 B.
692 2387 730 2416 M.
745 2397 788 2426 pr.
805 2388 834 2416 S.
859 2404 894 2409 —
920 2386 968 2423 44)
980 2388 1043 2415 Lu-

93 2425 241 2465 comones]
264 2428 394 2455 Lucum.
410 2428 439 2456 L.
462 2445 503 2450 —
526 2430 573 2465 45)
595 2428 682 2468 dicta]
705 2439 762 2459 om.
780 2430 809 2458 L.
835 2446 873 2451 —
897 2429 946 2466 46)
969 2431 1044 2468 infe-

143 2485 306 2515 Gnuffln.
330 2496 395 2514 [ΛΤ.
417 2486 451 2515 ll.

845 1572 959 1617 Vulgo
992 1577 1103 1605 autem
1136 1570 1318 1604 memoriae
1353 1569 1523 1614 proditum
1559 1573 1624 1608 est,
1672 1568 1862 1612 quicunque
1888 1566 2036 1612 speciem

1081 1705 1141 1745 sta]
1155 1706 1244 1743 festa
1258 1705 1290 1733 L.
1304 1705 1336 1732 B.
1352 1704 1408 1731 Gn.
1420 1706 1446 1733 1.
1462 1713 1507 1742 pr.
1530 1719 1572 1724 —-
1593 1702 1639 1742 47)
1662 1702 1840 1741 Lucomedi]
1855 1698 2036 1731 Lucumedii

1080 1750 1112 1778 L.
1155 1746 1338 1777 Lucomedii
1354 1747 1409 1774 Gu.
1426 1748 1452 1777 1.
1496 1745 1562 1774 Om.
1578 1745 1610 1774 B.
1627 1746 1717 1774 verba
1730 1747 1856 1774 Lacum.
1868 1761 1910 1766 —
1923 1743 1982 1780 qui.
1995 1759 2036 1763 —

1081 1791 1129 1832 48)
1143 1789 1289 1827 Luc-omo]
1306 1791 1444 1817 Lucumo
1461 1789 1491 1819 L.
1514 1805 1557 1810 —
1579 1789 1627 1826 49)
1644 1788 1816 1828 Lucenses]
1832 1787 1878 1817 Sic
1890 1785 1926 1813 M.
1942 1785 2036 1814 Gu.1.

1083 1835 1265 1862 Luem-enses
1286 1831 1315 1860 h.
1332 1832 1351 1860 l.
1372 1831 1428 1858 Gu.
1443 1834 1471 1862 2.
1516 1832 1670 1859 Lucenses
1691 1832 1722 1860 B.
1745 1842 1791 1871 pr.
1815 1844 1853 1853 ⁷-
1877 1826 1923 1866 50)
1947 1826 2036 1865 ¹sunt]

1086 1887 1142 1905 om.
1161 1877 1192 1905 L.
1215 1891 1256 1896 —
1277 1874 1326 1911 51)
1350 1875 1450 1909 Laos]
1476 1874 1579 1902 Luem
1597 1874 1628 1902 L.
1655 1890 1697 1896 —
1726 1877 1772 1910 52>
1793 1868 1926 1908 diluens]
1951 1869 2035 1897 dilu-

1086 1921 1171 1946 vium
1188 1918 1217 1945 L.
1240 1933 1282 1938 —
1305 1920 1350 1951 55)
1374 1913 1468 1954 λύειν]
1486 1927 1542 1945 om.
1559 1918 1586 1944 L.
1603 1917 1660 1946 Gn.
1674 1920 1700 1947 1.
1737 1914 1816 1952 lyein
1831 1923 1875 1952 Pr·
1919 1912 1984 1950 lym
1999 1912 2036 1940 M·

1088 1962 1181 1993 Gu.2.
1208 1976 1250 1981 —
1273 1960 1321 1995 54)
1341 1958 1437 1997 Hinc]
1462 1960 1532 1987 inde
1546 1960 1577 1988 B.
1599 1975 1640 1981 —
1661 1960 1707 1990 55)
1730 1953 1833 1995 λύτρα]
1849 1955 1930 1993 lytra
1946 1965 1990 1993 pr.
2006 1955 2037 1982 B.

1087 2005 1161 2031 lin-a
1177 2003 1216 2031 M.
1239 2003 1295 2031 Gu.
1311 2005 1339 2034 2.
1383 2002 1479 2030 litura
1493 2003 1524 2031 L.
1548 2020 1585 2024 —
1607 2003 1652 2034 56)
1678 1996 1739 2029 οἷπό
1758 2001 1811 2037 τῆς
1829 1995 1956 2035 λύσεως)
1980 2007 2037 2025 om.

1087 2047 1120 2075 L.
1143 2046 1199 2074 Gu.
1218 2048 1243 2076 1.
1283 2055 1346 2083 poa
1368 2050 1411 2072 tea
1433 2045 1528 2082 (ise-os
1548 2053 1592 2082 pr.
1639 2053 1697 2081 apo
1713 2043 1755 2070 tis
1770 2042 1865 2080 lyseos
1880 2041 1918 2069 M.
1940 2040 1996 2068 Gu.
2009 2042 2038 2070 2.

1088 2105 1129 2111 -—
1151 2088 1198 2124 57)
1221 2088 1317 2126 Λίτρα
1329 2089 1416 2122 mim]
1441 2096 1496 2113 om.
1511 2087 1539 2114 L.
1585 2091 1627 2113 est
1642 2085 1721 2113 libra
1735 2095 1789 2124 pro
1806 2084 1887 2112 libra
1901 2088 1942 2111 est
1957 2083 1988 2110 B.
1998 2098 2039 2103 —

1089 2134 1134 2169 58)
1150 2127 1396 2163 Λυσιας-λύσις
1413 2127 1493 2167 βίου]
1510 2129 1558 2157 Sic
1571 2139 1587 2157 e
1603 2128 1734 2165 vestigiis
1750 2127 1837 2156 codd.
1851 2127 1888 2156 M.
1903 2131 1931 2155 et
1943 2125 2000 2154 Gu.
2011 2127 2039 2154 2.

1090 2173 1211 2212 scripsi,
1235 2182 1325 2211 quum
1346 2170 1486 2199 exhibeat
1500 2171 1536 2200 M.
1559 2171 1642 2209 ζιΡίη.
1656 2171 1702 2199 νεῖ
1713 2171 1807 2206 lisue5
1839 2170 1893 2197 Gu.
1911 2173 1938 2201 2.
1955 2167 2036 2211 hplft

1090 2217 1219 2244 sellas-ia.
1263 2214 1358 2252 {iseo-5*
1381 2219 1414 2241 m
1436 2214 1488 2242 bia
1508 2215 1556 2242 vel
1575 2219 1617 2242 tes
1640 2214 1723 2252 {ipas-
1747 2225 1793 2252 pr.
1837 2213 1867 2240 L.
1893 2211 2037 2239 contraxit

1088 2259 1127 2287 ita
1140 2269 1145 2287 :
1169 2259 1268 2285 luctus
1282 2267 1301 2284 a
1316 2258 1403 2295 lugeo
1420 2257 1485 2294 (sic)
1497 2268 1604 2296 graece
1621 2257 1705 2285 litra.
1736 2257 1771 2285 In
1786 2256 1817 2284 B.
1833 2255 1888 2282 sic:
1911 2262 1930 2278 α
1945 2251 2036 2277 Grae-

1088 2311 1121 2329 co
1135 2298 1242 2340 λύρειν.
1287 2300 1411 2338 Reliqua
1427 2310 1485 2331 om,
1528 2301 1695 2328 trahantur
1709 2310 1768 2327 om.
1783 2307 1829 2336 pr.
1872 2295 1975 2323 λυπεῖν
1992 2289 2038 2318 vel

1087 2341 1232 2373 av‘mws.
1277 2339 1390 2378 λύσεως
1407 2345 1462 2373 τοῦ
1485 2343 1554 2382 βίου
1578 2343 1626 2370 vel
1640 2339 1697 2371 άπὸ
1719 2343 1772 2379 τῆς
1786 2335 1882 2372 λύπης
1896 2334 1973 2370 vulg·
1995 2346 2035 2352 ‘-

1087 2386 1132 2424 59)
1156 2385 1325 2425 significat]
1349 2386 1397 2413 Sic
1418 2386 1475 2414 Gu.
1496 2389 1521 2416 1.
1538 2389 1567 2417 2.
1613 2384 1788 2421 significant
1813 2378 1891 2413 vulg.
1920 2389 1961 2422 ¹—-
1989 2370 2033 2407 5⁰)

1090 2428 1178 2468 Qua]
1202 2439 1221 2456 a
1237 2439 1298 2467 qua
1319 2429 1350 2459 Β.
1369 2428 1406 2458 Μ.
1435 2445 1476 2451 -
1504 2428 1552 2464 61)
1575 2426 1674 2454 dictae
1695 2421 1784 2461 sunt]
1807 2423 1878 2447 sunt
1892 2416 1990 2444 ‹lu-'⁶⁰²
2001 2413 2032 2440 Β·

1585 2477 1625 2510 Μ
