2263 2668
505 143 569 176 DE
596 139 983 177 SIGNIFICATIONE
1010 141 1293 177 VERBORUM.
1349 142 1496 177 LIBER
1520 141 1629 176 XVII.
1966 146 2037 180 661

260 234 414 265 Sacram
437 235 546 263 viam.
593 236 667 264 Sunt
691 235 835 275 quaedam
859 233 1007 264 mendosa.
1041 235 1119 263 Illud
1140 237 1329 274 praesertim:
1352 247 1404 266 nec
1426 234 1571 276 appellari
1593 233 1707 272 debere,
1729 234 1850 264 videtur
1872 236 2041 268 desiderare

96 290 215 311 sacram
244 279 334 307 viam.
380 277 453 306 Vide
480 276 620 315 October,
654 288 712 316 quo
736 279 804 308 loco
827 277 1034 306 sacravienses
1057 279 1259 317 appellantur,
1295 280 1346 318 qui
1368 280 1398 307 in
1421 280 1510 307 Sacra
1533 278 1582 307 via
1603 277 1738 306 habitant
1760 282 1790 307 et
1811 279 2041 317 Suburanmses,

97 323 150 362 qui
172 323 202 351 iu
226 321 351 351 Subura.
396 320 494 349 Verrii
524 325 621 349 autem
651 322 755 360 opinio
783 320 854 349 mihi
881 330 1102 359 supervacanea
1133 322 1265 359 videtur,
1303 322 1326 350 si
1352 332 1402 350 eos
1424 326 1538 350 tantum
1560 319 1772 359 reprehendit,
1808 322 1861 359 qui
1884 323 2041 352 coniuncte

96 365 171 394 haec
195 364 391 393 enuntiarent.
436 362 510 398 Quis
542 363 618 391 enim
649 363 690 392 ita
721 364 840 392 locutus
863 363 930 392 est?
967 362 998 390 Si
1020 372 1090 391 vero
1115 365 1265 393 existimat
1287 364 1395 393 debere
1418 364 1477 393 dici
1500 374 1614 393 sacram
1637 367 1663 391 et
1685 372 1809 399 novam,
1830 375 1906 394 â€šnon
1927 376 2042 394 sacram

94 408 173 436 viam
197 412 227 436 et
248 416 354 435 novam
378 404 469 442 viam,
492 410 563 433 tunc
585 405 665 434 solus
688 407 751 434 sine
774 406 861 434 rivali
884 415 915 434 se
938 409 1017 433 amet
1038 415 1093 443 per
1115 416 1160 435 me
1184 407 1262 436 licet.
1297 407 1364 436 vid.
1383 407 1479 435 Varro
1501 406 1554 436 lib.
1568 406 1616 435 IV.
1640 405 1676 433 de
1697 405 1728 433 L.
1747 405 1778 434 L.
1796 404 1846 444 (V.
1864 418 1892 446 p.
1907 409 1957 439 53.
1975 407 2040 446 Sp.)

95 450 131 478 de
154 449 264 478 sacello
290 447 430 476 Streniae.
453 447 541 477 Ant.
565 448 657 487 Aug.
698 449 794 478 Idulia
818 458 900 477 sacra
924 448 1004 477 dicta
1028 447 1064 476 ab
1089 458 1143 477 ove
1166 449 1261 487 Iduli,
1285 459 1360 488 quae
1383 448 1557 488 quotidibus
1580 447 1643 476 Iovi
1665 447 1883 478 immolabatur.
1916 450 2041 478 Ovidius

98 493 192 530 (Fast.
207 492 237 529 I,
260 491 340 528 55-)2

716 531 823 562 Idibus
845 531 915 561 alba
938 530 1003 560 Iovi
1021 531 1167 571 grandior
1189 545 1269 574 agna
1291 532 1381 563 cadit.

94 584 169 614 Vide
192 583 386 612 Coniectanea
409 581 486 622 (pag.
500 585 550 614 21.
575 583 620 612 ed.
644 583 707 622 St).
732 582 831 613 Scal.
875 583 962 620 Signa
984 582 1112 611 foederis
1134 584 1199 613 initi
1223 585 1254 613 in
1277 595 1309 613 ea
1333 584 1473 614 extabant
1494 589 1627 624 tempore
1650 583 1745 612 Servii
1768 583 1930 620 Honorati,
1956 584 2042 621 Regi-

93 627 148 656 bus
171 626 289 656 diverso
312 626 416 654 itinere
438 625 645 663 venientibus5
669 626 795 654 Romulo
813 638 829 654 a
845 626 973 661 Palatio,
996 625 1081 654 Tatio
1098 637 1113 653 a
1128 627 1250 658 Rostris,
1287 627 1361 656 Vide
1383 627 1516 656 Servium
1539 626 1577 656 ad
1599 626 1676 655 illud
1693 626 1771 656 VIII.
1789 625 1910 655 Aeneid.
1930 625 2040 663 (641.):

97 668 189 698 Caesa
215 667 372 708 iungebant
389 666 520 707 foedera
545 678 647 706 porca.
678 668 765 698 Dac.
811 666 940 697 Idalium
969 678 1128 697 sacrorum.
1173 671 1263 698 Sacra
1290 669 1364 698 haec
1389 670 1483 698 idulia
1506 669 1554 698 via
1577 678 1661 697 sacra
1682 669 1715 697 in
1737 679 1834 698 arcem
1857 668 2040 696 ferebantur.

93 711 190 741 Varro
212 711 264 740 lib.
277 711 325 739 IV.
348 710 384 738 de
408 710 437 738 L.
454 710 485 740 L.
511 710 565 748 (V.
588 721 653 749 pag.
666 712 716 743 53.
741 710 786 739 ed.
806 711 890 749 Sp.):
931 708 1100 739 Ceroliensis
1123 722 1141 739 a
1164 713 1331 741 carinarum
1360 713 1460 741 iunctu
1489 710 1585 740 dictus
1613 712 1749 740 carinae:
1781 717 1882 750 postea
1904 711 2041 744 cerionia,

94 753 176 794 quod
197 753 266 783 hinc
289 754 383 782 oritur
405 760 493 791 caput
516 763 601 781 sacra
624 754 687 782 viae
709 752 745 781 ab
770 752 903 782 Streniae
924 751 1048 788 sacello,
1084 764 1157 792 quae
1177 755 1298 792 pertinet
1321 756 1350 783 in
1373 765 1479 783 arcem.
1525 753 1591 792 Qua
1620 764 1707 782 sacra
1734 760 1875 793 quotquot
1897 751 2043 781 mensibus

89 796 226 836 feruntur
246 797 276 824 in
300 806 412 831 arcem,
435 803 460 822 et
481 806 533 833 per
553 806 640 834 quam
665 807 788 834 augures
811 806 850 824 esc
873 806 940 824 arce
959 794 1087 836 profecti
1108 795 1200 824 solent
1221 798 1404 836 inaugurare.
1429 796 1518 825 Dac.
1547 794 1602 824 Art
1623 794 1763 824 sacellum
1788 794 1928 824 Streniae.
1958 796 2042 822 Stre-

92 838 139 867 nia
164 839 223 866 Dea
247 838 342 873 dicta,
367 837 446 874 quod
471 838 584 865 sirenis
609 839 672 867 Kal.
698 839 757 866 lan.
781 838 886 865 dandis
910 837 1152 876 accipiendisque
1176 844 1333 876 praeesset.
1367 838 1445 867 Illud
1469 838 1608 866 sacellum
1632 839 1663 865 in
1684 838 1753 875 Reg.
1769 837 1819 866 IV.
1855 836 1912 865 Sed
1935 846 2043 875 perpe-

93 891 155 909 ram
179 881 259 920 apud
283 879 473 918 Onuphrium
495 878 637 908 sacellum
662 880 810 909 Strenuae.
834 878 945 908 Idem.
982 879 1045 908 Nec
1067 879 1213 918 appellari
1236 880 1342 909 debere.
1381 881 1534 917 Quaedam
1556 879 1606 908 hic
1630 880 1733 908 deesse
1756 879 1911 915 videntur,
1935 883 1964 907 et
1986 878 2043 906 alia

93 923 181 953 etiam
204 923 392 961 transposita.
436 921 605 959 Legenduni
628 928 718 961 puto:
751 922 813 951 Nec
835 933 950 951 sacram
973 922 1050 950 viam
1073 922 1220 961 appellari
1242 923 1341 952 debere
1363 924 1405 951 ait
1429 922 1566 957 Verrius,
1598 920 1649 950 sed
1671 920 1829 956 disiacum,
1861 928 1891 949 ut
1913 927 2042 950 caeteras

92 966 172 1002 vias,
202 965 397 1001 Flaminiam,
426 964 575 1004 Appiam,
606 964 767 1001 Latinam,
803 971 834 992 ut
858 976 891 993 ne
914 975 1017 993 novam
1040 965 1118 993 viam
1142 964 1272 1004 quiclem,
1308 965 1359 994 secl
1379 966 1456 994 viam
1481 975 1595 993 novam.
1641 965 1705 992 Non
1730 964 1788 992 dici
1812 963 1915 1000 debet,
1945 963 2043 1001 inquit

93 1008 190 1045 Verr.,
215 1007 360 1036 Sacravia
383 1008 470 1035 unica
492 1017 584 1043 voce,
608 1007 659 1035 sed
683 1008 839 1036 disiuncte.
876 1007 978 1044 Neque
1001 1007 1094 1035 solum
1118 1007 1280 1044 disiuncte,
1304 1013 1338 1037 ut
1360 1018 1437 1036 nova
1461 1007 1524 1043 via,
1547 1007 1598 1035 sed
1622 1007 1670 1035 via
1693 1017 1784 1042 nova,
1806 1006 1855 1034 via
1876 1016 1978 1042 sacra,
2001 1007 2041 1033 ita

92 1054 126 1078 ut
141 1054 345 1089 praeponatur
361 1050 587 1078 substantivum.
617 1051 665 1078 Sic
682 1050 793 1089 optime
807 1049 908 1077 Horat.
927 1049 999 1088 (Sat.
1015 1049 1036 1085 I,
1061 1048 1118 1088 9.):
1142 1049 1226 1078 Ibam
1241 1049 1328 1092 forte
1348 1051 1396 1079 via
1418 1060 1515 1079 sacra.
1549 1049 1608 1084 Qui
1624 1053 1722 1077 tamen
1739 1049 1768 1076 in
1785 1048 1880 1086 Epod.
1898 1047 1960 1086 (IV,
1981 1046 2041 1085 7.):

93 1091 218 1122 Sacram
241 1093 372 1121 metiente
394 1099 420 1120 te
440 1093 532 1128 viam,
560 1092 608 1119 ubi
632 1092 756 1121 Sacram
780 1092 940 1130 praemisit.
985 1092 1042 1120 Sed
1064 1091 1121 1120 hoc
1144 1091 1219 1120 nihil
1243 1099 1345 1122 contra
1369 1097 1494 1121 mentem
1519 1091 1630 1127 Verrii,
1655 1091 1705 1129 qui
1728 1090 1867 1129 intelligit
1890 1090 1968 1118 viam
1992 1089 2043 1118 de-

92 1134 163 1165 bere
186 1135 348 1174 praeponi,
379 1144 447 1162 cum
469 1139 593 1172 utraque
616 1145 675 1163 vox
699 1135 788 1163 simul
811 1134 938 1162 effertur.
984 1134 1070 1163 Dac.

256 1185 368 1214 Scito
403 1183 535 1224 plebei.
573 1184 636 1225 (Ad
666 1196 693 1224 p.
708 1183 797 1225 238.)
836 1184 1025 1221 Plebeiscita,
1065 1185 1110 1213 vel
1138 1185 1292 1224 plebiscita
1326 1195 1358 1213 ea
1387 1189 1473 1221 sunt,
1512 1194 1588 1222 quae
1618 1183 1738 1212 tributis
1768 1187 1882 1211 tantum
1914 1181 2042 1211 comitiis

92 1227 178 1267 plebs
201 1228 306 1264 scivit,
342 1227 463 1255 tribuno
487 1227 581 1266 plebis
603 1232 738 1265 rogante.
784 1227 846 1255 Liv.
869 1227 1041 1256 lib.XXVI.
1065 1228 1195 1266 (e.33.):
1230 1225 1268 1255 Id
1296 1226 1376 1267 apud
1398 1228 1522 1256 maiores
1544 1233 1658 1255 nostros
1680 1227 1710 1254 in
1734 1224 1899 1254 Satricanis
1915 1223 2041 1265 factum

92 1277 148 1306 est,
180 1282 244 1300 cum
269 1269 456 1311 defecissent,
495 1276 525 1297 ut
548 1269 595 1298 M.
619 1270 769 1299 Antistius
795 1268 942 1297 Tribunus
962 1268 1056 1308 plebis
1077 1271 1158 1309 prius
1181 1271 1358 1309 rogationem
1373 1268 1486 1311 ferret,
1522 1269 1662 1308 sciretque
1681 1267 1778 1307 plebs,
1808 1268 1851 1296 uti
1872 1267 1985 1295 senatui
2007 1265 2042 1294 de

93 1311 260 1342 Satricanis
281 1313 436 1340 sententiae
457 1310 599 1340 dicendae
621 1313 666 1340 ius
689 1319 767 1340 esset.
798 1311 871 1340 Vide
896 1312 971 1340 infra
995 1316 1022 1340 et
1046 1312 1074 1340 iu
1099 1311 1208 1352 Populi
1231 1324 1388 1342 commune.
1412 1311 1500 1341 Dae.
1537 1310 1611 1339 Vide
1634 1312 1658 1348 Â§.
1671 1313 1700 1342 4.
1725 1310 1819 1339 Instit.
1843 1310 1879 1338 de
1901 1310 1965 1337 iure
1986 1318 2040 1336 na-

91 1356 190 1384 turali.
239 1353 344 1383 Goth.

255 1403 520 1433 Solitaurilia.
568 1404 678 1434 Contra
700 1405 782 1434 Aci.
799 1426 806 1434 .
822 1427 829 1434 .
853 1416 982 1435 verveces
1005 1404 1141 1439 maiales,
1167 1407 1225 1446 qui.
1270 1405 1350 1434 Haec
1373 1405 1512 1434 mendosa
1537 1409 1604 1432 sunt
1629 1408 1680 1431 aut
1702 1402 1842 1437 delenda,
1867 1405 1917 1430 aut
1940 1410 2041 1430 emenâ€”

91 1447 203 1477 danda:
231 1445 340 1475 Contra
356 1446 478 1475 Acilius
500 1457 627 1476 verveces
649 1446 785 1484 maiales,
808 1447 878 1487 quia
893 1453 946 1477 etc.
969 1448 1016 1476 vel
1041 1456 1144 1476 contra
1167 1446 1279 1477 accidit
1301 1448 1411 1476 verveci
1433 1446 1553 1482 maiali,
1579 1446 1658 1486 quia.
1692 1446 1748 1474 Sed
1773 1450 1910 1473 neutrum
1933 1444 2040 1482 placet.

91 1489 262 1519 Videndum
286 1491 390 1524 etiam,
421 1499 457 1517 au
480 1490 620 1518 mendose
643 1489 793 1518 scribatur
815 1488 951 1518 inviolati
972 1498 1038 1518 sunt
1060 1492 1154 1527 tauri,
1183 1495 1212 1519 et
1233 1491 1262 1518 in
1287 1490 1343 1518 fine
1367 1489 1485 1518 videtur
1509 1499 1594 1528 posse
1617 1487 1706 1516 scribi
1727 1495 1823 1515 mutas
1844 1484 2040 1515 semivocales.

89 1532 176 1562 Ant.
197 1531 293 1570 Aug.
338 1531 458 1560 Scribe:
496 1531 576 1571 quod
599 1543 696 1560 omnes
717 1543 765 1559 eae
789 1529 880 1559 solidi
901 1532 1061 1572 integrique
1083 1540 1150 1560 sunt
1173 1533 1319 1570 corporis,
1356 1533 1498 1561 contrarii
1520 1542 1647 1560 verveces
1669 1528 1861 1569 maidesque,
1892 1529 1962 1568 quia
1985 1532 2039 1556 etc.

91 1574 180 1611 Quod
203 1575 244 1602 ait
267 1579 385 1609 tauros,
417 1573 448 1601 id
471 1579 514 1601 est
537 1574 634 1602 virilia
659 1574 744 1602 caedi
766 1573 796 1602 in
819 1574 1014 1609 castratione,
1043 1574 1175 1612 intellige
1199 1574 1235 1602 de
1259 1584 1292 1603 ea
1318 1575 1512 1610 castratione,
1540 1583 1614 1612 quae
1635 1572 1723 1601 fiebat
1744 1572 1775 1599 in
1797 1573 1862 1610 ipso
1885 1569 2040 1599 sacrificio.

91 1618 198 1646 Verres
216 1616 310 1651 enim,
334 1618 427 1651 aries,
450 1620 572 1651 taurus,
597 1626 664 1644 cum
688 1615 925 1644 admovebantur
948 1626 1014 1644 arae
1038 1616 1114 1644 mola
1138 1617 1277 1652 mactati,
1301 1616 1476 1654 priusquam
1501 1617 1583 1644 corio
1607 1619 1801 1651 exuerentur,
1823 1613 2039 1642 castrabantur.

90 1660 165 1688 Vide
186 1657 332 1688 Martialis
354 1657 543 1696 Epigramma
565 1658 617 1688 lib.
630 1658 687 1695 111,
711 1657 786 1695 (24.)
810 1657 894 1686 cuius
913 1657 1047 1687 initium:

670 1708 739 1738 Vite
761 1720 866 1738 nocens
889 1720 956 1738 rosa
980 1708 1077 1738 stabat
1100 1710 1258 1738 moriturus
1281 1707 1322 1737 ad
1344 1720 1413 1738 aras

711 1750 841 1789 Hir-cus,
862 1759 951 1792 grata
974 1753 1030 1780 tuis
1051 1752 1186 1788 victima,
1213 1751 1349 1788 Bacche,
1372 1752 1474 1780 sacris.

91 1802 288 1833 Glossarium:
312 1801 519 1838 solitaurilia,
542 1802 637 1832 Î¸Ï…Ïƒá½·Î±
659 1801 743 1837 á¼•ÎºÏ„Î¿Ï‚
765 1805 855 1841 ÎºÏÎ¹Î¿á¿¦
875 1802 925 1833 ÎºÎ±á½¶
947 1800 1067 1840 Ï„Î±á½»ÏÎ¿Ï….
1103 1803 1220 1831 Scribe:
1244 1802 1276 1833 á¼Îº
1299 1799 1388 1838 ÏƒÏ…á½¸Ï‚,
1413 1802 1500 1839 ÎºÏÎ¹Î¿á¿¦
1522 1806 1577 1830 etc.
1601 1799 1704 1830 Scal.
1743 1799 1844 1829 Scribe
1867 1809 1903 1828 ex
1926 1798 2040 1827 iudicio

89 1846 245 1884 Scaligeri:
283 1843 472 1874 Solitaurilia
499 1844 658 1873 hostiarum
689 1845 776 1873 trium
801 1843 907 1874 diversi
925 1846 1038 1885 generis
1061 1844 1292 1874 immolationem
1314 1844 1499 1884 significant,
1536 1843 1630 1879 tauri,
1665 1843 1781 1879 arietis,
1819 1841 1922 1877 verris,
1960 1837 2040 1880 quod

89 1900 188 1918 omnes
209 1898 259 1916 eae
282 1886 374 1916 solidi
396 1888 556 1926 integrique
577 1894 643 1914 sunt
664 1888 811 1926 corporis,
836 1889 980 1917 contrarii
1000 1898 1127 1917 verveces
1149 1885 1345 1927 maialesqueâ€š
1368 1887 1439 1926 quia
1460 1884 1555 1914 solum
1581 1883 1656 1914 Osce
1678 1892 1769 1913 totum
1792 1889 1847 1913 etc.
1888 1883 1939 1911 Ait
1957 1880 2039 1910 Soli-

89 1929 212 1959 taurilia
234 1929 292 1958 dici
317 1939 332 1957 a
354 1928 436 1965 solo,
468 1929 498 1957 id
521 1934 564 1957 est
587 1936 664 1965 toto,
689 1935 719 1958 et
741 1930 850 1966 tauris,
875 1929 905 1958 id
930 1935 972 1959 est
993 1929 1145 1966 virilibus,
1168 1929 1250 1968 quod
1273 1934 1346 1957 tunc
1369 1929 1429 1956 illis
1450 1927 1558 1956 hostiis
1579 1927 1715 1956 inviolati
1737 1927 1815 1955 tauri
1838 1925 2039 1963 relinqueren-

90 1979 156 2008 tur,
186 1977 291 2000 contra
316 1972 394 2010 quod
418 1971 448 2000 in
473 1971 627 2000 sacrificiis
650 1971 715 2000 fieri
738 1977 907 2001 consuerat.
949 1973 1023 2001 Nam
1045 1972 1159 2001 hostiae
1182 1982 1248 2000 cum
1272 1971 1509 2000 admovebantur
1529 1980 1597 1999 arae
1620 1970 1698 1998 mola
1720 1969 1844 1998 mactati
1864 1967 2039 2007 priusquam

89 2015 170 2044 corio
194 2019 388 2049 exuerentur,
421 2014 640 2042 castrabantur.
683 2014 808 2045 Martial.
831 2015 934 2053 Epigr.
952 2015 1002 2047 24.
1026 2015 1077 2044 lib.
1090 2014 1139 2044 111.
1172 2014 1256 2043 Dae.
1300 2013 1338 2042 Et
1361 2024 1435 2054 quae
1455 2011 1544 2041 mella
1564 2019 1660 2050 partet
1682 2010 1791 2041 laxata
1813 2020 1942 2050 cavaque
1961 2016 2036 2037 sunt.

89 2059 126 2086 Ut
147 2057 224 2085 infra
243 2055 351 2086 solida
372 2055 454 2085 sella.
475 2055 587 2086 Idem.
623 2055 697 2084 Sunt
720 2055 835 2096 quidem
858 2058 909 2097 qui
927 2064 1035 2096 putent.
1068 2057 1118 2085 Ait
1141 2066 1203 2085 esse
1226 2056 1274 2095 qui
1298 2061 1403 2095 putent
1425 2053 1606 2084 solitaurilia
1629 2064 1692 2083 esse
1715 2063 1752 2082 ex
1773 2050 1870 2083 solido
1893 2056 1921 2080 et
1942 2058 2037 2085 tauro,

88 2101 118 2129 id
140 2104 184 2128 est
205 2099 299 2134 bove,
322 2099 363 2127 ita
387 2104 420 2127 ut
442 2109 479 2127 ex
502 2099 598 2127 tribus
620 2097 725 2127 hostiis
747 2099 825 2127 tauri
847 2099 1010 2138 praecipue
1032 2109 1140 2128 nomen
1161 2098 1211 2127 hic
1233 2104 1420 2137 assumptum
1442 2097 1550 2134 fuerit,
1572 2096 1653 2135 quod
1675 2106 1776 2126 earum
1800 2099 1879 2124 esset
1899 2093 2034 2122 maxima.

89 2141 197 2171 Idem.
229 2140 357 2180 Quidam
382 2140 532 2170 dixerunt.
556 2139 743 2169 Solitaurilia
765 2143 849 2179 quasi
872 2141 1087 2171 suovetaurilia.
1121 2143 1196 2170 Sane
1219 2146 1247 2170 et
1270 2141 1350 2180 apud
1374 2141 1436 2168 Liv.
1460 2140 1512 2169 lib.
1522 2140 1544 2170 1.
1568 2137 1683 2176 (c.44.)
1704 2138 1819 2176 integre
1840 2136 1949 2175 legitur
1969 2144 2035 2163 suo-

87 2182 251 2214 vetaurilia.
285 2184 392 2212 Verum
409 2183 466 2211 hoc
484 2184 533 2212 ille
551 2183 638 2211 nimis
661 2184 803 2212 audacter
824 2184 935 2213 forsan.
969 2184 1042 2212 Nam
1067 2185 1120 2213 etsi
1143 2194 1179 2212 ex
1201 2183 1299 2213 tribus
1321 2183 1383 2212 illis
1406 2192 1512 2211 nomen
1535 2186 1612 2210 esset
1634 2180 1852 2220 compositum,
1875 2189 1913 2208 ex
1934 2185 2033 2207 eorum

87 2226 242 2266 particulis
263 2226 363 2265 potius
385 2226 484 2254 coiret.
530 2225 674 2261 Quinctil.
696 2226 749 2254 lib.
761 2226 783 2254 Î™.
806 2236 870 2265 cap.
887 2227 932 2257 5.:
961 2225 1058 2263 Nam,
1081 2226 1196 2265 inquit,
1219 2224 1399 2255 solitaurilia
1420 2226 1480 2254 iam
1500 2234 1670 2263 persuasum
1692 2230 1734 2252 est
1755 2234 1815 2252 esse
1835 2232 1876 2250 ex
1895 2231 1960 2253 sue,
1983 2227 2034 2245 Î¿Î½Îµ

87 2278 113 2299 et
135 2277 230 2298 tauro.
264 2267 301 2296 Et
323 2279 391 2297 sanc
413 2269 455 2296 ita
476 2279 506 2296 se
527 2267 614 2296 habet
635 2279 768 2304 sacrum,
792 2267 880 2308 quale
901 2268 982 2308 apud
1004 2267 1166 2298 Homerum
1191 2279 1306 2309 quoque
1326 2276 1377 2299 est.
1416 2265 1476 2296 Sed
1497 2265 1569 2295 haec
1590 2276 1648 2294 non
1671 2273 1731 2295 tam
1753 2276 1795 2294 ex
1814 2261 1920 2297 tribur,
1943 2269 2032 2299 quam

87 2323 127 2342 ex
146 2309 302 2351 particulis
325 2312 411 2339 trium
435 2318 546 2340 coeunt.
569 2308 676 2338 Idem.
713 2309 800 2349 Quod
813 2311 852 2339 sit
873 2322 891 2339 a
913 2309 989 2340 sollo
1012 2318 1039 2340 et
1061 2312 1163 2340 tauris.
1197 2311 1285 2348 Lege:
1311 2307 1426 2349 Quodsi
1447 2320 1464 2337 a
1487 2307 1563 2338 sollo
1587 2315 1612 2336 et
1634 2308 1729 2337 tauris
1750 2316 1846 2336 earum
1869 2302 2031 2348 hostiarum

87 2353 206 2383 ductum
234 2361 275 2382 est
303 2363 423 2389 nomen,
460 2354 584 2393 antiqua
613 2351 819 2382 consuetudine
845 2365 897 2392 per
922 2365 1011 2382 unum
1035 2351 1048 2382 l
1069 2358 1124 2384 etc.
1171 2353 1210 2382 De
1233 2353 1327 2382 Ennio
1357 2362 1445 2392 supra
1475 2352 1503 2379 in
1527 2349 1662 2390 Regium.
1695 2348 1804 2378 Idem.
1850 2344 1922 2373 Vide
1952 2342 2029 2371 mssa

88 2395 183 2426 Solla.
231 2394 257 2425 G
264 2406 280 2424 Î¿
290 2395 335 2424 th.
