<?xml version="1.0" encoding="UTF-8"?>
<!DOCTYPE html PUBLIC "-//W3C//DTD XHTML 1.0 Transitional//EN"
    "http://www.w3.org/TR/xhtml1/DTD/xhtml1-transitional.dtd">
<html xmlns="http://www.w3.org/1999/xhtml" xml:lang="en" lang="en">
 <head>
  <title>
</title>
<meta http-equiv="Content-Type" content="text/html;charset=utf-8" />
  <meta name='ocr-system' content='tesseract 3.04.00' />
  <meta name='ocr-capabilities' content='ocr_page ocr_carea ocr_par ocr_line ocrx_word'/>
</head>
<body>
  <div class='ocr_page' id='page_1' title='image "./corpusgrammatico01linduoft_1131.png"; bbox 0 0 2263 2668; ppageno 0'>
   <div class='ocr_carea' id='block_1_1' title="bbox 488 125 2030 165">
    <p class='ocr_par' dir='ltr' id='par_1_1' title="bbox 488 125 2030 165">
     <span class='ocr_line' id='line_1_1' title="bbox 488 125 2030 165; baseline 0.001 -2"><span class='ocrx_word' id='word_1_1' title='bbox 488 130 552 163; x_wconf 85' lang='lat' dir='ltr'>DE</span> <span class='ocrx_word' id='word_1_2' title='bbox 578 125 968 163; x_wconf 80' lang='lat' dir='ltr'>SIGNIFICATIONE</span> <span class='ocrx_word' id='word_1_3' title='bbox 997 126 1282 165; x_wconf 88' lang='lat' dir='ltr'>VERBORUM.</span> <span class='ocrx_word' id='word_1_4' title='bbox 1335 128 1481 163; x_wconf 85' lang='lat' dir='ltr'>LIBER</span> <span class='ocrx_word' id='word_1_5' title='bbox 1506 126 1616 162; x_wconf 88' lang='lat' dir='ltr'>xvu.</span> <span class='ocrx_word' id='word_1_6' title='bbox 1958 131 2030 164; x_wconf 78' lang='lat'>703</span> 
     </span>
    </p>
   </div>
   <div class='ocr_carea' id='block_1_2' title="bbox 61 218 2033 2433">
    <p class='ocr_par' dir='ltr' id='par_1_2' title="bbox 75 218 2030 303">
     <span class='ocr_line' id='line_1_2' title="bbox 75 218 2030 262; baseline 0.001 -12"><span class='ocrx_word' id='word_1_7' title='bbox 75 223 172 252; x_wconf 88' lang='lat' dir='ltr'>Gloss.</span> <span class='ocrx_word' id='word_1_8' title='bbox 195 220 354 250; x_wconf 83' lang='lat' dir='ltr'>Philoxeni</span> <span class='ocrx_word' id='word_1_9' title='bbox 375 229 542 259; x_wconf 81' lang='lat' dir='ltr'>scrautum,</span> <span class='ocrx_word' id='word_1_10' title='bbox 572 218 655 260; x_wconf 73' lang='grc' dir='ltr'><strong><em>θήκη</em></strong></span> <span class='ocrx_word' id='word_1_11' title='bbox 680 219 840 259; x_wconf 77' lang='grc' dir='ltr'><em>δερματίνη</em></span> <span class='ocrx_word' id='word_1_12' title='bbox 864 221 965 259; x_wconf 79' lang='grc' dir='ltr'><em>βελῶν.</em></span> <span class='ocrx_word' id='word_1_13' title='bbox 1011 221 1069 249; x_wconf 86' lang='lat' dir='ltr'>Sed</span> <span class='ocrx_word' id='word_1_14' title='bbox 1091 229 1240 251; x_wconf 68' lang='lat' dir='ltr'>scrutatum</span> <span class='ocrx_word' id='word_1_15' title='bbox 1264 231 1320 262; x_wconf 87' lang='lat' dir='ltr'>pro</span> <span class='ocrx_word' id='word_1_16' title='bbox 1343 228 1489 256; x_wconf 79' lang='lat' dir='ltr'>scrotum,</span> <span class='ocrx_word' id='word_1_17' title='bbox 1524 219 1606 259; x_wconf 83' lang='lat' dir='ltr'>quod</span> <span class='ocrx_word' id='word_1_18' title='bbox 1628 229 1683 258; x_wconf 82' lang='lat' dir='ltr'>pro</span> <span class='ocrx_word' id='word_1_19' title='bbox 1705 227 1849 257; x_wconf 75' lang='lat' dir='ltr'>scortum,</span> <span class='ocrx_word' id='word_1_20' title='bbox 1872 226 1906 250; x_wconf 83' lang='lat' dir='ltr'>ut</span> <span class='ocrx_word' id='word_1_21' title='bbox 1928 233 2030 262; x_wconf 81' lang='lat' dir='ltr'>snpra,</span> 
     </span>
     <span class='ocr_line' id='line_1_3' title="bbox 76 262 920 303; baseline -0.004 -10"><span class='ocrx_word' id='word_1_22' title='bbox 76 270 180 294; x_wconf 85' lang='lat' dir='ltr'>contra</span> <span class='ocrx_word' id='word_1_23' title='bbox 205 264 287 303; x_wconf 88' lang='lat' dir='ltr'>quod</span> <span class='ocrx_word' id='word_1_24' title='bbox 311 264 383 292; x_wconf 85' lang='lat' dir='ltr'>viris</span> <span class='ocrx_word' id='word_1_25' title='bbox 408 264 590 293; x_wconf 85' lang='lat' dir='ltr'>doctissimis</span> <span class='ocrx_word' id='word_1_26' title='bbox 615 264 712 292; x_wconf 85' lang='lat' dir='ltr'>visum</span> <span class='ocrx_word' id='word_1_27' title='bbox 736 267 787 293; x_wconf 91' lang='lat' dir='ltr'>est.</span> <span class='ocrx_word' id='word_1_28' title='bbox 837 262 920 291; x_wconf 83' lang='lat' dir='ltr'>Dae.</span> 
     </span>
    </p>

    <p class='ocr_par' dir='ltr' id='par_1_3' title="bbox 72 304 2032 558">
     <span class='ocr_line' id='line_1_4' title="bbox 240 304 2030 347; baseline 0.001 -13"><span class='ocrx_word' id='word_1_29' title='bbox 240 305 457 336; x_wconf 73' lang='lat' dir='ltr'><strong><em>Sceleratus</em></strong></span> <span class='ocrx_word' id='word_1_30' title='bbox 486 318 648 347; x_wconf 84' lang='lat' dir='ltr'>campus.</span> <span class='ocrx_word' id='word_1_31' title='bbox 691 307 766 334; x_wconf 90' lang='lat' dir='ltr'>Sunt</span> <span class='ocrx_word' id='word_1_32' title='bbox 794 304 844 333; x_wconf 89' lang='lat' dir='ltr'>hic</span> <span class='ocrx_word' id='word_1_33' title='bbox 867 304 1028 343; x_wconf 83' lang='lat' dir='ltr'>quaedam,</span> <span class='ocrx_word' id='word_1_34' title='bbox 1065 316 1139 344; x_wconf 89' lang='lat' dir='ltr'>quae</span> <span class='ocrx_word' id='word_1_35' title='bbox 1164 306 1202 335; x_wconf 79' lang='lat' dir='ltr'>ad</span> <span class='ocrx_word' id='word_1_36' title='bbox 1225 306 1305 335; x_wconf 87' lang='lat' dir='ltr'>aliud</span> <span class='ocrx_word' id='word_1_37' title='bbox 1332 306 1456 335; x_wconf 81' lang='lat' dir='ltr'>verbum</span> <span class='ocrx_word' id='word_1_38' title='bbox 1480 304 1644 344; x_wconf 87' lang='lat' dir='ltr'>pertinent,</span> <span class='ocrx_word' id='word_1_39' title='bbox 1684 304 1764 342; x_wconf 87' lang='lat' dir='ltr'>quod</span> <span class='ocrx_word' id='word_1_40' title='bbox 1788 304 1886 334; x_wconf 85' lang='lat' dir='ltr'>adhuc</span> <span class='ocrx_word' id='word_1_41' title='bbox 1910 316 2030 344; x_wconf 80' lang='lat' dir='ltr'>quaero.</span> 
     </span>
     <span class='ocr_line' id='line_1_5' title="bbox 72 345 2032 388; baseline 0 -9"><span class='ocrx_word' id='word_1_42' title='bbox 72 350 162 380; x_wconf 79' lang='lat' dir='ltr'>Ant.</span> <span class='ocrx_word' id='word_1_43' title='bbox 186 349 281 388; x_wconf 82' lang='lat' dir='ltr'>Aug.</span> <span class='ocrx_word' id='word_1_44' title='bbox 329 349 388 377; x_wconf 89' lang='lat' dir='ltr'>Liv.</span> <span class='ocrx_word' id='word_1_45' title='bbox 411 349 461 378; x_wconf 87' lang='lat' dir='ltr'>lib.</span> <span class='ocrx_word' id='word_1_46' title='bbox 475 349 551 379; x_wconf 83' lang='lat' dir='ltr'>vlfl.</span> <span class='ocrx_word' id='word_1_47' title='bbox 576 354 648 377; x_wconf 82' lang='lat' dir='ltr'>sect.</span> <span class='ocrx_word' id='word_1_48' title='bbox 664 350 730 380; x_wconf 85' lang='lat'>15.:</span> <span class='ocrx_word' id='word_1_49' title='bbox 754 346 798 377; x_wconf 88' lang='lat' dir='ltr'>Eo</span> <span class='ocrx_word' id='word_1_50' title='bbox 820 357 898 376; x_wconf 80' lang='lat' dir='ltr'>anno</span> <span class='ocrx_word' id='word_1_51' title='bbox 921 346 1055 376; x_wconf 78' lang='lat' dir='ltr'>Minutia</span> <span class='ocrx_word' id='word_1_52' title='bbox 1081 347 1226 386; x_wconf 77' lang='lat' dir='ltr'>Vestalis,</span> <span class='ocrx_word' id='word_1_53' title='bbox 1250 356 1384 388; x_wconf 79' lang='lat' dir='ltr'>suspecta</span> <span class='ocrx_word' id='word_1_54' title='bbox 1404 348 1501 388; x_wconf 82' lang='lat' dir='ltr'>primo</span> <span class='ocrx_word' id='word_1_55' title='bbox 1522 354 1642 387; x_wconf 83' lang='lat' dir='ltr'>propter</span> <span class='ocrx_word' id='word_1_56' title='bbox 1662 345 1844 376; x_wconf 77' lang='lat' dir='ltr'><em>mundiorem</em></span> <span class='ocrx_word' id='word_1_57' title='bbox 1867 348 1942 378; x_wconf 82' lang='lat' dir='ltr'>iusto</span> <span class='ocrx_word' id='word_1_58' title='bbox 1964 348 2032 379; x_wconf 80' lang='lat' dir='ltr'>cul-</span> 
     </span>
     <span class='ocr_line' id='line_1_6' title="bbox 74 388 2032 432; baseline 0 -12"><span class='ocrx_word' id='word_1_59' title='bbox 74 400 152 427; x_wconf 79' lang='lat' dir='ltr'>tum,</span> <span class='ocrx_word' id='word_1_60' title='bbox 185 389 357 420; x_wconf 77' lang='lat' dir='ltr'>insimulata</span> <span class='ocrx_word' id='word_1_61' title='bbox 381 390 484 420; x_wconf 76' lang='lat' dir='ltr'>deinde</span> <span class='ocrx_word' id='word_1_62' title='bbox 505 390 586 430; x_wconf 79' lang='lat' dir='ltr'>apud</span> <span class='ocrx_word' id='word_1_63' title='bbox 608 390 766 430; x_wconf 74' lang='lat' dir='ltr'>Pontifices</span> <span class='ocrx_word' id='word_1_64' title='bbox 789 389 826 418; x_wconf 77' lang='lat' dir='ltr'>ab</span> <span class='ocrx_word' id='word_1_65' title='bbox 849 388 947 418; x_wconf 78' lang='lat' dir='ltr'>indice</span> <span class='ocrx_word' id='word_1_66' title='bbox 967 400 1065 427; x_wconf 79' lang='lat' dir='ltr'>servo,</span> <span class='ocrx_word' id='word_1_67' title='bbox 1102 402 1191 431; x_wconf 81' lang='lat' dir='ltr'>quum</span> <span class='ocrx_word' id='word_1_68' title='bbox 1213 390 1327 420; x_wconf 76' lang='lat' dir='ltr'>decreto</span> <span class='ocrx_word' id='word_1_69' title='bbox 1350 402 1446 420; x_wconf 84' lang='lat' dir='ltr'>eorum</span> <span class='ocrx_word' id='word_1_70' title='bbox 1470 391 1550 419; x_wconf 77' lang='lat' dir='ltr'>iussa</span> <span class='ocrx_word' id='word_1_71' title='bbox 1572 396 1641 418; x_wconf 77' lang='lat' dir='ltr'>esset</span> <span class='ocrx_word' id='word_1_72' title='bbox 1663 389 1757 418; x_wconf 86' lang='lat' dir='ltr'>sacris</span> <span class='ocrx_word' id='word_1_73' title='bbox 1778 388 1936 426; x_wconf 75' lang='lat' dir='ltr'>abstinere,</span> <span class='ocrx_word' id='word_1_74' title='bbox 1963 390 2032 432; x_wconf 75' lang='lat' dir='ltr'>fa—</span> 
     </span>
     <span class='ocr_line' id='line_1_7' title="bbox 73 430 2032 475; baseline 0 -13"><span class='ocrx_word' id='word_1_75' title='bbox 73 433 246 474; x_wconf 83' lang='lat' dir='ltr'>miliamque</span> <span class='ocrx_word' id='word_1_76' title='bbox 274 435 304 462; x_wconf 85' lang='lat' dir='ltr'>in</span> <span class='ocrx_word' id='word_1_77' title='bbox 330 441 473 472; x_wconf 72' lang='lat' dir='ltr'><strong><em>potestate</em></strong></span> <span class='ocrx_word' id='word_1_78' title='bbox 501 432 621 470; x_wconf 79' lang='lat' dir='ltr'>habere,</span> <span class='ocrx_word' id='word_1_79' title='bbox 651 432 746 474; x_wconf 84' lang='lat' dir='ltr'>facto</span> <span class='ocrx_word' id='word_1_80' title='bbox 774 431 884 461; x_wconf 82' lang='lat' dir='ltr'>iudicio</span> <span class='ocrx_word' id='word_1_81' title='bbox 913 433 979 460; x_wconf 83' lang='lat' dir='ltr'>viva</span> <span class='ocrx_word' id='word_1_82' title='bbox 1008 432 1060 461; x_wconf 81' lang='lat' dir='ltr'>sub</span> <span class='ocrx_word' id='word_1_83' title='bbox 1087 440 1192 462; x_wconf 86' lang='lat' dir='ltr'>terram</span> <span class='ocrx_word' id='word_1_84' title='bbox 1215 432 1257 462; x_wconf 78' lang='lat' dir='ltr'>ad</span> <span class='ocrx_word' id='word_1_85' title='bbox 1277 440 1393 472; x_wconf 80' lang='lat' dir='ltr'>portam</span> <span class='ocrx_word' id='word_1_86' title='bbox 1422 431 1570 462; x_wconf 81' lang='lat' dir='ltr'><em>Collinam</em></span> <span class='ocrx_word' id='word_1_87' title='bbox 1596 430 1704 460; x_wconf 76' lang='lat' dir='ltr'>dextra</span> <span class='ocrx_word' id='word_1_88' title='bbox 1726 432 1774 460; x_wconf 84' lang='lat' dir='ltr'>via</span> <span class='ocrx_word' id='word_1_89' title='bbox 1796 439 1890 460; x_wconf 80' lang='lat' dir='ltr'>strata</span> <span class='ocrx_word' id='word_1_90' title='bbox 1913 432 2032 475; x_wconf 79' lang='lat' dir='ltr'>defossa</span> 
     </span>
     <span class='ocr_line' id='line_1_8' title="bbox 73 473 2031 516; baseline 0 -11"><span class='ocrx_word' id='word_1_91' title='bbox 73 475 196 505; x_wconf 69' lang='lat' dir='ltr'>celerato</span> <span class='ocrx_word' id='word_1_92' title='bbox 220 486 335 515; x_wconf 86' lang='lat' dir='ltr'>campo.</span> <span class='ocrx_word' id='word_1_93' title='bbox 377 474 469 504; x_wconf 78' lang='lat' dir='ltr'>Credo</span> <span class='ocrx_word' id='word_1_94' title='bbox 491 475 529 504; x_wconf 80' lang='lat' dir='ltr'>ab</span> <span class='ocrx_word' id='word_1_95' title='bbox 554 477 662 504; x_wconf 81' lang='lat' dir='ltr'>incesto</span> <span class='ocrx_word' id='word_1_96' title='bbox 685 474 718 504; x_wconf 86' lang='lat' dir='ltr'>id</span> <span class='ocrx_word' id='word_1_97' title='bbox 739 476 765 504; x_wconf 81' lang='lat' dir='ltr'>ei</span> <span class='ocrx_word' id='word_1_98' title='bbox 787 473 853 504; x_wconf 81' lang='lat' dir='ltr'>loco</span> <span class='ocrx_word' id='word_1_99' title='bbox 876 485 978 503; x_wconf 85' lang='lat' dir='ltr'>nomen</span> <span class='ocrx_word' id='word_1_100' title='bbox 991 474 1125 516; x_wconf 81' lang='lat' dir='ltr'>factum.</span> <span class='ocrx_word' id='word_1_101' title='bbox 1165 475 1239 505; x_wconf 87' lang='lat' dir='ltr'>Vide</span> <span class='ocrx_word' id='word_1_102' title='bbox 1264 477 1384 514; x_wconf 68' lang='lat' dir='ltr'>Dionys.</span> <span class='ocrx_word' id='word_1_103' title='bbox 1410 481 1438 504; x_wconf 92' lang='lat' dir='ltr'>et</span> <span class='ocrx_word' id='word_1_104' title='bbox 1462 473 1612 503; x_wconf 82' lang='lat' dir='ltr'>Plutarch.</span> <span class='ocrx_word' id='word_1_105' title='bbox 1639 474 1724 504; x_wconf 85' lang='lat' dir='ltr'>Dae.</span> <span class='ocrx_word' id='word_1_106' title='bbox 1766 473 1919 516; x_wconf 65' lang='lat' dir='ltr'>Dagf&#39;ossae.</span> <span class='ocrx_word' id='word_1_107' title='bbox 1958 475 2031 505; x_wconf 85' lang='lat' dir='ltr'>Vide</span> 
     </span>
     <span class='ocr_line' id='line_1_9' title="bbox 73 516 792 558; baseline 0 -11"><span class='ocrx_word' id='word_1_108' title='bbox 73 528 164 558; x_wconf 78' lang='lat' dir='ltr'>supra</span> <span class='ocrx_word' id='word_1_109' title='bbox 186 517 329 547; x_wconf 80' lang='lat' dir='ltr'>Probrum</span> <span class='ocrx_word' id='word_1_110' title='bbox 351 519 473 557; x_wconf 76' lang='lat' dir='ltr'>virginis</span> <span class='ocrx_word' id='word_1_111' title='bbox 498 517 637 547; x_wconf 76' lang='lat' dir='ltr'><em>Vestalis.</em></span> <span class='ocrx_word' id='word_1_112' title='bbox 685 516 792 547; x_wconf 75' lang='lat' dir='ltr'>Goth.</span> 
     </span>
    </p>

    <p class='ocr_par' dir='ltr' id='par_1_4' title="bbox 63 557 2033 2047">
     <span class='ocr_line' id='line_1_10' title="bbox 239 557 2033 601; baseline 0.001 -13"><span class='ocrx_word' id='word_1_113' title='bbox 239 559 550 589; x_wconf 83' lang='lat' dir='ltr'>Scribonianum.</span> <span class='ocrx_word' id='word_1_114' title='bbox 582 559 647 600; x_wconf 92' lang='lat' dir='ltr'>(Ad</span> <span class='ocrx_word' id='word_1_115' title='bbox 672 558 802 600; x_wconf 79' lang='lat' dir='ltr'>p-258.)</span> <span class='ocrx_word' id='word_1_116' title='bbox 835 557 1000 594; x_wconf 76' lang='lat' dir='ltr'><em>Sacellum,</em></span> <span class='ocrx_word' id='word_1_117' title='bbox 1039 558 1119 598; x_wconf 77' lang='lat' dir='ltr'>quod</span> <span class='ocrx_word' id='word_1_118' title='bbox 1139 560 1241 599; x_wconf 75' lang='lat' dir='ltr'>puteal</span> <span class='ocrx_word' id='word_1_119' title='bbox 1262 559 1442 601; x_wconf 77' lang='lat' dir='ltr'>appellatur,</span> <span class='ocrx_word' id='word_1_120' title='bbox 1474 567 1542 587; x_wconf 82' lang='lat' dir='ltr'>ante</span> <span class='ocrx_word' id='word_1_121' title='bbox 1563 559 1642 587; x_wconf 84' lang='lat' dir='ltr'>atria</span> <span class='ocrx_word' id='word_1_122' title='bbox 1655 557 1737 599; x_wconf 73' lang='lat' dir='ltr'>ficit</span> <span class='ocrx_word' id='word_1_123' title='bbox 1761 557 1949 595; x_wconf 69' lang='lat' dir='ltr'><em>Scribonius,</em></span> <span class='ocrx_word' id='word_1_124' title='bbox 1983 561 2033 589; x_wconf 81' lang='lat' dir='ltr'>cui</span> 
     </span>
     <span class='ocr_line' id='line_1_11' title="bbox 72 599 2031 644; baseline -0.001 -13"><span class='ocrx_word' id='word_1_125' title='bbox 72 602 218 641; x_wconf 75' lang='lat' dir='ltr'><em>negotium</em></span> <span class='ocrx_word' id='word_1_126' title='bbox 243 601 343 631; x_wconf 81' lang='lat' dir='ltr'>datum</span> <span class='ocrx_word' id='word_1_127' title='bbox 358 602 475 644; x_wconf 81' lang='lat' dir='ltr'>fuerat,</span> <span class='ocrx_word' id='word_1_128' title='bbox 499 610 529 631; x_wconf 85' lang='lat' dir='ltr'>ut</span> <span class='ocrx_word' id='word_1_129' title='bbox 553 603 734 642; x_wconf 79' lang='lat' dir='ltr'>conquireret</span> <span class='ocrx_word' id='word_1_130' title='bbox 756 601 876 637; x_wconf 81' lang='lat' dir='ltr'>sacella,</span> <span class='ocrx_word' id='word_1_131' title='bbox 899 608 986 641; x_wconf 82' lang='lat' dir='ltr'>atque</span> <span class='ocrx_word' id='word_1_132' title='bbox 1008 600 1085 630; x_wconf 79' lang='lat' dir='ltr'>illud</span> <span class='ocrx_word' id='word_1_133' title='bbox 1109 604 1298 640; x_wconf 77' lang='lat' dir='ltr'>consecravit,</span> <span class='ocrx_word' id='word_1_134' title='bbox 1323 604 1393 643; x_wconf 85' lang='lat' dir='ltr'>quia</span> <span class='ocrx_word' id='word_1_135' title='bbox 1414 604 1444 631; x_wconf 83' lang='grc' dir='ltr'><em>ιή</em></span> <span class='ocrx_word' id='word_1_136' title='bbox 1463 613 1495 630; x_wconf 88' lang='lat' dir='ltr'>eo</span> <span class='ocrx_word' id='word_1_137' title='bbox 1513 600 1579 630; x_wconf 85' lang='lat' dir='ltr'>loco</span> <span class='ocrx_word' id='word_1_138' title='bbox 1592 599 1778 642; x_wconf 75' lang='lat' dir='ltr'>fulguritum</span> <span class='ocrx_word' id='word_1_139' title='bbox 1796 599 1938 629; x_wconf 81' lang='lat' dir='ltr'>sacellum</span> <span class='ocrx_word' id='word_1_140' title='bbox 1951 601 2031 642; x_wconf 82' lang='lat' dir='ltr'>fuit,</span> 
     </span>
     <span class='ocr_line' id='line_1_12' title="bbox 72 641 2032 687; baseline 0 -14"><span class='ocrx_word' id='word_1_141' title='bbox 72 643 153 684; x_wconf 78' lang='lat' dir='ltr'>quod</span> <span class='ocrx_word' id='word_1_142' title='bbox 176 645 344 684; x_wconf 74' lang='lat' dir='ltr'><strong><em>ignorarent</em></strong></span> <span class='ocrx_word' id='word_1_143' title='bbox 357 643 471 685; x_wconf 76' lang='lat' dir='ltr'>fulgur</span> <span class='ocrx_word' id='word_1_144' title='bbox 493 643 661 682; x_wconf 79' lang='lat' dir='ltr'>conditum3</span> <span class='ocrx_word' id='word_1_145' title='bbox 697 643 777 685; x_wconf 75' lang='lat' dir='ltr'>quod</span> <span class='ocrx_word' id='word_1_146' title='bbox 800 644 883 684; x_wconf 82' lang='lat' dir='ltr'>nefas</span> <span class='ocrx_word' id='word_1_147' title='bbox 906 650 945 672; x_wconf 79' lang='lat' dir='ltr'>est</span> <span class='ocrx_word' id='word_1_148' title='bbox 969 644 1073 682; x_wconf 77' lang='lat' dir='ltr'>integi,</span> <span class='ocrx_word' id='word_1_149' title='bbox 1111 657 1221 685; x_wconf 83' lang='lat' dir='ltr'>semper</span> <span class='ocrx_word' id='word_1_150' title='bbox 1239 645 1398 687; x_wconf 81' lang='lat' dir='ltr'>foramine</span> <span class='ocrx_word' id='word_1_151' title='bbox 1427 651 1527 683; x_wconf 79' lang='lat' dir='ltr'>aperto</span> <span class='ocrx_word' id='word_1_152' title='bbox 1558 641 1668 672; x_wconf 86' lang='lat' dir='ltr'>coelum</span> <span class='ocrx_word' id='word_1_153' title='bbox 1688 650 1777 682; x_wconf 75' lang='lat' dir='ltr'>patet.</span> <span class='ocrx_word' id='word_1_154' title='bbox 1823 643 1879 671; x_wconf 81' lang='lat' dir='ltr'>Vix</span> <span class='ocrx_word' id='word_1_155' title='bbox 1902 648 1960 679; x_wconf 89' lang='lat' dir='ltr'>est,</span> <span class='ocrx_word' id='word_1_156' title='bbox 1998 649 2032 673; x_wconf 76' lang='lat' dir='ltr'>ul:</span> 
     </span>
     <span class='ocr_line' id='line_1_13' title="bbox 71 685 2030 726; baseline -0.001 -11"><span class='ocrx_word' id='word_1_157' title='bbox 71 697 131 715; x_wconf 89' lang='lat' dir='ltr'>non</span> <span class='ocrx_word' id='word_1_158' title='bbox 154 687 194 715; x_wconf 81' lang='lat' dir='ltr'>ita</span> <span class='ocrx_word' id='word_1_159' title='bbox 217 687 372 725; x_wconf 79' lang='lat' dir='ltr'>scripserit</span> <span class='ocrx_word' id='word_1_160' title='bbox 394 687 503 717; x_wconf 78' lang='lat' dir='ltr'><strong>Festus.</strong></span> <span class='ocrx_word' id='word_1_161' title='bbox 548 687 620 715; x_wconf 85' lang='lat' dir='ltr'>Nam</span> <span class='ocrx_word' id='word_1_162' title='bbox 644 697 699 715; x_wconf 89' lang='lat' dir='ltr'>cur</span> <span class='ocrx_word' id='word_1_163' title='bbox 721 687 824 726; x_wconf 88' lang='lat' dir='ltr'>puteal</span> <span class='ocrx_word' id='word_1_164' title='bbox 847 686 965 715; x_wconf 81' lang='lat' dir='ltr'>Libonis</span> <span class='ocrx_word' id='word_1_165' title='bbox 987 686 1152 723; x_wconf 81' lang='lat' dir='ltr'>diceretur,</span> <span class='ocrx_word' id='word_1_166' title='bbox 1184 688 1239 716; x_wconf 89' lang='lat' dir='ltr'>nisi</span> <span class='ocrx_word' id='word_1_167' title='bbox 1264 688 1333 726; x_wconf 88' lang='lat' dir='ltr'>quia</span> <span class='ocrx_word' id='word_1_168' title='bbox 1357 687 1508 716; x_wconf 86' lang='lat' dir='ltr'>conditum</span> <span class='ocrx_word' id='word_1_169' title='bbox 1533 697 1548 714; x_wconf 91' lang='lat' dir='ltr'>a</span> <span class='ocrx_word' id='word_1_170' title='bbox 1570 685 1726 714; x_wconf 84' lang='lat' dir='ltr'>Scribonio</span> <span class='ocrx_word' id='word_1_171' title='bbox 1750 685 1875 721; x_wconf 90' lang='lat' dir='ltr'>Libone,</span> <span class='ocrx_word' id='word_1_172' title='bbox 1901 696 1968 714; x_wconf 88' lang='lat' dir='ltr'>cum</span> <span class='ocrx_word' id='word_1_173' title='bbox 1992 686 2030 714; x_wconf 93' lang='lat' dir='ltr'>ob</span> 
     </span>
     <span class='ocr_line' id='line_1_14' title="bbox 72 728 2031 767; baseline -0.001 -9"><span class='ocrx_word' id='word_1_174' title='bbox 72 729 237 767; x_wconf 82' lang='lat' dir='ltr'>neglectam</span> <span class='ocrx_word' id='word_1_175' title='bbox 264 729 462 758; x_wconf 83' lang='lat' dir='ltr'>bidentalium</span> <span class='ocrx_word' id='word_1_176' title='bbox 487 735 514 758; x_wconf 86' lang='lat' dir='ltr'>et</span> <span class='ocrx_word' id='word_1_177' title='bbox 537 730 675 758; x_wconf 88' lang='lat' dir='ltr'>locorum</span> <span class='ocrx_word' id='word_1_178' title='bbox 698 730 912 767; x_wconf 77' lang='lat' dir='ltr'>fulguritorum</span> <span class='ocrx_word' id='word_1_179' title='bbox 935 728 1105 766; x_wconf 84' lang='lat' dir='ltr'>religionem</span> <span class='ocrx_word' id='word_1_180' title='bbox 1129 731 1202 759; x_wconf 87' lang='lat' dir='ltr'>iram</span> <span class='ocrx_word' id='word_1_181' title='bbox 1229 730 1357 759; x_wconf 82' lang='lat' dir='ltr'>Deorum</span> <span class='ocrx_word' id='word_1_182' title='bbox 1381 734 1558 759; x_wconf 87' lang='lat' dir='ltr'>vererentur</span> <span class='ocrx_word' id='word_1_183' title='bbox 1581 728 1734 756; x_wconf 84' lang='lat' dir='ltr'>incurrere</span> <span class='ocrx_word' id='word_1_184' title='bbox 1757 728 1903 756; x_wconf 70' lang='lat' dir='ltr'>Romani?</span> <span class='ocrx_word' id='word_1_185' title='bbox 1935 728 2031 757; x_wconf 89' lang='lat' dir='ltr'>Vide—</span> 
     </span>
     <span class='ocr_line' id='line_1_15' title="bbox 71 770 2028 810; baseline -0.001 -9"><span class='ocrx_word' id='word_1_186' title='bbox 71 776 123 801; x_wconf 87' lang='lat' dir='ltr'>tur</span> <span class='ocrx_word' id='word_1_187' title='bbox 145 782 183 800; x_wconf 83' lang='lat' dir='ltr'>ex</span> <span class='ocrx_word' id='word_1_188' title='bbox 205 772 348 801; x_wconf 75' lang='lat' dir='ltr'>relatione</span> <span class='ocrx_word' id='word_1_189' title='bbox 371 772 548 800; x_wconf 88' lang='lat' dir='ltr'>Pontificum</span> <span class='ocrx_word' id='word_1_190' title='bbox 572 773 721 810; x_wconf 84' lang='lat' dir='ltr'>negotium</span> <span class='ocrx_word' id='word_1_191' title='bbox 744 773 844 800; x_wconf 87' lang='lat' dir='ltr'>datum</span> <span class='ocrx_word' id='word_1_192' title='bbox 867 771 1022 801; x_wconf 86' lang='lat' dir='ltr'>Scribonio</span> <span class='ocrx_word' id='word_1_193' title='bbox 1048 773 1150 800; x_wconf 85' lang='lat' dir='ltr'>Liboni</span> <span class='ocrx_word' id='word_1_194' title='bbox 1175 783 1190 801; x_wconf 82' lang='lat' dir='ltr'>a</span> <span class='ocrx_word' id='word_1_195' title='bbox 1214 775 1340 809; x_wconf 84' lang='lat' dir='ltr'>Senatu,</span> <span class='ocrx_word' id='word_1_196' title='bbox 1376 777 1411 801; x_wconf 84' lang='lat' dir='ltr'>ut</span> <span class='ocrx_word' id='word_1_197' title='bbox 1440 770 1658 809; x_wconf 81' lang='lat' dir='ltr'>diligentissime</span> <span class='ocrx_word' id='word_1_198' title='bbox 1688 771 1879 809; x_wconf 83' lang='lat' dir='ltr'>conquireret</span> <span class='ocrx_word' id='word_1_199' title='bbox 1905 771 2028 801; x_wconf 83' lang='lat' dir='ltr'>sacella.</span> 
     </span>
     <span class='ocr_line' id='line_1_16' title="bbox 72 813 2031 853; baseline -0.001 -10"><span class='ocrx_word' id='word_1_200' title='bbox 72 814 166 844; x_wconf 80' lang='lat' dir='ltr'>Erant</span> <span class='ocrx_word' id='word_1_201' title='bbox 187 819 283 842; x_wconf 88' lang='lat' dir='ltr'>autem</span> <span class='ocrx_word' id='word_1_202' title='bbox 307 815 414 843; x_wconf 86' lang='lat' dir='ltr'>sacella</span> <span class='ocrx_word' id='word_1_203' title='bbox 437 825 496 843; x_wconf 88' lang='lat' dir='ltr'>non</span> <span class='ocrx_word' id='word_1_204' title='bbox 519 824 636 853; x_wconf 78' lang='lat' dir='ltr'>semper</span> <span class='ocrx_word' id='word_1_205' title='bbox 658 815 786 843; x_wconf 88' lang='lat' dir='ltr'>alicuius</span> <span class='ocrx_word' id='word_1_206' title='bbox 810 815 872 852; x_wconf 87' lang='lat' dir='ltr'>dei,</span> <span class='ocrx_word' id='word_1_207' title='bbox 898 815 949 843; x_wconf 87' lang='lat' dir='ltr'>sed</span> <span class='ocrx_word' id='word_1_208' title='bbox 972 816 1089 852; x_wconf 79' lang='lat' dir='ltr'>saepius</span> <span class='ocrx_word' id='word_1_209' title='bbox 1111 814 1253 853; x_wconf 74' lang='lat' dir='ltr'>fulguris3</span> <span class='ocrx_word' id='word_1_210' title='bbox 1282 815 1360 844; x_wconf 86' lang='lat' dir='ltr'>unde</span> <span class='ocrx_word' id='word_1_211' title='bbox 1384 816 1482 844; x_wconf 84' lang='lat' dir='ltr'>omnia</span> <span class='ocrx_word' id='word_1_212' title='bbox 1506 813 1614 842; x_wconf 80' lang='lat' dir='ltr'>sacella</span> <span class='ocrx_word' id='word_1_213' title='bbox 1637 817 1741 851; x_wconf 85' lang='lat' dir='ltr'>aperto</span> <span class='ocrx_word' id='word_1_214' title='bbox 1765 817 1843 842; x_wconf 86' lang='lat' dir='ltr'>tecto</span> <span class='ocrx_word' id='word_1_215' title='bbox 1867 813 1956 842; x_wconf 88' lang='lat' dir='ltr'>fuisse</span> <span class='ocrx_word' id='word_1_216' title='bbox 1979 823 2031 842; x_wconf 80' lang='lat' dir='ltr'>su—</span> 
     </span>
     <span class='ocr_line' id='line_1_17' title="bbox 70 854 2031 897; baseline -0.001 -12"><span class='ocrx_word' id='word_1_217' title='bbox 70 867 126 896; x_wconf 76' lang='lat' dir='ltr'>pra</span> <span class='ocrx_word' id='word_1_218' title='bbox 147 857 273 885; x_wconf 75' lang='lat' dir='ltr'>relatum</span> <span class='ocrx_word' id='word_1_219' title='bbox 295 863 347 888; x_wconf 84' lang='lat' dir='ltr'>est.</span> <span class='ocrx_word' id='word_1_220' title='bbox 393 858 493 886; x_wconf 87' lang='lat' dir='ltr'>Puteal</span> <span class='ocrx_word' id='word_1_221' title='bbox 518 863 614 886; x_wconf 76' lang='lat' dir='ltr'>autem</span> <span class='ocrx_word' id='word_1_222' title='bbox 636 858 810 897; x_wconf 86' lang='lat' dir='ltr'>impositum</span> <span class='ocrx_word' id='word_1_223' title='bbox 835 858 926 887; x_wconf 73' lang='lat' dir='ltr'>fuisse</span> <span class='ocrx_word' id='word_1_224' title='bbox 950 857 1018 885; x_wconf 88' lang='lat' dir='ltr'>loco</span> <span class='ocrx_word' id='word_1_225' title='bbox 1042 868 1127 886; x_wconf 85' lang='lat' dir='ltr'>sacro</span> <span class='ocrx_word' id='word_1_226' title='bbox 1151 859 1281 887; x_wconf 85' lang='lat' dir='ltr'>conditis</span> <span class='ocrx_word' id='word_1_227' title='bbox 1304 858 1346 886; x_wconf 93' lang='lat' dir='ltr'>ibi</span> <span class='ocrx_word' id='word_1_228' title='bbox 1369 857 1557 896; x_wconf 83' lang='lat' dir='ltr'>fulguribus,</span> <span class='ocrx_word' id='word_1_229' title='bbox 1581 866 1618 884; x_wconf 80' lang='lat' dir='ltr'>ex</span> <span class='ocrx_word' id='word_1_230' title='bbox 1640 856 1737 884; x_wconf 85' lang='lat' dir='ltr'>Plinio</span> <span class='ocrx_word' id='word_1_231' title='bbox 1763 865 1854 894; x_wconf 80' lang='lat' dir='ltr'>supra</span> <span class='ocrx_word' id='word_1_232' title='bbox 1877 855 1906 883; x_wconf 94' lang='lat' dir='ltr'>in</span> <span class='ocrx_word' id='word_1_233' title='bbox 1929 854 2031 884; x_wconf 84' lang='lat' dir='ltr'>Navia</span> 
     </span>
     <span class='ocr_line' id='line_1_18' title="bbox 65 898 2029 939; baseline -0.001 -11"><span class='ocrx_word' id='word_1_234' title='bbox 65 900 129 938; x_wconf 84' lang='lat' dir='ltr'>fica</span> <span class='ocrx_word' id='word_1_235' title='bbox 150 900 315 929; x_wconf 75' lang='lat' dir='ltr'>retulimus.</span> <span class='ocrx_word' id='word_1_236' title='bbox 361 900 395 929; x_wconf 83' lang='lat' dir='ltr'>Et</span> <span class='ocrx_word' id='word_1_237' title='bbox 425 910 504 928; x_wconf 89' lang='lat' dir='ltr'>nunc</span> <span class='ocrx_word' id='word_1_238' title='bbox 527 910 617 929; x_wconf 87' lang='lat' dir='ltr'>causa</span> <span class='ocrx_word' id='word_1_239' title='bbox 640 905 737 939; x_wconf 83' lang='lat' dir='ltr'>patet,</span> <span class='ocrx_word' id='word_1_240' title='bbox 773 911 865 938; x_wconf 88' lang='lat' dir='ltr'>quare</span> <span class='ocrx_word' id='word_1_241' title='bbox 890 900 988 939; x_wconf 82' lang='lat' dir='ltr'>puteal</span> <span class='ocrx_word' id='word_1_242' title='bbox 1013 900 1132 929; x_wconf 90' lang='lat' dir='ltr'>Libonis</span> <span class='ocrx_word' id='word_1_243' title='bbox 1156 900 1283 931; x_wconf 85' lang='lat' dir='ltr'>dicatur.</span> <span class='ocrx_word' id='word_1_244' title='bbox 1331 900 1367 929; x_wconf 84' lang='lat' dir='ltr'>At</span> <span class='ocrx_word' id='word_1_245' title='bbox 1389 901 1420 929; x_wconf 89' lang='lat' dir='ltr'>in</span> <span class='ocrx_word' id='word_1_246' title='bbox 1443 898 1627 928; x_wconf 78' lang='lat' dir='ltr'>numismatis</span> <span class='ocrx_word' id='word_1_247' title='bbox 1650 898 1772 926; x_wconf 89' lang='lat' dir='ltr'>Libonis</span> <span class='ocrx_word' id='word_1_248' title='bbox 1795 908 1854 926; x_wconf 85' lang='lat' dir='ltr'>non</span> <span class='ocrx_word' id='word_1_249' title='bbox 1876 898 2029 935; x_wconf 81' lang='lat' dir='ltr'>sacellum,</span> 
     </span>
     <span class='ocr_line' id='line_1_19' title="bbox 70 940 2030 983; baseline -0.001 -13"><span class='ocrx_word' id='word_1_250' title='bbox 70 941 121 970; x_wconf 85' lang='lat' dir='ltr'>sed</span> <span class='ocrx_word' id='word_1_251' title='bbox 145 953 195 971; x_wconf 87' lang='lat' dir='ltr'>ara</span> <span class='ocrx_word' id='word_1_252' title='bbox 218 948 275 980; x_wconf 79' lang='lat' dir='ltr'>est,</span> <span class='ocrx_word' id='word_1_253' title='bbox 313 942 361 971; x_wconf 87' lang='lat' dir='ltr'>cui</span> <span class='ocrx_word' id='word_1_254' title='bbox 384 943 427 971; x_wconf 90' lang='lat' dir='ltr'>rei</span> <span class='ocrx_word' id='word_1_255' title='bbox 450 942 538 971; x_wconf 86' lang='lat' dir='ltr'>fidem</span> <span class='ocrx_word' id='word_1_256' title='bbox 562 943 633 971; x_wconf 83' lang='lat' dir='ltr'>facit</span> <span class='ocrx_word' id='word_1_257' title='bbox 656 947 742 972; x_wconf 85' lang='lat' dir='ltr'>etiam</span> <span class='ocrx_word' id='word_1_258' title='bbox 767 943 925 982; x_wconf 76' lang='lat' dir='ltr'>Dionysius</span> <span class='ocrx_word' id='word_1_259' title='bbox 948 942 1019 981; x_wconf 87' lang='lat'>(111,</span> <span class='ocrx_word' id='word_1_260' title='bbox 1043 946 1094 973; x_wconf 90' lang='grc'>71.</span> <span class='ocrx_word' id='word_1_261' title='bbox 1115 943 1196 981; x_wconf 64' lang='lat' dir='ltr'>fia),</span> <span class='ocrx_word' id='word_1_262' title='bbox 1233 944 1284 981; x_wconf 92' lang='lat' dir='ltr'>qui</span> <span class='ocrx_word' id='word_1_263' title='bbox 1308 943 1349 972; x_wconf 80' lang='lat' dir='ltr'>ait</span> <span class='ocrx_word' id='word_1_264' title='bbox 1372 940 1477 983; x_wconf 84' lang='grc' dir='ltr'>βωμόν</span> <span class='ocrx_word' id='word_1_265' title='bbox 1500 941 1764 980; x_wconf 87' lang='lat' dir='ltr'>superimpositum</span> <span class='ocrx_word' id='word_1_266' title='bbox 1789 941 1814 968; x_wconf 84' lang='lat' dir='ltr'>ei</span> <span class='ocrx_word' id='word_1_267' title='bbox 1838 940 1905 968; x_wconf 92' lang='lat' dir='ltr'>loco</span> <span class='ocrx_word' id='word_1_268' title='bbox 1928 940 2030 970; x_wconf 75' lang='lat' dir='ltr'>fuisse.</span> 
     </span>
     <span class='ocr_line' id='line_1_20' title="bbox 70 983 2027 1025; baseline -0.001 -12"><span class='ocrx_word' id='word_1_269' title='bbox 70 984 144 1022; x_wconf 87' lang='lat' dir='ltr'>Sed,</span> <span class='ocrx_word' id='word_1_270' title='bbox 168 990 202 1013; x_wconf 89' lang='lat' dir='ltr'>ut</span> <span class='ocrx_word' id='word_1_271' title='bbox 225 990 364 1025; x_wconf 81' lang='lat' dir='ltr'>apparet,</span> <span class='ocrx_word' id='word_1_272' title='bbox 388 996 447 1014; x_wconf 91' lang='lat' dir='ltr'>non</span> <span class='ocrx_word' id='word_1_273' title='bbox 471 990 584 1014; x_wconf 88' lang='lat' dir='ltr'>tantum</span> <span class='ocrx_word' id='word_1_274' title='bbox 608 986 658 1014; x_wconf 88' lang='lat' dir='ltr'>illa</span> <span class='ocrx_word' id='word_1_275' title='bbox 683 996 749 1023; x_wconf 89' lang='lat' dir='ltr'>ara,</span> <span class='ocrx_word' id='word_1_276' title='bbox 772 986 825 1015; x_wconf 87' lang='lat' dir='ltr'>sed</span> <span class='ocrx_word' id='word_1_277' title='bbox 848 986 935 1015; x_wconf 89' lang='lat' dir='ltr'>etiam</span> <span class='ocrx_word' id='word_1_278' title='bbox 958 985 1097 1014; x_wconf 83' lang='lat' dir='ltr'>sacellum</span> <span class='ocrx_word' id='word_1_279' title='bbox 1120 985 1220 1024; x_wconf 80' lang='lat' dir='ltr'>puteal</span> <span class='ocrx_word' id='word_1_280' title='bbox 1243 986 1355 1015; x_wconf 90' lang='lat' dir='ltr'>dictum</span> <span class='ocrx_word' id='word_1_281' title='bbox 1380 991 1422 1014; x_wconf 88' lang='lat' dir='ltr'>est</span> <span class='ocrx_word' id='word_1_282' title='bbox 1446 985 1483 1014; x_wconf 91' lang='lat' dir='ltr'>ob</span> <span class='ocrx_word' id='word_1_283' title='bbox 1505 984 1553 1020; x_wconf 80' lang='lat' dir='ltr'>id,</span> <span class='ocrx_word' id='word_1_284' title='bbox 1576 988 1669 1023; x_wconf 83' lang='lat' dir='ltr'>puto,</span> <span class='ocrx_word' id='word_1_285' title='bbox 1693 983 1762 1021; x_wconf 87' lang='lat' dir='ltr'>quia</span> <span class='ocrx_word' id='word_1_286' title='bbox 1785 983 1932 1011; x_wconf 88' lang='lat' dir='ltr'>incertum</span> <span class='ocrx_word' id='word_1_287' title='bbox 1956 987 2027 1019; x_wconf 85' lang='lat' dir='ltr'>erat,</span> 
     </span>
     <span class='ocr_line' id='line_1_21' title="bbox 70 1025 2031 1067; baseline 0 -12"><span class='ocrx_word' id='word_1_288' title='bbox 70 1027 122 1056; x_wconf 86' lang='lat' dir='ltr'>ubi</span> <span class='ocrx_word' id='word_1_289' title='bbox 147 1027 270 1056; x_wconf 88' lang='lat' dir='ltr'>condita</span> <span class='ocrx_word' id='word_1_290' title='bbox 294 1033 378 1057; x_wconf 86' lang='lat' dir='ltr'>erant</span> <span class='ocrx_word' id='word_1_291' title='bbox 401 1029 536 1058; x_wconf 79' lang='lat' dir='ltr'>fulmina.</span> <span class='ocrx_word' id='word_1_292' title='bbox 577 1029 641 1056; x_wconf 83' lang='lat' dir='ltr'>Duo</span> <span class='ocrx_word' id='word_1_293' title='bbox 664 1034 750 1064; x_wconf 88' lang='lat' dir='ltr'>sunt,</span> <span class='ocrx_word' id='word_1_294' title='bbox 775 1039 851 1067; x_wconf 86' lang='lat' dir='ltr'>quae</span> <span class='ocrx_word' id='word_1_295' title='bbox 874 1033 903 1057; x_wconf 81' lang='lat' dir='ltr'>te</span> <span class='ocrx_word' id='word_1_296' title='bbox 925 1029 1070 1057; x_wconf 87' lang='lat' dir='ltr'>monitum</span> <span class='ocrx_word' id='word_1_297' title='bbox 1094 1029 1192 1057; x_wconf 89' lang='lat' dir='ltr'>velim.</span> <span class='ocrx_word' id='word_1_298' title='bbox 1230 1029 1342 1065; x_wconf 86' lang='lat' dir='ltr'>Unum,</span> <span class='ocrx_word' id='word_1_299' title='bbox 1363 1028 1468 1067; x_wconf 84' lang='lat' dir='ltr'>puteal</span> <span class='ocrx_word' id='word_1_300' title='bbox 1491 1037 1549 1056; x_wconf 90' lang='lat' dir='ltr'>non</span> <span class='ocrx_word' id='word_1_301' title='bbox 1574 1036 1637 1055; x_wconf 84' lang='lat' dir='ltr'>esse</span> <span class='ocrx_word' id='word_1_302' title='bbox 1659 1025 1792 1054; x_wconf 78' lang='lat' dir='ltr'>tribunal</span> <span class='ocrx_word' id='word_1_303' title='bbox 1814 1025 1974 1064; x_wconf 84' lang='lat' dir='ltr'>praetoris,</span> <span class='ocrx_word' id='word_1_304' title='bbox 1997 1031 2031 1055; x_wconf 86' lang='lat' dir='ltr'>ut</span> 
     </span>
     <span class='ocr_line' id='line_1_22' title="bbox 70 1068 2031 1110; baseline -0.001 -12"><span class='ocrx_word' id='word_1_305' title='bbox 70 1070 232 1099; x_wconf 86' lang='lat' dir='ltr'>voluerunt</span> <span class='ocrx_word' id='word_1_306' title='bbox 263 1071 393 1109; x_wconf 90' lang='lat' dir='ltr'>quidam.</span> <span class='ocrx_word' id='word_1_307' title='bbox 439 1072 512 1107; x_wconf 75' lang='lat' dir='ltr'>Nam</span> <span class='ocrx_word' id='word_1_308' title='bbox 544 1071 676 1100; x_wconf 85' lang='lat' dir='ltr'>tribunal</span> <span class='ocrx_word' id='word_1_309' title='bbox 706 1072 817 1110; x_wconf 81' lang='lat' dir='ltr'>gradus</span> <span class='ocrx_word' id='word_1_310' title='bbox 840 1071 982 1107; x_wconf 87' lang='lat' dir='ltr'>habebat,</span> <span class='ocrx_word' id='word_1_311' title='bbox 1019 1076 1179 1110; x_wconf 81' lang='lat' dir='ltr'>propterea</span> <span class='ocrx_word' id='word_1_312' title='bbox 1202 1072 1334 1100; x_wconf 86' lang='lat' dir='ltr'>tribunal</span> <span class='ocrx_word' id='word_1_313' title='bbox 1357 1070 1502 1110; x_wconf 88' lang='lat' dir='ltr'>praesidis</span> <span class='ocrx_word' id='word_1_314' title='bbox 1524 1069 1639 1109; x_wconf 76' lang='grc' dir='ltr'><strong><em>βαθμοί</em></strong></span> <span class='ocrx_word' id='word_1_315' title='bbox 1662 1073 1786 1096; x_wconf 86' lang='lat' dir='ltr'>vocatur</span> <span class='ocrx_word' id='word_1_316' title='bbox 1809 1079 1824 1096; x_wconf 89' lang='lat' dir='ltr'>a</span> <span class='ocrx_word' id='word_1_317' title='bbox 1847 1068 1876 1096; x_wconf 90' lang='lat' dir='ltr'>S.</span> <span class='ocrx_word' id='word_1_318' title='bbox 1898 1068 1977 1097; x_wconf 80' lang='lat' dir='ltr'>Luca</span> <span class='ocrx_word' id='word_1_319' title='bbox 1998 1068 2031 1097; x_wconf 77' lang='lat' dir='ltr'>iu</span> 
     </span>
     <span class='ocr_line' id='line_1_23' title="bbox 70 1112 2030 1152; baseline -0.002 -11"><span class='ocrx_word' id='word_1_320' title='bbox 70 1113 152 1141; x_wconf 83' lang='lat' dir='ltr'>Actis</span> <span class='ocrx_word' id='word_1_321' title='bbox 175 1114 404 1152; x_wconf 80' lang='lat' dir='ltr'>Apostolorum,</span> <span class='ocrx_word' id='word_1_322' title='bbox 443 1118 470 1142; x_wconf 86' lang='lat' dir='ltr'>et</span> <span class='ocrx_word' id='word_1_323' title='bbox 491 1112 695 1152; x_wconf 79' lang='grc' dir='ltr'><em>λιθόστρωτον</em></span> <span class='ocrx_word' id='word_1_324' title='bbox 719 1114 754 1142; x_wconf 82' lang='lat' dir='ltr'>ub</span> <span class='ocrx_word' id='word_1_325' title='bbox 778 1114 878 1142; x_wconf 85' lang='lat' dir='ltr'>eadem</span> <span class='ocrx_word' id='word_1_326' title='bbox 905 1119 1000 1142; x_wconf 89' lang='lat' dir='ltr'>mente</span> <span class='ocrx_word' id='word_1_327' title='bbox 1023 1113 1053 1142; x_wconf 85' lang='lat' dir='ltr'>in</span> <span class='ocrx_word' id='word_1_328' title='bbox 1079 1114 1244 1152; x_wconf 83' lang='lat' dir='ltr'>Evangelio.</span> <span class='ocrx_word' id='word_1_329' title='bbox 1289 1115 1423 1142; x_wconf 81' lang='lat' dir='ltr'>Alterum</span> <span class='ocrx_word' id='word_1_330' title='bbox 1452 1118 1511 1150; x_wconf 83' lang='lat' dir='ltr'>est,</span> <span class='ocrx_word' id='word_1_331' title='bbox 1548 1122 1608 1140; x_wconf 89' lang='lat' dir='ltr'>nou</span> <span class='ocrx_word' id='word_1_332' title='bbox 1637 1121 1700 1140; x_wconf 86' lang='lat' dir='ltr'>esse</span> <span class='ocrx_word' id='word_1_333' title='bbox 1729 1121 1792 1139; x_wconf 82' lang='lat' dir='ltr'>eam</span> <span class='ocrx_word' id='word_1_334' title='bbox 1820 1120 1916 1148; x_wconf 84' lang='lat' dir='ltr'>aram,</span> <span class='ocrx_word' id='word_1_335' title='bbox 1954 1120 2030 1149; x_wconf 91' lang='lat' dir='ltr'>quae</span> 
     </span>
     <span class='ocr_line' id='line_1_24' title="bbox 69 1152 2030 1195; baseline -0.002 -11"><span class='ocrx_word' id='word_1_336' title='bbox 69 1155 240 1194; x_wconf 75' lang='lat' dir='ltr'>Symmachi</span> <span class='ocrx_word' id='word_1_337' title='bbox 264 1161 292 1185; x_wconf 83' lang='lat' dir='ltr'>et</span> <span class='ocrx_word' id='word_1_338' title='bbox 316 1156 552 1185; x_wconf 85' lang='lat' dir='ltr'>Christianorum</span> <span class='ocrx_word' id='word_1_339' title='bbox 577 1156 742 1194; x_wconf 81' lang='lat' dir='ltr'>Ambrosii,</span> <span class='ocrx_word' id='word_1_340' title='bbox 772 1156 928 1185; x_wconf 85' lang='lat' dir='ltr'>Prudentii</span> <span class='ocrx_word' id='word_1_341' title='bbox 952 1156 1139 1195; x_wconf 81' lang='lat' dir='ltr'>aliorumque</span> <span class='ocrx_word' id='word_1_342' title='bbox 1163 1156 1401 1185; x_wconf 80' lang='lat' dir='ltr'>contentionibus</span> <span class='ocrx_word' id='word_1_343' title='bbox 1426 1155 1572 1193; x_wconf 75' lang='lat' dir='ltr'>exagitata</span> <span class='ocrx_word' id='word_1_344' title='bbox 1597 1158 1649 1183; x_wconf 89' lang='lat' dir='ltr'>est.</span> <span class='ocrx_word' id='word_1_345' title='bbox 1694 1153 1784 1190; x_wconf 87' lang='lat' dir='ltr'>Quod</span> <span class='ocrx_word' id='word_1_346' title='bbox 1808 1153 1928 1191; x_wconf 88' lang='lat' dir='ltr'>quidam</span> <span class='ocrx_word' id='word_1_347' title='bbox 1952 1152 2030 1182; x_wconf 87' lang='lat' dir='ltr'>scio-</span> 
     </span>
     <span class='ocr_line' id='line_1_25' title="bbox 68 1195 2030 1237; baseline -0.002 -11"><span class='ocrx_word' id='word_1_348' title='bbox 68 1197 116 1226; x_wconf 91' lang='lat' dir='ltr'>lus</span> <span class='ocrx_word' id='word_1_349' title='bbox 138 1200 168 1226; x_wconf 87' lang='lat' dir='ltr'>in</span> <span class='ocrx_word' id='word_1_350' title='bbox 191 1199 276 1227; x_wconf 83' lang='lat' dir='ltr'>libris</span> <span class='ocrx_word' id='word_1_351' title='bbox 300 1200 361 1227; x_wconf 89' lang='lat' dir='ltr'>suis</span> <span class='ocrx_word' id='word_1_352' title='bbox 386 1198 541 1228; x_wconf 86' lang='lat' dir='ltr'>Variorum</span> <span class='ocrx_word' id='word_1_353' title='bbox 564 1200 690 1229; x_wconf 84' lang='lat' dir='ltr'>notavit.</span> <span class='ocrx_word' id='word_1_354' title='bbox 735 1199 768 1228; x_wconf 87' lang='lat' dir='ltr'>ld</span> <span class='ocrx_word' id='word_1_355' title='bbox 791 1204 887 1228; x_wconf 90' lang='lat' dir='ltr'>tamen</span> <span class='ocrx_word' id='word_1_356' title='bbox 912 1204 969 1227; x_wconf 89' lang='lat' dir='ltr'>tam</span> <span class='ocrx_word' id='word_1_357' title='bbox 994 1199 1100 1227; x_wconf 85' lang='lat' dir='ltr'>falsum</span> <span class='ocrx_word' id='word_1_358' title='bbox 1124 1204 1183 1237; x_wconf 89' lang='lat' dir='ltr'>est,</span> <span class='ocrx_word' id='word_1_359' title='bbox 1214 1209 1303 1237; x_wconf 88' lang='lat' dir='ltr'>quam</span> <span class='ocrx_word' id='word_1_360' title='bbox 1327 1199 1419 1235; x_wconf 89' lang='lat' dir='ltr'>illud,</span> <span class='ocrx_word' id='word_1_361' title='bbox 1446 1199 1528 1237; x_wconf 88' lang='lat' dir='ltr'>quod</span> <span class='ocrx_word' id='word_1_362' title='bbox 1552 1196 1651 1233; x_wconf 84' lang='lat' dir='ltr'>addit,</span> <span class='ocrx_word' id='word_1_363' title='bbox 1675 1196 1706 1225; x_wconf 88' lang='lat' dir='ltr'>in</span> <span class='ocrx_word' id='word_1_364' title='bbox 1728 1196 1841 1235; x_wconf 81' lang='lat' dir='ltr'>puteali</span> <span class='ocrx_word' id='word_1_365' title='bbox 1863 1195 1956 1224; x_wconf 85' lang='lat' dir='ltr'>iurari</span> <span class='ocrx_word' id='word_1_366' title='bbox 1978 1205 2030 1224; x_wconf 82' lang='lat' dir='ltr'>so-</span> 
     </span>
     <span class='ocr_line' id='line_1_26' title="bbox 69 1239 2028 1280; baseline -0.002 -11"><span class='ocrx_word' id='word_1_367' title='bbox 69 1241 155 1269; x_wconf 88' lang='lat' dir='ltr'>litum</span> <span class='ocrx_word' id='word_1_368' title='bbox 179 1242 279 1270; x_wconf 80' lang='lat' dir='ltr'>fuisse.</span> <span class='ocrx_word' id='word_1_369' title='bbox 314 1242 445 1280; x_wconf 84' lang='lat' dir='ltr'>lmponit</span> <span class='ocrx_word' id='word_1_370' title='bbox 467 1242 604 1271; x_wconf 89' lang='lat' dir='ltr'>omnibus</span> <span class='ocrx_word' id='word_1_371' title='bbox 624 1243 700 1271; x_wconf 81' lang='lat' dir='ltr'>Acro</span> <span class='ocrx_word' id='word_1_372' title='bbox 723 1242 798 1271; x_wconf 85' lang='lat' dir='ltr'>male</span> <span class='ocrx_word' id='word_1_373' title='bbox 820 1242 1006 1279; x_wconf 85' lang='lat' dir='ltr'>intellectus,</span> <span class='ocrx_word' id='word_1_374' title='bbox 1031 1242 1082 1280; x_wconf 91' lang='lat' dir='ltr'>qui</span> <span class='ocrx_word' id='word_1_375' title='bbox 1105 1242 1182 1271; x_wconf 79' lang='lat' dir='ltr'>dixit</span> <span class='ocrx_word' id='word_1_376' title='bbox 1204 1242 1339 1270; x_wconf 87' lang='lat' dir='ltr'>tribunal</span> <span class='ocrx_word' id='word_1_377' title='bbox 1362 1241 1508 1280; x_wconf 87' lang='lat' dir='ltr'>praetoris</span> <span class='ocrx_word' id='word_1_378' title='bbox 1532 1240 1569 1268; x_wconf 90' lang='lat' dir='ltr'>ad</span> <span class='ocrx_word' id='word_1_379' title='bbox 1593 1239 1695 1278; x_wconf 80' lang='lat' dir='ltr'>puteal</span> <span class='ocrx_word' id='word_1_380' title='bbox 1718 1239 1824 1274; x_wconf 82' lang='lat' dir='ltr'>fuisse,</span> <span class='ocrx_word' id='word_1_381' title='bbox 1847 1248 1905 1267; x_wconf 91' lang='lat' dir='ltr'>non</span> <span class='ocrx_word' id='word_1_382' title='bbox 1930 1242 2028 1267; x_wconf 85' lang='lat' dir='ltr'>autem</span> 
     </span>
     <span class='ocr_line' id='line_1_27' title="bbox 68 1281 2029 1323; baseline -0.001 -12"><span class='ocrx_word' id='word_1_383' title='bbox 68 1284 170 1322; x_wconf 86' lang='lat' dir='ltr'>puteal</span> <span class='ocrx_word' id='word_1_384' title='bbox 200 1284 332 1313; x_wconf 85' lang='lat' dir='ltr'>tribunal</span> <span class='ocrx_word' id='word_1_385' title='bbox 361 1285 452 1313; x_wconf 78' lang='lat' dir='ltr'>fuisse</span> <span class='ocrx_word' id='word_1_386' title='bbox 482 1285 634 1323; x_wconf 74' lang='lat' dir='ltr'>praetoris,</span> <span class='ocrx_word' id='word_1_387' title='bbox 667 1284 769 1314; x_wconf 83' lang='lat' dir='ltr'>Scal.</span> <span class='ocrx_word' id='word_1_388' title='bbox 816 1285 856 1313; x_wconf 84' lang='lat' dir='ltr'>De</span> <span class='ocrx_word' id='word_1_389' title='bbox 880 1285 992 1313; x_wconf 83' lang='lat' dir='ltr'>Puteali</span> <span class='ocrx_word' id='word_1_390' title='bbox 1016 1285 1127 1313; x_wconf 78' lang='lat' dir='ltr'>dictum</span> <span class='ocrx_word' id='word_1_391' title='bbox 1152 1289 1195 1313; x_wconf 88' lang='lat' dir='ltr'>est</span> <span class='ocrx_word' id='word_1_392' title='bbox 1217 1285 1248 1312; x_wconf 90' lang='lat' dir='ltr'>in</span> <span class='ocrx_word' id='word_1_393' title='bbox 1272 1284 1371 1314; x_wconf 83' lang='lat' dir='ltr'>Navia</span> <span class='ocrx_word' id='word_1_394' title='bbox 1384 1285 1476 1323; x_wconf 84' lang='lat' dir='ltr'>ficus.</span> <span class='ocrx_word' id='word_1_395' title='bbox 1513 1284 1599 1312; x_wconf 86' lang='lat' dir='ltr'>Nunc</span> <span class='ocrx_word' id='word_1_396' title='bbox 1623 1291 1725 1310; x_wconf 82' lang='lat' dir='ltr'>caussa</span> <span class='ocrx_word' id='word_1_397' title='bbox 1749 1285 1830 1320; x_wconf 81' lang='lat' dir='ltr'>patet</span> <span class='ocrx_word' id='word_1_398' title='bbox 1853 1291 1907 1309; x_wconf 89' lang='lat' dir='ltr'>cur</span> <span class='ocrx_word' id='word_1_399' title='bbox 1928 1281 2029 1319; x_wconf 75' lang='lat' dir='ltr'>puteal</span> 
     </span>
     <span class='ocr_line' id='line_1_28' title="bbox 69 1323 2028 1367; baseline -0.001 -14"><span class='ocrx_word' id='word_1_400' title='bbox 69 1326 189 1355; x_wconf 88' lang='lat' dir='ltr'>Libonis</span> <span class='ocrx_word' id='word_1_401' title='bbox 213 1327 332 1355; x_wconf 87' lang='lat' dir='ltr'>dicatur</span> <span class='ocrx_word' id='word_1_402' title='bbox 353 1327 478 1356; x_wconf 86' lang='lat' dir='ltr'>Horatio</span> <span class='ocrx_word' id='word_1_403' title='bbox 502 1327 569 1366; x_wconf 85' lang='lat' dir='ltr'>(Ep.</span> <span class='ocrx_word' id='word_1_404' title='bbox 586 1327 616 1363; x_wconf 90' lang='grc' dir='ltr'>Ι,</span> <span class='ocrx_word' id='word_1_405' title='bbox 641 1330 698 1362; x_wconf 90' lang='grc'>19,</span> <span class='ocrx_word' id='word_1_406' title='bbox 721 1327 780 1366; x_wconf 88' lang='grc'>8.),</span> <span class='ocrx_word' id='word_1_407' title='bbox 804 1327 945 1355; x_wconf 82' lang='lat' dir='ltr'>nimirum</span> <span class='ocrx_word' id='word_1_408' title='bbox 970 1328 1039 1365; x_wconf 85' lang='lat' dir='ltr'>quia</span> <span class='ocrx_word' id='word_1_409' title='bbox 1064 1327 1140 1356; x_wconf 85' lang='lat' dir='ltr'>illud</span> <span class='ocrx_word' id='word_1_410' title='bbox 1163 1328 1337 1367; x_wconf 82' lang='lat' dir='ltr'>procuravit</span> <span class='ocrx_word' id='word_1_411' title='bbox 1360 1326 1532 1355; x_wconf 81' lang='lat' dir='ltr'>Scribonius</span> <span class='ocrx_word' id='word_1_412' title='bbox 1556 1324 1639 1353; x_wconf 85' lang='lat' dir='ltr'>Libo.</span> <span class='ocrx_word' id='word_1_413' title='bbox 1671 1324 1727 1353; x_wconf 86' lang='lat' dir='ltr'>Sed</span> <span class='ocrx_word' id='word_1_414' title='bbox 1750 1333 1908 1362; x_wconf 85' lang='lat' dir='ltr'>perperam</span> <span class='ocrx_word' id='word_1_415' title='bbox 1931 1323 2028 1352; x_wconf 87' lang='lat' dir='ltr'>Scali-</span> 
     </span>
     <span class='ocr_line' id='line_1_29' title="bbox 67 1365 2029 1409; baseline -0.001 -13"><span class='ocrx_word' id='word_1_416' title='bbox 67 1377 134 1405; x_wconf 84' lang='lat' dir='ltr'>ger,</span> <span class='ocrx_word' id='word_1_417' title='bbox 174 1370 226 1408; x_wconf 90' lang='lat' dir='ltr'>qui</span> <span class='ocrx_word' id='word_1_418' title='bbox 256 1379 322 1398; x_wconf 87' lang='lat' dir='ltr'>cum</span> <span class='ocrx_word' id='word_1_419' title='bbox 352 1370 516 1408; x_wconf 83' lang='lat' dir='ltr'>superioris</span> <span class='ocrx_word' id='word_1_420' title='bbox 546 1370 612 1398; x_wconf 74' lang='lat' dir='ltr'>aevi</span> <span class='ocrx_word' id='word_1_421' title='bbox 640 1369 739 1398; x_wconf 86' lang='lat' dir='ltr'>doctis</span> <span class='ocrx_word' id='word_1_422' title='bbox 768 1369 904 1398; x_wconf 87' lang='lat' dir='ltr'>omnibus</span> <span class='ocrx_word' id='word_1_423' title='bbox 928 1375 1013 1408; x_wconf 85' lang='lat' dir='ltr'>putat</span> <span class='ocrx_word' id='word_1_424' title='bbox 1037 1370 1156 1398; x_wconf 89' lang='lat' dir='ltr'>Libonis</span> <span class='ocrx_word' id='word_1_425' title='bbox 1179 1370 1281 1409; x_wconf 75' lang='lat' dir='ltr'>puteal</span> <span class='ocrx_word' id='word_1_426' title='bbox 1306 1370 1382 1398; x_wconf 86' lang='lat' dir='ltr'>idem</span> <span class='ocrx_word' id='word_1_427' title='bbox 1406 1379 1467 1398; x_wconf 86' lang='lat' dir='ltr'>esse</span> <span class='ocrx_word' id='word_1_428' title='bbox 1490 1379 1556 1397; x_wconf 88' lang='lat' dir='ltr'>cum</span> <span class='ocrx_word' id='word_1_429' title='bbox 1581 1367 1710 1406; x_wconf 87' lang='lat' dir='ltr'>puteali,</span> <span class='ocrx_word' id='word_1_430' title='bbox 1748 1366 1828 1404; x_wconf 90' lang='lat' dir='ltr'>quod</span> <span class='ocrx_word' id='word_1_431' title='bbox 1853 1366 1956 1395; x_wconf 87' lang='lat' dir='ltr'>Cicero</span> <span class='ocrx_word' id='word_1_432' title='bbox 1979 1365 2029 1403; x_wconf 80' lang='lat' dir='ltr'>(de</span> 
     </span>
     <span class='ocr_line' id='line_1_30' title="bbox 68 1408 2028 1451; baseline -0.002 -12"><span class='ocrx_word' id='word_1_433' title='bbox 68 1411 165 1439; x_wconf 84' lang='lat' dir='ltr'>Divin.</span> <span class='ocrx_word' id='word_1_434' title='bbox 182 1412 211 1448; x_wconf 92' lang='lat'>1,</span> <span class='ocrx_word' id='word_1_435' title='bbox 237 1414 296 1449; x_wconf 89' lang='grc'>17.)</span> <span class='ocrx_word' id='word_1_436' title='bbox 319 1412 349 1439; x_wconf 89' lang='lat' dir='ltr'>in</span> <span class='ocrx_word' id='word_1_437' title='bbox 374 1413 493 1440; x_wconf 87' lang='lat' dir='ltr'>comitio</span> <span class='ocrx_word' id='word_1_438' title='bbox 517 1411 590 1440; x_wconf 89' lang='lat' dir='ltr'>dicit</span> <span class='ocrx_word' id='word_1_439' title='bbox 612 1412 784 1451; x_wconf 87' lang='lat' dir='ltr'>impositum</span> <span class='ocrx_word' id='word_1_440' title='bbox 808 1412 834 1440; x_wconf 90' lang='lat' dir='ltr'>ei</span> <span class='ocrx_word' id='word_1_441' title='bbox 858 1413 944 1449; x_wconf 79' lang='lat' dir='ltr'>luco,</span> <span class='ocrx_word' id='word_1_442' title='bbox 971 1412 1026 1440; x_wconf 86' lang='lat' dir='ltr'>sub</span> <span class='ocrx_word' id='word_1_443' title='bbox 1050 1423 1110 1450; x_wconf 92' lang='lat' dir='ltr'>quo</span> <span class='ocrx_word' id='word_1_444' title='bbox 1134 1413 1250 1441; x_wconf 79' lang='lat' dir='ltr'>defossa</span> <span class='ocrx_word' id='word_1_445' title='bbox 1273 1412 1331 1441; x_wconf 88' lang='lat' dir='ltr'>fuit</span> <span class='ocrx_word' id='word_1_446' title='bbox 1353 1412 1498 1440; x_wconf 84' lang='lat' dir='ltr'>novacula</span> <span class='ocrx_word' id='word_1_447' title='bbox 1520 1410 1614 1439; x_wconf 82' lang='lat' dir='ltr'>Navii.</span> <span class='ocrx_word' id='word_1_448' title='bbox 1650 1410 1814 1447; x_wconf 88' lang='lat' dir='ltr'>Utrumque</span> <span class='ocrx_word' id='word_1_449' title='bbox 1839 1408 1914 1437; x_wconf 87' lang='lat' dir='ltr'>enim</span> <span class='ocrx_word' id='word_1_450' title='bbox 1937 1408 2028 1447; x_wconf 85' lang='lat' dir='ltr'>plane</span> 
     </span>
     <span class='ocr_line' id='line_1_31' title="bbox 67 1451 2029 1494; baseline -0.001 -12"><span class='ocrx_word' id='word_1_451' title='bbox 67 1453 227 1483; x_wconf 77' lang='lat' dir='ltr'>diversum.</span> <span class='ocrx_word' id='word_1_452' title='bbox 268 1455 370 1483; x_wconf 81' lang='lat' dir='ltr'>Puteal</span> <span class='ocrx_word' id='word_1_453' title='bbox 393 1455 506 1483; x_wconf 85' lang='lat' dir='ltr'>comitii</span> <span class='ocrx_word' id='word_1_454' title='bbox 531 1465 627 1493; x_wconf 82' lang='lat' dir='ltr'>prope</span> <span class='ocrx_word' id='word_1_455' title='bbox 651 1455 763 1483; x_wconf 88' lang='lat' dir='ltr'>curiam</span> <span class='ocrx_word' id='word_1_456' title='bbox 788 1455 860 1491; x_wconf 86' lang='lat' dir='ltr'>suit,</span> <span class='ocrx_word' id='word_1_457' title='bbox 885 1455 986 1483; x_wconf 86' lang='lat' dir='ltr'>Puteal</span> <span class='ocrx_word' id='word_1_458' title='bbox 1010 1455 1131 1484; x_wconf 87' lang='lat' dir='ltr'>Libonis</span> <span class='ocrx_word' id='word_1_459' title='bbox 1153 1465 1248 1494; x_wconf 89' lang='lat' dir='ltr'>prope</span> <span class='ocrx_word' id='word_1_460' title='bbox 1272 1457 1378 1484; x_wconf 86' lang='lat' dir='ltr'>atrium</span> <span class='ocrx_word' id='word_1_461' title='bbox 1401 1454 1561 1483; x_wconf 86' lang='lat' dir='ltr'>Minervae.</span> <span class='ocrx_word' id='word_1_462' title='bbox 1602 1452 1682 1480; x_wconf 86' lang='lat' dir='ltr'>Illud</span> <span class='ocrx_word' id='word_1_463' title='bbox 1706 1451 1883 1489; x_wconf 85' lang='lat' dir='ltr'>gladiatorio</span> <span class='ocrx_word' id='word_1_464' title='bbox 1905 1460 2029 1480; x_wconf 79' lang='lat' dir='ltr'>munere</span> 
     </span>
     <span class='ocr_line' id='line_1_32' title="bbox 69 1493 2028 1536; baseline -0.001 -12"><span class='ocrx_word' id='word_1_465' title='bbox 69 1496 135 1524; x_wconf 80' lang='lat' dir='ltr'>nivi</span> <span class='ocrx_word' id='word_1_466' title='bbox 156 1497 225 1526; x_wconf 90' lang='lat' dir='ltr'>Iulii</span> <span class='ocrx_word' id='word_1_467' title='bbox 253 1497 412 1529; x_wconf 82' lang='lat' dir='ltr'>sublatum.</span> <span class='ocrx_word' id='word_1_468' title='bbox 457 1497 544 1526; x_wconf 80' lang='lat' dir='ltr'>Istud</span> <span class='ocrx_word' id='word_1_469' title='bbox 574 1507 667 1535; x_wconf 84' lang='lat' dir='ltr'>usque</span> <span class='ocrx_word' id='word_1_470' title='bbox 698 1497 736 1525; x_wconf 90' lang='lat' dir='ltr'>ad</span> <span class='ocrx_word' id='word_1_471' title='bbox 765 1502 895 1525; x_wconf 87' lang='lat' dir='ltr'>extrema</span> <span class='ocrx_word' id='word_1_472' title='bbox 920 1498 1045 1525; x_wconf 82' lang='lat' dir='ltr'>Romani</span> <span class='ocrx_word' id='word_1_473' title='bbox 1075 1498 1192 1536; x_wconf 84' lang='lat' dir='ltr'>imperii</span> <span class='ocrx_word' id='word_1_474' title='bbox 1220 1503 1355 1536; x_wconf 83' lang='lat' dir='ltr'>tempora</span> <span class='ocrx_word' id='word_1_475' title='bbox 1380 1497 1502 1526; x_wconf 82' lang='lat' dir='ltr'>durasse</span> <span class='ocrx_word' id='word_1_476' title='bbox 1526 1506 1562 1525; x_wconf 79' lang='lat' dir='ltr'>ex</span> <span class='ocrx_word' id='word_1_477' title='bbox 1586 1495 1658 1523; x_wconf 91' lang='lat' dir='ltr'>Pub.</span> <span class='ocrx_word' id='word_1_478' title='bbox 1681 1494 1801 1523; x_wconf 85' lang='lat' dir='ltr'>Victore</span> <span class='ocrx_word' id='word_1_479' title='bbox 1824 1498 1851 1522; x_wconf 89' lang='lat' dir='ltr'>et</span> <span class='ocrx_word' id='word_1_480' title='bbox 1875 1503 1912 1522; x_wconf 85' lang='lat' dir='ltr'>ex</span> <span class='ocrx_word' id='word_1_481' title='bbox 1934 1493 2028 1522; x_wconf 84' lang='lat' dir='ltr'>Persii</span> 
     </span>
     <span class='ocr_line' id='line_1_33' title="bbox 66 1536 2028 1579; baseline -0.001 -12"><span class='ocrx_word' id='word_1_482' title='bbox 66 1538 231 1569; x_wconf 66' lang='lat' dir='ltr'>Scholiasta</span> <span class='ocrx_word' id='word_1_483' title='bbox 255 1540 396 1577; x_wconf 79' lang='lat' dir='ltr'>colligere</span> <span class='ocrx_word' id='word_1_484' title='bbox 419 1544 471 1568; x_wconf 89' lang='lat' dir='ltr'>est.</span> <span class='ocrx_word' id='word_1_485' title='bbox 511 1539 584 1569; x_wconf 85' lang='lat' dir='ltr'>Vide</span> <span class='ocrx_word' id='word_1_486' title='bbox 606 1540 730 1568; x_wconf 83' lang='lat' dir='ltr'>Salmas.</span> <span class='ocrx_word' id='word_1_487' title='bbox 752 1539 783 1567; x_wconf 92' lang='lat' dir='ltr'>in</span> <span class='ocrx_word' id='word_1_488' title='bbox 806 1540 895 1568; x_wconf 87' lang='lat' dir='ltr'>Solin.</span> <span class='ocrx_word' id='word_1_489' title='bbox 919 1539 973 1568; x_wconf 88' lang='lat' dir='ltr'>Da</span> <span class='ocrx_word' id='word_1_490' title='bbox 983 1551 1007 1569; x_wconf 88' lang='lat' dir='ltr'>c.</span> <span class='ocrx_word' id='word_1_491' title='bbox 1051 1540 1088 1568; x_wconf 86' lang='lat' dir='ltr'>Ut</span> <span class='ocrx_word' id='word_1_492' title='bbox 1112 1540 1292 1579; x_wconf 83' lang='lat' dir='ltr'>conquireret</span> <span class='ocrx_word' id='word_1_493' title='bbox 1315 1538 1436 1569; x_wconf 84' lang='lat' dir='ltr'>sacella.</span> <span class='ocrx_word' id='word_1_494' title='bbox 1475 1539 1559 1567; x_wconf 86' lang='lat' dir='ltr'>Fulv.</span> <span class='ocrx_word' id='word_1_495' title='bbox 1583 1538 1705 1566; x_wconf 85' lang='lat' dir='ltr'>Ursinus</span> <span class='ocrx_word' id='word_1_496' title='bbox 1728 1536 1857 1575; x_wconf 80' lang='lat' dir='ltr'>legebat:</span> <span class='ocrx_word' id='word_1_497' title='bbox 1885 1543 1916 1565; x_wconf 70' lang='lat' dir='ltr'>nt</span> <span class='ocrx_word' id='word_1_498' title='bbox 1939 1536 2028 1565; x_wconf 84' lang='lat' dir='ltr'>coin-</span> 
     </span>
     <span class='ocr_line' id='line_1_34' title="bbox 65 1578 2028 1622; baseline -0.002 -12"><span class='ocrx_word' id='word_1_499' title='bbox 65 1582 159 1622; x_wconf 80' lang='lat' dir='ltr'>quiret</span> <span class='ocrx_word' id='word_1_500' title='bbox 181 1581 309 1618; x_wconf 81' lang='lat' dir='ltr'>sacella,</span> <span class='ocrx_word' id='word_1_501' title='bbox 333 1582 363 1610; x_wconf 86' lang='lat' dir='ltr'>id</span> <span class='ocrx_word' id='word_1_502' title='bbox 387 1587 432 1610; x_wconf 88' lang='lat' dir='ltr'>est</span> <span class='ocrx_word' id='word_1_503' title='bbox 454 1586 611 1620; x_wconf 85' lang='lat' dir='ltr'>purgaret,</span> <span class='ocrx_word' id='word_1_504' title='bbox 636 1587 824 1621; x_wconf 81' lang='lat' dir='ltr'>procuraret.</span> <span class='ocrx_word' id='word_1_505' title='bbox 854 1582 938 1610; x_wconf 87' lang='lat' dir='ltr'>Male.</span> <span class='ocrx_word' id='word_1_506' title='bbox 968 1582 1125 1619; x_wconf 85' lang='lat' dir='ltr'>Negotium</span> <span class='ocrx_word' id='word_1_507' title='bbox 1149 1582 1184 1610; x_wconf 90' lang='lat' dir='ltr'>ab</span> <span class='ocrx_word' id='word_1_508' title='bbox 1208 1586 1312 1610; x_wconf 87' lang='lat' dir='ltr'>senatu</span> <span class='ocrx_word' id='word_1_509' title='bbox 1337 1583 1438 1611; x_wconf 87' lang='lat' dir='ltr'>datum</span> <span class='ocrx_word' id='word_1_510' title='bbox 1461 1583 1558 1610; x_wconf 84' lang='lat' dir='ltr'>fuerat</span> <span class='ocrx_word' id='word_1_511' title='bbox 1580 1580 1756 1615; x_wconf 81' lang='lat' dir='ltr'>Scribonio,</span> <span class='ocrx_word' id='word_1_512' title='bbox 1780 1584 1812 1607; x_wconf 90' lang='lat' dir='ltr'>ut</span> <span class='ocrx_word' id='word_1_513' title='bbox 1835 1578 2028 1617; x_wconf 83' lang='lat' dir='ltr'>conquireret</span> 
     </span>
     <span class='ocr_line' id='line_1_35' title="bbox 65 1621 2026 1663; baseline -0.002 -11"><span class='ocrx_word' id='word_1_514' title='bbox 65 1625 191 1661; x_wconf 85' lang='lat' dir='ltr'>sacella,</span> <span class='ocrx_word' id='word_1_515' title='bbox 217 1625 247 1652; x_wconf 87' lang='lat' dir='ltr'>id</span> <span class='ocrx_word' id='word_1_516' title='bbox 272 1629 316 1652; x_wconf 86' lang='lat' dir='ltr'>est</span> <span class='ocrx_word' id='word_1_517' title='bbox 338 1629 371 1653; x_wconf 85' lang='lat' dir='ltr'>ut</span> <span class='ocrx_word' id='word_1_518' title='bbox 394 1625 476 1661; x_wconf 83' lang='lat' dir='ltr'>loca,</span> <span class='ocrx_word' id='word_1_519' title='bbox 500 1634 575 1663; x_wconf 87' lang='lat' dir='ltr'>quae</span> <span class='ocrx_word' id='word_1_520' title='bbox 597 1624 716 1663; x_wconf 83' lang='lat' dir='ltr'>fulgure</span> <span class='ocrx_word' id='word_1_521' title='bbox 738 1628 818 1653; x_wconf 88' lang='lat' dir='ltr'>tacta</span> <span class='ocrx_word' id='word_1_522' title='bbox 842 1625 975 1660; x_wconf 79' lang='lat' dir='ltr'>fuerant,</span> <span class='ocrx_word' id='word_1_523' title='bbox 1007 1625 1163 1662; x_wconf 73' lang='lat' dir='ltr'>diligenter</span> <span class='ocrx_word' id='word_1_524' title='bbox 1186 1624 1384 1663; x_wconf 84' lang='lat' dir='ltr'>perquireret.</span> <span class='ocrx_word' id='word_1_525' title='bbox 1421 1624 1450 1652; x_wconf 88' lang='lat' dir='ltr'>Is</span> <span class='ocrx_word' id='word_1_526' title='bbox 1473 1624 1565 1662; x_wconf 82' lang='lat' dir='ltr'>igitur</span> <span class='ocrx_word' id='word_1_527' title='bbox 1589 1623 1735 1661; x_wconf 84' lang='lat' dir='ltr'>comperit</span> <span class='ocrx_word' id='word_1_528' title='bbox 1754 1622 1871 1657; x_wconf 90' lang='lat' dir='ltr'>locum,</span> <span class='ocrx_word' id='word_1_529' title='bbox 1894 1621 1945 1649; x_wconf 91' lang='lat' dir='ltr'>ubi</span> <span class='ocrx_word' id='word_1_530' title='bbox 1967 1621 2026 1649; x_wconf 85' lang='lat' dir='ltr'>ful-</span> 
     </span>
     <span class='ocr_line' id='line_1_36' title="bbox 65 1664 2026 1705; baseline -0.002 -10"><span class='ocrx_word' id='word_1_531' title='bbox 65 1676 122 1704; x_wconf 81' lang='lat' dir='ltr'>gur</span> <span class='ocrx_word' id='word_1_532' title='bbox 145 1668 214 1696; x_wconf 88' lang='lat' dir='ltr'>olim</span> <span class='ocrx_word' id='word_1_533' title='bbox 238 1667 392 1695; x_wconf 88' lang='lat' dir='ltr'>conditum</span> <span class='ocrx_word' id='word_1_534' title='bbox 417 1668 530 1704; x_wconf 83' lang='lat' dir='ltr'>suerat,</span> <span class='ocrx_word' id='word_1_535' title='bbox 559 1667 640 1705; x_wconf 87' lang='lat' dir='ltr'>quod</span> <span class='ocrx_word' id='word_1_536' title='bbox 663 1667 873 1705; x_wconf 80' lang='lat' dir='ltr'>ignorabatur,</span> <span class='ocrx_word' id='word_1_537' title='bbox 902 1667 1036 1705; x_wconf 84' lang='lat' dir='ltr'>adeoque</span> <span class='ocrx_word' id='word_1_538' title='bbox 1059 1672 1092 1696; x_wconf 90' lang='lat' dir='ltr'>ut</span> <span class='ocrx_word' id='word_1_539' title='bbox 1115 1667 1286 1704; x_wconf 86' lang='lat' dir='ltr'>religionem</span> <span class='ocrx_word' id='word_1_540' title='bbox 1310 1667 1368 1695; x_wconf 87' lang='lat' dir='ltr'>loci</span> <span class='ocrx_word' id='word_1_541' title='bbox 1390 1666 1590 1703; x_wconf 80' lang='lat' dir='ltr'>instauraret,</span> <span class='ocrx_word' id='word_1_542' title='bbox 1613 1665 1714 1704; x_wconf 86' lang='lat' dir='ltr'>puteal</span> <span class='ocrx_word' id='word_1_543' title='bbox 1736 1664 1950 1704; x_wconf 88' lang='lat' dir='ltr'>imponendum</span> <span class='ocrx_word' id='word_1_544' title='bbox 1972 1673 2026 1692; x_wconf 89' lang='lat' dir='ltr'>cu-</span> 
     </span>
     <span class='ocr_line' id='line_1_37' title="bbox 65 1706 2025 1749; baseline -0.002 -11"><span class='ocrx_word' id='word_1_545' title='bbox 65 1710 161 1748; x_wconf 88' lang='lat' dir='ltr'>ravit,</span> <span class='ocrx_word' id='word_1_546' title='bbox 197 1710 278 1749; x_wconf 84' lang='lat' dir='ltr'>quod</span> <span class='ocrx_word' id='word_1_547' title='bbox 299 1708 402 1748; x_wconf 84' lang='lat' dir='ltr'>puteal</span> <span class='ocrx_word' id='word_1_548' title='bbox 423 1709 550 1738; x_wconf 68' lang='lat' dir='ltr'>Libonis</span> <span class='ocrx_word' id='word_1_549' title='bbox 572 1709 686 1738; x_wconf 85' lang='lat' dir='ltr'>dictum</span> <span class='ocrx_word' id='word_1_550' title='bbox 710 1715 763 1740; x_wconf 83' lang='lat' dir='ltr'>est.</span> <span class='ocrx_word' id='word_1_551' title='bbox 808 1710 910 1738; x_wconf 86' lang='lat' dir='ltr'>Puteal</span> <span class='ocrx_word' id='word_1_552' title='bbox 935 1715 1032 1738; x_wconf 88' lang='lat' dir='ltr'>autem</span> <span class='ocrx_word' id='word_1_553' title='bbox 1054 1709 1104 1738; x_wconf 90' lang='lat' dir='ltr'>hic</span> <span class='ocrx_word' id='word_1_554' title='bbox 1127 1709 1199 1738; x_wconf 87' lang='lat' dir='ltr'>nihil</span> <span class='ocrx_word' id='word_1_555' title='bbox 1223 1709 1306 1738; x_wconf 86' lang='lat' dir='ltr'>aliud</span> <span class='ocrx_word' id='word_1_556' title='bbox 1328 1714 1371 1738; x_wconf 85' lang='lat' dir='ltr'>est</span> <span class='ocrx_word' id='word_1_557' title='bbox 1394 1719 1482 1747; x_wconf 89' lang='lat' dir='ltr'>quam</span> <span class='ocrx_word' id='word_1_558' title='bbox 1507 1708 1581 1747; x_wconf 86' lang='lat' dir='ltr'>lapis</span> <span class='ocrx_word' id='word_1_559' title='bbox 1607 1712 1764 1747; x_wconf 77' lang='lat' dir='ltr'>pertusuS,</span> <span class='ocrx_word' id='word_1_560' title='bbox 1802 1707 1852 1745; x_wconf 88' lang='lat' dir='ltr'>qui</span> <span class='ocrx_word' id='word_1_561' title='bbox 1876 1706 2025 1745; x_wconf 74' lang='lat' dir='ltr'>sulguxitis</span> 
     </span>
     <span class='ocr_line' id='line_1_38' title="bbox 64 1750 2026 1791; baseline -0.002 -11"><span class='ocrx_word' id='word_1_562' title='bbox 64 1752 139 1781; x_wconf 85' lang='lat' dir='ltr'>locis</span> <span class='ocrx_word' id='word_1_563' title='bbox 161 1752 388 1791; x_wconf 80' lang='lat' dir='ltr'>imponebatur,</span> <span class='ocrx_word' id='word_1_564' title='bbox 412 1753 496 1790; x_wconf 66' lang='lat' dir='ltr'>quia,</span> <span class='ocrx_word' id='word_1_565' title='bbox 519 1752 570 1781; x_wconf 89' lang='lat' dir='ltr'>ubi</span> <span class='ocrx_word' id='word_1_566' title='bbox 593 1752 693 1790; x_wconf 79' lang='lat' dir='ltr'>fulgur</span> <span class='ocrx_word' id='word_1_567' title='bbox 712 1753 885 1787; x_wconf 74' lang='lat' dir='ltr'>conditum,</span> <span class='ocrx_word' id='word_1_568' title='bbox 908 1753 1007 1781; x_wconf 90' lang='lat' dir='ltr'>locum</span> <span class='ocrx_word' id='word_1_569' title='bbox 1031 1752 1120 1789; x_wconf 61' lang='lat' dir='ltr'>integi</span> <span class='ocrx_word' id='word_1_570' title='bbox 1144 1752 1225 1781; x_wconf 79' lang='lat' dir='ltr'>nefas</span> <span class='ocrx_word' id='word_1_571' title='bbox 1249 1757 1341 1787; x_wconf 83' lang='lat' dir='ltr'>esset,</span> <span class='ocrx_word' id='word_1_572' title='bbox 1366 1761 1494 1790; x_wconf 83' lang='lat' dir='ltr'>eumque</span> <span class='ocrx_word' id='word_1_573' title='bbox 1517 1751 1661 1779; x_wconf 79' lang='lat' dir='ltr'>foramine</span> <span class='ocrx_word' id='word_1_574' title='bbox 1685 1750 1814 1789; x_wconf 81' lang='lat' dir='ltr'>desuper</span> <span class='ocrx_word' id='word_1_575' title='bbox 1836 1754 1939 1788; x_wconf 82' lang='lat' dir='ltr'>aperto</span> <span class='ocrx_word' id='word_1_576' title='bbox 1962 1758 2026 1778; x_wconf 85' lang='lat' dir='ltr'>esse</span> 
     </span>
     <span class='ocr_line' id='line_1_39' title="bbox 65 1791 2025 1834; baseline -0.003 -10"><span class='ocrx_word' id='word_1_577' title='bbox 65 1800 225 1834; x_wconf 83' lang='lat' dir='ltr'>oporteret.</span> <span class='ocrx_word' id='word_1_578' title='bbox 248 1794 356 1823; x_wconf 82' lang='lat' dir='ltr'>Idem.</span> <span class='ocrx_word' id='word_1_579' title='bbox 389 1793 478 1833; x_wconf 76' lang='lat' dir='ltr'>Quod</span> <span class='ocrx_word' id='word_1_580' title='bbox 500 1796 691 1834; x_wconf 77' lang='lat' dir='ltr'>ignoraretur.</span> <span class='ocrx_word' id='word_1_581' title='bbox 722 1795 803 1824; x_wconf 80' lang='lat' dir='ltr'>Haec</span> <span class='ocrx_word' id='word_1_582' title='bbox 826 1795 956 1834; x_wconf 85' lang='lat' dir='ltr'>pendent</span> <span class='ocrx_word' id='word_1_583' title='bbox 979 1806 993 1823; x_wconf 92' lang='lat' dir='ltr'>a</span> <span class='ocrx_word' id='word_1_584' title='bbox 1017 1795 1233 1834; x_wconf 87' lang='lat' dir='ltr'>superioribus.</span> <span class='ocrx_word' id='word_1_585' title='bbox 1267 1795 1316 1823; x_wconf 78' lang='lat' dir='ltr'>Ait</span> <span class='ocrx_word' id='word_1_586' title='bbox 1337 1795 1442 1823; x_wconf 80' lang='lat' dir='ltr'>Festus</span> <span class='ocrx_word' id='word_1_587' title='bbox 1466 1794 1615 1832; x_wconf 83' lang='lat' dir='ltr'>negotium</span> <span class='ocrx_word' id='word_1_588' title='bbox 1637 1803 1653 1822; x_wconf 76' lang='lat' dir='ltr'>a</span> <span class='ocrx_word' id='word_1_589' title='bbox 1676 1794 1786 1822; x_wconf 85' lang='lat' dir='ltr'>Senatu</span> <span class='ocrx_word' id='word_1_590' title='bbox 1808 1793 1910 1821; x_wconf 87' lang='lat' dir='ltr'>datum</span> <span class='ocrx_word' id='word_1_591' title='bbox 1934 1791 2025 1820; x_wconf 81' lang='lat' dir='ltr'>fuisse</span> 
     </span>
     <span class='ocr_line' id='line_1_40' title="bbox 65 1833 2024 1876; baseline -0.003 -10"><span class='ocrx_word' id='word_1_592' title='bbox 65 1838 237 1874; x_wconf 76' lang='lat' dir='ltr'>Scribonio,</span> <span class='ocrx_word' id='word_1_593' title='bbox 274 1843 307 1866; x_wconf 89' lang='lat' dir='ltr'>ut</span> <span class='ocrx_word' id='word_1_594' title='bbox 330 1838 522 1876; x_wconf 80' lang='lat' dir='ltr'>conquireret</span> <span class='ocrx_word' id='word_1_595' title='bbox 544 1838 650 1866; x_wconf 84' lang='lat' dir='ltr'>sacella</span> <span class='ocrx_word' id='word_1_596' title='bbox 675 1842 800 1874; x_wconf 76' lang='lat' dir='ltr'>attacta,</span> <span class='ocrx_word' id='word_1_597' title='bbox 836 1839 883 1867; x_wconf 88' lang='lat' dir='ltr'>vel</span> <span class='ocrx_word' id='word_1_598' title='bbox 907 1837 976 1876; x_wconf 90' lang='lat' dir='ltr'>quia</span> <span class='ocrx_word' id='word_1_599' title='bbox 999 1838 1029 1866; x_wconf 82' lang='lat' dir='ltr'>iu</span> <span class='ocrx_word' id='word_1_600' title='bbox 1054 1848 1088 1867; x_wconf 88' lang='lat' dir='ltr'>eo</span> <span class='ocrx_word' id='word_1_601' title='bbox 1111 1838 1197 1872; x_wconf 89' lang='lat' dir='ltr'>loco,</span> <span class='ocrx_word' id='word_1_602' title='bbox 1236 1836 1284 1866; x_wconf 92' lang='lat' dir='ltr'>ubi</span> <span class='ocrx_word' id='word_1_603' title='bbox 1309 1842 1411 1876; x_wconf 84' lang='lat' dir='ltr'>postea</span> <span class='ocrx_word' id='word_1_604' title='bbox 1436 1837 1536 1876; x_wconf 84' lang='lat' dir='ltr'>puteal</span> <span class='ocrx_word' id='word_1_605' title='bbox 1560 1837 1632 1869; x_wconf 82' lang='lat' dir='ltr'>fuit,</span> <span class='ocrx_word' id='word_1_606' title='bbox 1664 1836 1722 1864; x_wconf 86' lang='lat' dir='ltr'>iam</span> <span class='ocrx_word' id='word_1_607' title='bbox 1746 1835 1861 1864; x_wconf 84' lang='lat' dir='ltr'>scibant</span> <span class='ocrx_word' id='word_1_608' title='bbox 1882 1833 2024 1863; x_wconf 87' lang='lat' dir='ltr'>sacellum</span> 
     </span>
     <span class='ocr_line' id='line_1_41' title="bbox 64 1878 2022 1918; baseline -0.003 -9"><span class='ocrx_word' id='word_1_609' title='bbox 64 1881 164 1911; x_wconf 80' lang='lat' dir='ltr'>fuisse.</span> <span class='ocrx_word' id='word_1_610' title='bbox 197 1880 266 1915; x_wconf 87' lang='lat' dir='ltr'>Vel,</span> <span class='ocrx_word' id='word_1_611' title='bbox 289 1885 322 1909; x_wconf 90' lang='lat' dir='ltr'>ut</span> <span class='ocrx_word' id='word_1_612' title='bbox 346 1880 395 1908; x_wconf 91' lang='lat' dir='ltr'>alii</span> <span class='ocrx_word' id='word_1_613' title='bbox 420 1880 539 1917; x_wconf 87' lang='lat' dir='ltr'>dicunt,</span> <span class='ocrx_word' id='word_1_614' title='bbox 564 1881 644 1918; x_wconf 89' lang='lat' dir='ltr'>quod</span> <span class='ocrx_word' id='word_1_615' title='bbox 668 1881 871 1917; x_wconf 77' lang='lat' dir='ltr'>ignoraretur,</span> <span class='ocrx_word' id='word_1_616' title='bbox 895 1881 944 1909; x_wconf 87' lang='lat' dir='ltr'>ubi</span> <span class='ocrx_word' id='word_1_617' title='bbox 969 1881 1068 1918; x_wconf 82' lang='lat' dir='ltr'>fulgur</span> <span class='ocrx_word' id='word_1_618' title='bbox 1092 1880 1244 1909; x_wconf 78' lang='lat' dir='ltr'>conditum</span> <span class='ocrx_word' id='word_1_619' title='bbox 1268 1880 1366 1909; x_wconf 76' lang='lat' dir='ltr'>suerit.</span> <span class='ocrx_word' id='word_1_620' title='bbox 1403 1879 1437 1908; x_wconf 81' lang='lat' dir='ltr'>Et</span> <span class='ocrx_word' id='word_1_621' title='bbox 1460 1878 1527 1908; x_wconf 81' lang='lat' dir='ltr'>ideo</span> <span class='ocrx_word' id='word_1_622' title='bbox 1551 1879 1614 1908; x_wconf 79' lang='lat' dir='ltr'>sieri</span> <span class='ocrx_word' id='word_1_623' title='bbox 1630 1883 1748 1916; x_wconf 81' lang='lat' dir='ltr'>posset,</span> <span class='ocrx_word' id='word_1_624' title='bbox 1773 1883 1804 1906; x_wconf 93' lang='lat' dir='ltr'>ut</span> <span class='ocrx_word' id='word_1_625' title='bbox 1820 1878 1902 1905; x_wconf 81' lang='lat' dir='ltr'>locus</span> <span class='ocrx_word' id='word_1_626' title='bbox 1919 1880 2022 1904; x_wconf 79' lang='lat' dir='ltr'>contra</span> 
     </span>
     <span class='ocr_line' id='line_1_42' title="bbox 63 1918 2021 1962; baseline -0.004 -10"><span class='ocrx_word' id='word_1_627' title='bbox 63 1924 236 1961; x_wconf 84' lang='lat' dir='ltr'>religionem</span> <span class='ocrx_word' id='word_1_628' title='bbox 254 1928 416 1960; x_wconf 70' lang='lat' dir='ltr'>tegeretur-3</span> <span class='ocrx_word' id='word_1_629' title='bbox 440 1923 521 1951; x_wconf 85' lang='lat' dir='ltr'>nefas</span> <span class='ocrx_word' id='word_1_630' title='bbox 544 1924 620 1951; x_wconf 88' lang='lat' dir='ltr'>enim</span> <span class='ocrx_word' id='word_1_631' title='bbox 644 1923 821 1960; x_wconf 76' lang='lat' dir='ltr'>fulguritum</span> <span class='ocrx_word' id='word_1_632' title='bbox 844 1924 942 1952; x_wconf 87' lang='lat' dir='ltr'>locum</span> <span class='ocrx_word' id='word_1_633' title='bbox 966 1923 1072 1959; x_wconf 78' lang='lat' dir='ltr'>integi,</span> <span class='ocrx_word' id='word_1_634' title='bbox 1096 1932 1186 1962; x_wconf 86' lang='lat' dir='ltr'>quare</span> <span class='ocrx_word' id='word_1_635' title='bbox 1202 1933 1268 1951; x_wconf 84' lang='lat' dir='ltr'>cum</span> <span class='ocrx_word' id='word_1_636' title='bbox 1286 1923 1396 1956; x_wconf 73' lang='lat' dir='ltr'>scitur..</span> <span class='ocrx_word' id='word_1_637' title='bbox 1421 1922 1565 1951; x_wconf 82' lang='lat' dir='ltr'>foramine</span> <span class='ocrx_word' id='word_1_638' title='bbox 1588 1926 1693 1960; x_wconf 88' lang='lat' dir='ltr'>aperto</span> <span class='ocrx_word' id='word_1_639' title='bbox 1717 1930 1833 1959; x_wconf 87' lang='lat' dir='ltr'>semper</span> <span class='ocrx_word' id='word_1_640' title='bbox 1849 1919 1889 1947; x_wconf 90' lang='lat' dir='ltr'>ibi</span> <span class='ocrx_word' id='word_1_641' title='bbox 1906 1918 2021 1947; x_wconf 86' lang='lat' dir='ltr'>coelum</span> 
     </span>
     <span class='ocr_line' id='line_1_43' title="bbox 63 1961 2022 2006; baseline -0.003 -12"><span class='ocrx_word' id='word_1_642' title='bbox 63 1972 152 2006; x_wconf 85' lang='lat' dir='ltr'>patet.</span> <span class='ocrx_word' id='word_1_643' title='bbox 189 1967 269 1995; x_wconf 84' lang='lat' dir='ltr'>Haec</span> <span class='ocrx_word' id='word_1_644' title='bbox 293 1970 337 1994; x_wconf 85' lang='lat' dir='ltr'>est</span> <span class='ocrx_word' id='word_1_645' title='bbox 360 1976 427 1994; x_wconf 88' lang='lat' dir='ltr'>vera</span> <span class='ocrx_word' id='word_1_646' title='bbox 452 1965 541 1994; x_wconf 85' lang='lat' dir='ltr'>huius</span> <span class='ocrx_word' id='word_1_647' title='bbox 564 1966 624 1994; x_wconf 83' lang='lat' dir='ltr'>loci</span> <span class='ocrx_word' id='word_1_648' title='bbox 648 1966 805 2004; x_wconf 82' lang='lat' dir='ltr'>expositio.</span> <span class='ocrx_word' id='word_1_649' title='bbox 831 1965 941 1995; x_wconf 79' lang='lat' dir='ltr'>Idem.</span> <span class='ocrx_word' id='word_1_650' title='bbox 983 1965 1096 2005; x_wconf 77' lang='lat' dir='ltr'>Fulgur</span> <span class='ocrx_word' id='word_1_651' title='bbox 1117 1964 1278 1994; x_wconf 76' lang='lat' dir='ltr'>conditum.</span> <span class='ocrx_word' id='word_1_652' title='bbox 1316 1965 1427 2002; x_wconf 74' lang='lat' dir='ltr'>Fulgur</span> <span class='ocrx_word' id='word_1_653' title='bbox 1451 1964 1579 1993; x_wconf 80' lang='lat' dir='ltr'>condere</span> <span class='ocrx_word' id='word_1_654' title='bbox 1603 1963 1782 1992; x_wconf 82' lang='lat' dir='ltr'>dicebantur</span> <span class='ocrx_word' id='word_1_655' title='bbox 1804 1963 1937 1999; x_wconf 79' lang='lat' dir='ltr'>Augures</span> <span class='ocrx_word' id='word_1_656' title='bbox 1959 1961 2022 1989; x_wconf 88' lang='lat' dir='ltr'>sive</span> 
     </span>
     <span class='ocr_line' id='line_1_44' title="bbox 63 2003 2021 2047; baseline -0.001 -9"><span class='ocrx_word' id='word_1_657' title='bbox 63 2009 235 2045; x_wconf 80' lang='lat' dir='ltr'>Pontifices,</span> <span class='ocrx_word' id='word_1_658' title='bbox 259 2019 327 2037; x_wconf 90' lang='lat' dir='ltr'>cum</span> <span class='ocrx_word' id='word_1_659' title='bbox 349 2008 488 2047; x_wconf 84' lang='lat' dir='ltr'>reliquias</span> <span class='ocrx_word' id='word_1_660' title='bbox 510 2008 636 2046; x_wconf 82' lang='lat' dir='ltr'>fulguris</span> <span class='ocrx_word' id='word_1_661' title='bbox 661 2009 842 2045; x_wconf 83' lang='lat' dir='ltr'>condebant,</span> <span class='ocrx_word' id='word_1_662' title='bbox 867 2008 1067 2038; x_wconf 83' lang='lat' dir='ltr'>defodiebant.</span> <span class='ocrx_word' id='word_1_663' title='bbox 1099 2007 1190 2036; x_wconf 86' lang='lat' dir='ltr'>Vetus</span> <span class='ocrx_word' id='word_1_664' title='bbox 1213 2008 1362 2046; x_wconf 82' lang='lat' dir='ltr'>interpres</span> <span class='ocrx_word' id='word_1_665' title='bbox 1378 2007 1510 2037; x_wconf 83' lang='lat' dir='ltr'>Iuvenal.</span> <span class='ocrx_word' id='word_1_666' title='bbox 1525 2007 1561 2035; x_wconf 88' lang='lat' dir='ltr'>ad</span> <span class='ocrx_word' id='word_1_667' title='bbox 1585 2006 1670 2035; x_wconf 88' lang='lat' dir='ltr'>illum</span> <span class='ocrx_word' id='word_1_668' title='bbox 1693 2015 1812 2035; x_wconf 88' lang='lat' dir='ltr'>versum</span> <span class='ocrx_word' id='word_1_669' title='bbox 1828 2004 1892 2042; x_wconf 84' lang='lat' dir='ltr'>(Vl,</span> <span class='ocrx_word' id='word_1_670' title='bbox 1918 2003 2021 2040; x_wconf 81' lang='lat'>587.):</span> 
     </span>
    </p>

    <p class='ocr_par' dir='ltr' id='par_1_5' title="bbox 61 2049 2017 2433">
     <span class='ocr_line' id='line_1_45' title="bbox 602 2049 1472 2091; baseline -0.001 -12"><span class='ocrx_word' id='word_1_671' title='bbox 602 2050 704 2091; x_wconf 80' lang='lat' dir='ltr'>Atque</span> <span class='ocrx_word' id='word_1_672' title='bbox 725 2049 835 2091; x_wconf 81' lang='lat' dir='ltr'>aliquis</span> <span class='ocrx_word' id='word_1_673' title='bbox 857 2052 966 2086; x_wconf 80' lang='lat' dir='ltr'>senior,</span> <span class='ocrx_word' id='word_1_674' title='bbox 997 2051 1049 2090; x_wconf 83' lang='lat' dir='ltr'>qui</span> <span class='ocrx_word' id='word_1_675' title='bbox 1068 2049 1190 2089; x_wconf 78' lang='lat' dir='ltr'>publica</span> <span class='ocrx_word' id='word_1_676' title='bbox 1203 2049 1336 2090; x_wconf 77' lang='lat' dir='ltr'>fulgura</span> <span class='ocrx_word' id='word_1_677' title='bbox 1361 2049 1472 2079; x_wconf 77' lang='lat' dir='ltr'>condit.</span> 
     </span>
     <span class='ocr_line' id='line_1_46' title="bbox 65 2087 2017 2134; baseline -0.004 -11"><span class='ocrx_word' id='word_1_678' title='bbox 65 2093 160 2124; x_wconf 78' lang='lat' dir='ltr'>Condi</span> <span class='ocrx_word' id='word_1_679' title='bbox 172 2092 304 2133; x_wconf 74' lang='lat' dir='ltr'>fulgura</span> <span class='ocrx_word' id='word_1_680' title='bbox 328 2091 484 2129; x_wconf 75' lang='lat' dir='ltr'>dicuntur,</span> <span class='ocrx_word' id='word_1_681' title='bbox 518 2093 631 2131; x_wconf 88' lang='lat' dir='ltr'>inquit,</span> <span class='ocrx_word' id='word_1_682' title='bbox 666 2094 901 2133; x_wconf 74' lang='lat' dir='ltr'>quotiescumque</span> <span class='ocrx_word' id='word_1_683' title='bbox 923 2092 1072 2134; x_wconf 63' lang='lat' dir='ltr'>Pontifex</span> <span class='ocrx_word' id='word_1_684' title='bbox 1096 2093 1241 2132; x_wconf 78' lang='lat' dir='ltr'>dispersos</span> <span class='ocrx_word' id='word_1_685' title='bbox 1263 2094 1344 2131; x_wconf 74' lang='lat' dir='ltr'>ignes</span> <span class='ocrx_word' id='word_1_686' title='bbox 1366 2093 1396 2121; x_wconf 84' lang='lat' dir='ltr'>in</span> <span class='ocrx_word' id='word_1_687' title='bbox 1419 2103 1506 2121; x_wconf 85' lang='lat' dir='ltr'>unum</span> <span class='ocrx_word' id='word_1_688' title='bbox 1533 2089 1638 2130; x_wconf 73' lang='lat' dir='ltr'>redigit</span> <span class='ocrx_word' id='word_1_689' title='bbox 1660 2087 1790 2130; x_wconf 80' lang='lat' dir='ltr'>quadam</span> <span class='ocrx_word' id='word_1_690' title='bbox 1813 2089 1907 2118; x_wconf 80' lang='lat' dir='ltr'>tacita</span> <span class='ocrx_word' id='word_1_691' title='bbox 1929 2089 2017 2127; x_wconf 54' lang='lat' dir='ltr'>igno-1</span> 
     </span>
     <span class='ocr_line' id='line_1_47' title="bbox 63 2131 2015 2176; baseline -0.004 -11"><span class='ocrx_word' id='word_1_692' title='bbox 63 2145 185 2176; x_wconf 79' lang='lat' dir='ltr'>rataque</span> <span class='ocrx_word' id='word_1_693' title='bbox 204 2147 303 2174; x_wconf 82' lang='lat' dir='ltr'>prece,</span> <span class='ocrx_word' id='word_1_694' title='bbox 339 2143 365 2164; x_wconf 78' lang='lat' dir='ltr'>et</span> <span class='ocrx_word' id='word_1_695' title='bbox 388 2133 484 2164; x_wconf 82' lang='lat' dir='ltr'>Iocum</span> <span class='ocrx_word' id='word_1_696' title='bbox 507 2136 672 2174; x_wconf 74' lang='lat' dir='ltr'>aggestione</span> <span class='ocrx_word' id='word_1_697' title='bbox 694 2143 894 2165; x_wconf 80' lang='lat' dir='ltr'>consecratum</span> <span class='ocrx_word' id='word_1_698' title='bbox 918 2136 949 2164; x_wconf 83' lang='lat' dir='ltr'>it.</span> <span class='ocrx_word' id='word_1_699' title='bbox 996 2136 1073 2164; x_wconf 70' lang='lat' dir='ltr'>citat</span> <span class='ocrx_word' id='word_1_700' title='bbox 1096 2136 1205 2163; x_wconf 71' lang='lat' dir='ltr'>deinde</span> <span class='ocrx_word' id='word_1_701' title='bbox 1228 2135 1341 2163; x_wconf 82' lang='lat' dir='ltr'>Lucani</span> <span class='ocrx_word' id='word_1_702' title='bbox 1362 2144 1467 2163; x_wconf 88' lang='lat' dir='ltr'>versus</span> <span class='ocrx_word' id='word_1_703' title='bbox 1489 2134 1656 2163; x_wconf 88' lang='lat' dir='ltr'>notissimos</span> <span class='ocrx_word' id='word_1_704' title='bbox 1679 2132 1804 2170; x_wconf 87' lang='lat' dir='ltr'>(Lucan.</span> <span class='ocrx_word' id='word_1_705' title='bbox 1819 2131 1847 2166; x_wconf 86' lang='lat' dir='ltr'>l,</span> <span class='ocrx_word' id='word_1_706' title='bbox 1872 2131 1943 2163; x_wconf 83' lang='lat'>584.</span> <span class='ocrx_word' id='word_1_707' title='bbox 1957 2139 2015 2166; x_wconf 81' lang='lat' dir='ltr'>seq.</span> 
     </span>
     <span class='ocr_line' id='line_1_48' title="bbox 62 2174 2014 2217; baseline -0.006 -7"><span class='ocrx_word' id='word_1_708' title='bbox 62 2182 134 2210; x_wconf 87' lang='lat'>606.</span> <span class='ocrx_word' id='word_1_709' title='bbox 148 2180 232 2216; x_wconf 68' lang='lat' dir='ltr'>seq).</span> <span class='ocrx_word' id='word_1_710' title='bbox 270 2178 328 2206; x_wconf 86' lang='lat' dir='ltr'>Sed</span> <span class='ocrx_word' id='word_1_711' title='bbox 350 2178 426 2206; x_wconf 84' lang='lat' dir='ltr'>illud</span> <span class='ocrx_word' id='word_1_712' title='bbox 450 2178 610 2206; x_wconf 86' lang='lat' dir='ltr'>ridiculum</span> <span class='ocrx_word' id='word_1_713' title='bbox 634 2178 670 2206; x_wconf 93' lang='lat' dir='ltr'>de</span> <span class='ocrx_word' id='word_1_714' title='bbox 693 2179 808 2215; x_wconf 81' lang='lat' dir='ltr'>ignibus</span> <span class='ocrx_word' id='word_1_715' title='bbox 832 2179 962 2207; x_wconf 81' lang='lat' dir='ltr'>fulminis</span> <span class='ocrx_word' id='word_1_716' title='bbox 986 2179 1126 2217; x_wconf 83' lang='lat' dir='ltr'>dispersis</span> <span class='ocrx_word' id='word_1_717' title='bbox 1149 2177 1330 2213; x_wconf 74' lang='lat' dir='ltr'>colligendis.</span> <span class='ocrx_word' id='word_1_718' title='bbox 1373 2178 1461 2213; x_wconf 91' lang='lat' dir='ltr'>Quod</span> <span class='ocrx_word' id='word_1_719' title='bbox 1486 2176 1601 2215; x_wconf 87' lang='lat' dir='ltr'>poetice</span> <span class='ocrx_word' id='word_1_720' title='bbox 1624 2175 1736 2204; x_wconf 87' lang='lat' dir='ltr'>dictum</span> <span class='ocrx_word' id='word_1_721' title='bbox 1758 2184 1828 2203; x_wconf 87' lang='lat' dir='ltr'>reor</span> <span class='ocrx_word' id='word_1_722' title='bbox 1850 2185 1866 2202; x_wconf 90' lang='lat' dir='ltr'>a</span> <span class='ocrx_word' id='word_1_723' title='bbox 1889 2174 2014 2201; x_wconf 78' lang='lat' dir='ltr'>Lucano.</span> 
     </span>
     <span class='ocr_line' id='line_1_49' title="bbox 62 2216 2015 2259; baseline -0.005 -8"><span class='ocrx_word' id='word_1_724' title='bbox 62 2223 119 2251; x_wconf 85' lang='lat' dir='ltr'>Per</span> <span class='ocrx_word' id='word_1_725' title='bbox 144 2221 226 2257; x_wconf 83' lang='lat' dir='ltr'>ignes</span> <span class='ocrx_word' id='word_1_726' title='bbox 252 2226 349 2249; x_wconf 83' lang='lat' dir='ltr'>autem</span> <span class='ocrx_word' id='word_1_727' title='bbox 374 2220 524 2258; x_wconf 82' lang='lat' dir='ltr'>dispersos</span> <span class='ocrx_word' id='word_1_728' title='bbox 547 2220 679 2249; x_wconf 79' lang='lat' dir='ltr'>fulminis</span> <span class='ocrx_word' id='word_1_729' title='bbox 701 2221 835 2258; x_wconf 81' lang='lat' dir='ltr'>intelligo</span> <span class='ocrx_word' id='word_1_730' title='bbox 859 2230 922 2257; x_wconf 83' lang='lat' dir='ltr'>res,</span> <span class='ocrx_word' id='word_1_731' title='bbox 962 2229 1165 2259; x_wconf 82' lang='lat' dir='ltr'>quascumque</span> <span class='ocrx_word' id='word_1_732' title='bbox 1187 2220 1282 2258; x_wconf 77' lang='lat' dir='ltr'>tetigit</span> <span class='ocrx_word' id='word_1_733' title='bbox 1304 2224 1333 2248; x_wconf 83' lang='lat' dir='ltr'>et</span> <span class='ocrx_word' id='word_1_734' title='bbox 1355 2220 1498 2248; x_wconf 81' lang='lat' dir='ltr'>ambussit</span> <span class='ocrx_word' id='word_1_735' title='bbox 1520 2219 1595 2256; x_wconf 72' lang='lat' dir='ltr'>ignis</span> <span class='ocrx_word' id='word_1_736' title='bbox 1618 2222 1668 2246; x_wconf 78' lang='lat' dir='ltr'>aut</span> <span class='ocrx_word' id='word_1_737' title='bbox 1691 2216 1793 2251; x_wconf 83' lang='lat' dir='ltr'>scidit,</span> <span class='ocrx_word' id='word_1_738' title='bbox 1829 2221 1856 2244; x_wconf 87' lang='lat' dir='ltr'>et</span> <span class='ocrx_word' id='word_1_739' title='bbox 1879 2223 2015 2253; x_wconf 89' lang='lat' dir='ltr'>quocun—</span> 
     </span>
     <span class='ocr_line' id='line_1_50' title="bbox 61 2256 2014 2303; baseline -0.005 -11"><span class='ocrx_word' id='word_1_740' title='bbox 61 2274 119 2303; x_wconf 86' lang='lat' dir='ltr'>que</span> <span class='ocrx_word' id='word_1_741' title='bbox 141 2263 198 2292; x_wconf 90' lang='lat' dir='ltr'>alio</span> <span class='ocrx_word' id='word_1_742' title='bbox 222 2263 311 2291; x_wconf 85' lang='lat' dir='ltr'>modo</span> <span class='ocrx_word' id='word_1_743' title='bbox 340 2263 471 2291; x_wconf 83' lang='lat' dir='ltr'>violavit.</span> <span class='ocrx_word' id='word_1_744' title='bbox 516 2263 566 2291; x_wconf 82' lang='lat' dir='ltr'>sic</span> <span class='ocrx_word' id='word_1_745' title='bbox 588 2273 625 2291; x_wconf 86' lang='lat' dir='ltr'>ex</span> <span class='ocrx_word' id='word_1_746' title='bbox 648 2263 777 2302; x_wconf 79' lang='lat' dir='ltr'>quodam</span> <span class='ocrx_word' id='word_1_747' title='bbox 803 2263 963 2292; x_wconf 80' lang='lat' dir='ltr'>Pausaniae</span> <span class='ocrx_word' id='word_1_748' title='bbox 985 2263 1054 2292; x_wconf 90' lang='lat' dir='ltr'>loco</span> <span class='ocrx_word' id='word_1_749' title='bbox 1078 2263 1127 2292; x_wconf 90' lang='lat' dir='ltr'>lib.</span> <span class='ocrx_word' id='word_1_750' title='bbox 1142 2263 1161 2292; x_wconf 91' lang='grc' dir='ltr'>Ι.</span> <span class='ocrx_word' id='word_1_751' title='bbox 1187 2263 1275 2291; x_wconf 83' lang='lat' dir='ltr'>Eliac.</span> <span class='ocrx_word' id='word_1_752' title='bbox 1298 2262 1427 2300; x_wconf 85' lang='lat' dir='ltr'>colligo,</span> <span class='ocrx_word' id='word_1_753' title='bbox 1462 2271 1509 2291; x_wconf 88' lang='lat' dir='ltr'>res</span> <span class='ocrx_word' id='word_1_754' title='bbox 1534 2259 1691 2298; x_wconf 78' lang='lat' dir='ltr'>fulguritas</span> <span class='ocrx_word' id='word_1_755' title='bbox 1714 2260 1744 2288; x_wconf 86' lang='lat' dir='ltr'>in</span> <span class='ocrx_word' id='word_1_756' title='bbox 1767 2269 1838 2287; x_wconf 86' lang='lat' dir='ltr'>urna</span> <span class='ocrx_word' id='word_1_757' title='bbox 1862 2256 2014 2295; x_wconf 86' lang='lat' dir='ltr'>impositas</span> 
     </span>
     <span class='ocr_line' id='line_1_51' title="bbox 62 2300 2016 2345; baseline -0.005 -10"><span class='ocrx_word' id='word_1_758' title='bbox 62 2307 140 2345; x_wconf 87' lang='lat' dir='ltr'>apud</span> <span class='ocrx_word' id='word_1_759' title='bbox 167 2308 296 2334; x_wconf 83' lang='lat' dir='ltr'>Graecos</span> <span class='ocrx_word' id='word_1_760' title='bbox 319 2305 406 2334; x_wconf 80' lang='lat' dir='ltr'>condi</span> <span class='ocrx_word' id='word_1_761' title='bbox 427 2306 528 2334; x_wconf 88' lang='lat' dir='ltr'>solitas</span> <span class='ocrx_word' id='word_1_762' title='bbox 550 2306 639 2334; x_wconf 77' lang='lat' dir='ltr'>fuisse</span> <span class='ocrx_word' id='word_1_763' title='bbox 661 2311 689 2334; x_wconf 90' lang='lat' dir='ltr'>et</span> <span class='ocrx_word' id='word_1_764' title='bbox 713 2307 856 2344; x_wconf 79' lang='lat' dir='ltr'>operculo</span> <span class='ocrx_word' id='word_1_765' title='bbox 880 2306 947 2343; x_wconf 74' lang='lat' dir='ltr'>tegi.</span> <span class='ocrx_word' id='word_1_766' title='bbox 988 2307 1025 2334; x_wconf 76' lang='lat' dir='ltr'>At</span> <span class='ocrx_word' id='word_1_767' title='bbox 1049 2311 1133 2334; x_wconf 78' lang='lat' dir='ltr'>vetus</span> <span class='ocrx_word' id='word_1_768' title='bbox 1155 2306 1301 2344; x_wconf 77' lang='lat' dir='ltr'>interpres</span> <span class='ocrx_word' id='word_1_769' title='bbox 1327 2306 1415 2334; x_wconf 82' lang='lat' dir='ltr'>Persii</span> <span class='ocrx_word' id='word_1_770' title='bbox 1438 2305 1523 2333; x_wconf 82' lang='lat' dir='ltr'>aliter</span> <span class='ocrx_word' id='word_1_771' title='bbox 1546 2303 1671 2342; x_wconf 88' lang='lat' dir='ltr'>exponit</span> <span class='ocrx_word' id='word_1_772' title='bbox 1693 2302 1771 2331; x_wconf 85' lang='lat' dir='ltr'>hanc</span> <span class='ocrx_word' id='word_1_773' title='bbox 1794 2300 1919 2336; x_wconf 69' lang='lat' dir='ltr'>fulguris</span> <span class='ocrx_word' id='word_1_774' title='bbox 1941 2307 2016 2326; x_wconf 87' lang='lat' dir='ltr'>con—</span> 
     </span>
     <span class='ocr_line' id='line_1_52' title="bbox 61 2339 2013 2388; baseline -0.005 -10"><span class='ocrx_word' id='word_1_775' title='bbox 61 2349 152 2378; x_wconf 87' lang='lat' dir='ltr'>dendi</span> <span class='ocrx_word' id='word_1_776' title='bbox 176 2349 328 2377; x_wconf 84' lang='lat' dir='ltr'>rationem.</span> <span class='ocrx_word' id='word_1_777' title='bbox 375 2346 409 2376; x_wconf 84' lang='lat' dir='ltr'>In</span> <span class='ocrx_word' id='word_1_778' title='bbox 432 2360 500 2385; x_wconf 78' lang='lat' dir='ltr'>usu,</span> <span class='ocrx_word' id='word_1_779' title='bbox 528 2348 641 2386; x_wconf 86' lang='lat' dir='ltr'>inquit,</span> <span class='ocrx_word' id='word_1_780' title='bbox 661 2347 745 2388; x_wconf 81' lang='lat' dir='ltr'>fuit,</span> <span class='ocrx_word' id='word_1_781' title='bbox 768 2356 799 2377; x_wconf 79' lang='lat' dir='ltr'>ut</span> <span class='ocrx_word' id='word_1_782' title='bbox 823 2349 960 2388; x_wconf 76' lang='lat' dir='ltr'>Augures</span> <span class='ocrx_word' id='word_1_783' title='bbox 980 2347 1028 2377; x_wconf 79' lang='lat' dir='ltr'>vel</span> <span class='ocrx_word' id='word_1_784' title='bbox 1046 2349 1210 2387; x_wconf 75' lang='lat' dir='ltr'>Aruspices</span> <span class='ocrx_word' id='word_1_785' title='bbox 1231 2347 1357 2378; x_wconf 81' lang='lat' dir='ltr'>adducti</span> <span class='ocrx_word' id='word_1_786' title='bbox 1380 2346 1416 2376; x_wconf 80' lang='lat' dir='ltr'>de</span> <span class='ocrx_word' id='word_1_787' title='bbox 1436 2344 1556 2375; x_wconf 79' lang='lat' dir='ltr'>Etruria</span> <span class='ocrx_word' id='word_1_788' title='bbox 1581 2347 1666 2375; x_wconf 77' lang='lat' dir='ltr'>certis</span> <span class='ocrx_word' id='word_1_789' title='bbox 1688 2341 1861 2382; x_wconf 73' lang='lat' dir='ltr'>temporibus</span> <span class='ocrx_word' id='word_1_790' title='bbox 1872 2339 2013 2381; x_wconf 82' lang='lat' dir='ltr'>fulmina</span> 
     </span>
     <span class='ocr_line' id='line_1_53' title="bbox 62 2383 2012 2433; baseline -0.006 -12"><span class='ocrx_word' id='word_1_791' title='bbox 62 2392 273 2431; x_wconf 72' lang='lat' dir='ltr'>transfigurata</span> <span class='ocrx_word' id='word_1_792' title='bbox 294 2391 324 2419; x_wconf 86' lang='lat' dir='ltr'>in</span> <span class='ocrx_word' id='word_1_793' title='bbox 347 2389 460 2430; x_wconf 80' lang='lat' dir='ltr'>lapides</span> <span class='ocrx_word' id='word_1_794' title='bbox 483 2389 567 2433; x_wconf 86' lang='lat' dir='ltr'>infra</span> <span class='ocrx_word' id='word_1_795' title='bbox 589 2397 695 2420; x_wconf 78' lang='lat' dir='ltr'>terram</span> <span class='ocrx_word' id='word_1_796' title='bbox 723 2389 950 2425; x_wconf 74' lang='lat' dir='ltr'>absconderent,</span> <span class='ocrx_word' id='word_1_797' title='bbox 987 2392 1070 2420; x_wconf 78' lang='lat' dir='ltr'>cuius</span> <span class='ocrx_word' id='word_1_798' title='bbox 1097 2392 1128 2419; x_wconf 82' lang='lat' dir='ltr'>in</span> <span class='ocrx_word' id='word_1_799' title='bbox 1155 2391 1323 2429; x_wconf 79' lang='lat' dir='ltr'>patratione</span> <span class='ocrx_word' id='word_1_800' title='bbox 1352 2391 1393 2419; x_wconf 82' lang='lat' dir='ltr'>rei</span> <span class='ocrx_word' id='word_1_801' title='bbox 1420 2399 1484 2418; x_wconf 75' lang='lat' dir='ltr'>oves</span> <span class='ocrx_word' id='word_1_802' title='bbox 1513 2387 1750 2417; x_wconf 71' lang='lat' dir='ltr'>immolabantur.</span> <span class='ocrx_word' id='word_1_803' title='bbox 1797 2385 1889 2422; x_wconf 75' lang='lat' dir='ltr'>Lego:</span> <span class='ocrx_word' id='word_1_804' title='bbox 1930 2383 2012 2413; x_wconf 76' lang='lat' dir='ltr'>cuius</span> 
     </span>
    </p>
   </div>
  </div>
 </body>
</html>
