2263 2668
527 123 592 157 DE
619 120 1006 157 SIGNIFICATIONE
1036 122 1321 162 VERBORUM.
1372 126 1520 160 LIBER
1546 125 1637 161 xlv.
1982 129 2060 165 595

108 226 198 246 causa
222 220 290 245 ante
311 215 561 255 praemetebatur.
607 217 737 244 Lacones
760 218 871 243 vocant
893 214 1071 254 προλογίαν,·
1107 217 1188 255 quod
1209 218 1306 247 Cereri
1330 219 1494 248 offerebant
1516 224 1586 258 post
1607 229 1728 248 messem
1751 220 1861 249 factam
1873 221 2059 264 flonfirtum

106 259 264 289 vocabant.
294 258 369 287 Vide
391 258 422 287 in
444 268 473 288 v.
497 257 702 298 διισνῂῖεἰιυη,ι
727 257 810 296 quod
832 261 898 286 ante
920 267 1042 286 messem
1062 261 1261 298 praemetium.
1282 261 1370 291 Duc.
1400 262 1457 290 Alii
1480 263 1692 291 Praemessum.
1724 262 1792 291 Dixi
1816 263 1902 292 etiam
1926 266 1963 294 ad
1987 267 2060 296 Var-

106 312 221 331 ronem.
266 299 293 330 G
300 300 371 331 oth.

273 342 479 372 Protelare.
522 343 643 371 Protelo
672 343 798 378 ducere,
832 341 863 370 id
892 346 936 370 est
964 352 1024 371 uno
1054 347 1156 373 tenore
1183 356 1218 374 ac
1240 346 1333 375 ductu
1356 352 1486 376 aratrum
1509 348 1574 377 sive
1597 347 1654 377 alia
1677 347 1800 384 ducere,
1836 347 1971 386 trahere,
2009 350 2059 379 cui

109 385 291 416 contrarium
311 386 442 425 strigare,
485 385 581 414 Lucil.
603 385 656 414 lib.
670 385 733 414 VL:

688 426 778 464 Quem
802 438 890 466 neque
911 423 1046 455 Lucanis
1068 428 1186 458 oriundi
1207 430 1349 460 montibu’
1372 430 1454 460 tardi

686 469 798 498 Ducere
817 467 930 509 protelo
952 467 1061 498 validis
1084 471 1237 500 cervicihu'
1259 481 1385 512 possent.

109 513 148 543 Et
167 512 220 544 lib.
232 511 299 540 XII.
306 524 314 540 2

686 550 780 582 ,ΓῙιιηο
802 554 871 592 iuga
894 551 1039 582 mulorum
1061 555 1175 594 protelo
1200 555 1304 587 <lucere
1326 566 1438 587 centum

689 594 756 623 Non
778 602 906 635 possunt.

111 639 230 668 Protelo
259 639 367 668 ducere
391 638 497 666 Graeci
527 637 632 665 dicunt
660 634 823 676 ἆμπρειῗειν
846 643 874 666 et
897 636 1089 678 ἔξαμπρεύειν
1111 651 1126 668 a
1152 651 1223 670 voce
1248 639 1383 680 εἷμπρόν,
1421 643 1472 680 qui
1495 643 1560 671 vice
1582 643 1702 672 timonis
1730 643 1808 672 inter
1831 643 1945 672 medios
1969 643 2059 672 boves

109 681 304 717 tendebatur,
338 686 371 709 ut
392 680 481 709 hodie
504 681 591 709 etiam
615 679 793 718 aliquando,
832 690 923 719 quare
945 681 1074 721 scriptor
1098 683 1242 712 Glossarii
1265 684 1412 723 protelum
1436 685 1650 724 interpretatur
1673 686 1832 725 ξ’ξαμπρον.
1879 686 1961 714 Unde
1984 686 2059 714 falso

109 724 166 753 sibi
187 729 401 763 persuaserunt
422 724 478 752 viri
503 723 583 751 docti
606 721 750 762 protelum
780 732 843 751 esse
863 723 976 760 lorum,
999 725 1080 762 quod
1104 726 1162 754 alio
1187 728 1306 755 nomine
1331 738 1443 756 cessum
1467 728 1585 757 dicitur.
1629 726 1776 757 Protelum
1802 733 1828 757 et
1849 727 1962 768 protelo
1985 727 2060 756 nihil

111 767 191 796 aliud
213 771 297 795 notat
320 776 406 804 quam
430 766 698 801 continuationem,
722 770 853 793 tenorem
877 772 905 794 et
928 771 970 796 est
991 777 1007 794 a
1030 769 1098 805 τῆλε
1121 767 1220 808 longe,
1245 770 1305 798 sive
1329 770 1427 808 potius
1450 781 1464 798 a
1488 769 1543 799 telo
1568 776 1595 799 et
1618 770 1705 799 telum
1729 782 1744 799 a
1767 773 1842 809 τῆλε.
1884 771 1972 806 Quod
1997 776 2060 809 ety-

110 819 181 839 mon
203 820 239 838 ex
263 809 388 838 aliorum
411 809 554 837 sententia
577 809 668 837 refert
693 809 836 836 Donatus.
882 809 972 837 Notat
999 809 1090 847 igitur
1112 812 1251 850 proprie,
1289 817 1322 840 ut
1346 813 1457 851 optime
1481 813 1579 849 Voss.,
1620 813 1819 841 continuatam
1842 813 1893 841 teli
1918 824 1933 842 e
1955 813 2062 842 balista

110 852 335 892 impulsionem,
372 852 434 880 sive
457 862 522 880 cum
546 861 671 890 prorsus
694 851 806 888 aliquid
828 851 915 889 longe
938 850 1084 889 traditur,
1119 854 1202 882 velut
1225 855 1316 883 telum
1340 855 1444 883 balista
1468 856 1617 885 emissum.
1663 856 1744 884 Unde
1770 856 1939 895 protelare,
1972 854 2061 894 longe

110 895 298 934 propellere,
322 895 443 932 eiicere,
467 895 578 933 fugare.
623 894 776 932 Turpilius
799 894 942 922 Lemniis:

687 935 810 975 Propter·
829 943 981 976 peccatum
1001 936 1172 977 pauxillum
1196 938 1397 977 indignissime

687 977 790 1007 Patria
812 978 986 1018 protelatum
1010 992 1068 1009 esse
1088 981 1208 1009 saevitia
1229 983 1332 1020 patrie.

109 1022 148 1050 Et
169 1021 287 1050 Terent.
306 1020 425 1052 Phorm.
441 1021 471 1059 Ι,
494 1022 530 1059 4,
553 1019 640 1062 (35).
664 1020 752 1049 Dae.
791 1021 864 1050 Vide
886 1022 1014 1051 Nonium
1037 1020 1116 1062 (pag.
1131 1026 1202 1055 362.
1221 1024 1324 1065 Mero.)
1348 1024 1379 1051 in
1396 1022 1555 1052 Protelare.
1586 1023 1634 1052 Sic
1651 1023 1747 1053 Nonio
1772 1023 1853 1064 (pag.
1867 1024 1937 1057 159.
1955 1022 2060 1064 Merc.)

109 1062 282 1093 Protollere.
309 1061 415 1094 Goth.
458 1068 543 1103 Τῆλε.
578 1063 667 1092 Thac.
713 1062 821 1092 Idem.

273 1105 445 1136 Privato.
490 1107 552 1135 Liv.
575 1105 686 1134 lib.1V.
710 1105 825 1145 (c.59.)
849 1106 955 1135 scribit
976 1110 1024 1138 17.
1049 1117 1125 1136 anno
1149 1113 1215 1136 ante
1239 1113 1353 1147 captam
1382 1108 1502 1136 urbem:
1540 1108 1677 1137 Decrevit
1707 1113 1843 1145 senatus,
1882 1112 1917 1137 ut
1946 1108 2061 1148 stipen-

110 1147 193 1177 dium
219 1148 303 1176 miles
328 1148 364 1177 de
388 1150 508 1187 publico
532 1150 697 1187 acciperet,
734 1159 801 1176 cun]
826 1154 893 1177 ante
916 1149 946 1177 id
970 1154 1086 1189 tempus
1110 1150 1146 1179 (le
1170 1160 1223 1179 suo
1248 1152 1373 1190 quisque
1397 1152 1516 1179 functus
1540 1162 1574 1179 eo
1598 1161 1717 1180 munere
1741 1156 1826 1181 esset.
1855 1151 1942 1180 Ant.
1964 1150 2062 1190 Aug·

109 1191 231 1220 Privato
259 1196 381 1229 sumptu
410 1203 439 1220 se
469 1192 587 1220 alebant
617 1192 726 1219 milites
757 1196 914 1229 antequam
944 1193 1093 1231 stipendia
1123 1199 1322 1230 mererentur,
1359 1194 1439 1232 quod
1469 1194 1498 1221 in
1527 1193 1557 1221 id
1585 1194 1705 1222 duravit
1727 1199 1858 1232 teinpus,
1902 1191 1981 1231 quod
2005 1193 2062 1221 fuit

110 1234 212 1272 paullo
235 1238 302 1262 ante
325 1243 413 1271 quam
436 1236 507 1263 urbs
531 1239 619 1273 capta
642 1239 716 1261 esta
735 1234 845 1269 Gallis,
870 1245 885 1262 a
909 1244 968 1272 quo
992 1236 1054 1263 sine
1078 1235 1197 1274 publico
1221 1237 1368 1275 stipendio
1391 1237 1498 1264 milites
1521 1246 1578 1264 non
1602 1236 1718 1265 fiebant.
1742 1235 1788 1264 Sc
1799 1235 1843 1265 al.
1871 1234 1934 1264 Liv.
1950 1235 2062 1265 lib.IV.

111 1281 182 1304 sect.
201 1277 268 1307 59.:
291 1275 439 1305 Additum
464 1276 568 1305 deinde
590 1278 671 1313 (ann.
697 1276 728 1307 U.
752 1277 782 1304 C.
804 1278 874 1308 349.
900 1282 966 1305 ante
989 1283 1107 1317 captam
1132 1279 1234 1307 urbem
1260 1291 1274 1307 a
1300 1280 1392 1307 Gallis
1416 1289 1482 1307 ann.
1505 1280 1569 1313 17.)
1593 1280 1719 1308 omnium
1742 1279 1875 1307 maxime
1897 1278 2062 1318 tempestivo

108 1319 274 1358 principum
298 1319 327 1346 in
350 1318 564 1347 multitudinem
587 1330 718 1353 munere,
749 1325 779 1346 ut
803 1326 870 1347 ante
891 1320 1062 1349 mentionem
1087 1319 1178 1349 ullam
1200 1321 1294 1361 plebis
1314 1321 1529 1350 tribunorumve
1552 1319 1710 1350 decerneret
1733 1328 1864 1355 senatus,
1896 1327 1927 1348 ut
1949 1321 2071 1359 stipen-

112 1359 192 1389 dium
216 1359 298 1388 miles
321 1359 357 1388 ἅε
376 1361 496 1399 publico
520 1362 678 1400 acciperet,
710 1372 797 1400 quum
821 1369 888 1389 ante
909 1361 942 1390 id
965 1369 1074 1402 tempus
1099 1363 1134 1391 de
1156 1375 1208 1392 suo
1234 1365 1355 1404 quisque
1368 1364 1496 1404 functus
1518 1375 1549 1392 eo
1573 1375 1688 1392 munere
1710 1370 1788 1393 esset.
1835 1362 1925 1391 Dac.

276 1401 390 1432 Porci
417 1403 585 1445 effigies.
633 1403 668 1430 Ut
698 1408 728 1430 et
751 1402 928 1434 Illinotauri.
976 1405 1049 1434 Vide
1077 1416 1166 1444 supra
1189 1405 1368 1436 Minotauri.
1414 1407 1453 1434 De
1485 1407 1581 1444 aquila
1611 1406 1678 1434 vide
1702 1405 1829 1434 Pumx.
1854 1414 1877 1432 c.
1892 1404 1921 1436 4.
1958 1401 2064 1434 Goth.

110 1443 208 1474 Porca
221 1444 336 1487 foedus
349 1446 474 1484 firmari
495 1444 577 1474 solet.
607 1445 682 1473 Vide
707 1455 794 1483 supra
819 1445 932 1475 Foedus
954 1452 982 1475 et
1004 1447 1163 1478 Foeciales.
1198 1449 1314 1477 Livium
1334 1450 1354 1477 I.
1380 1448 1417 1487 (c.
1431 1448 1492 1487 24.)
1517 1449 1610 1477 Varro
1628 1449 1663 1477 ΙΙ.
1688 1449 1722 1476 de
1746 1457 1769 1476 r.
1790 1456 1815 1476 r.
1837 1446 1868 1478 4.
1893 1445 1972 1484 Virg.
1988 1446 2064 1475 VIII.

111 1486 154 1527 (v.
166 1487 249 1527 641.)
275 1487 399 1522 Quintil.
416 1489 498 1525 vul,
522 1490 553 1519 3.
594 1489 634 1516 De
657 1488 757 1527 porcis
780 1488 856 1516 adde
880 1488 1042 1529 Depubem,
1065 1490 1237 1529 Bissula—us,
1261 1491 1452 1529 Faustulum,
1476 1490 1694 1531 Propudianus.
1718 1489 1828 1520 Idem.
1864 1489 1907 1518 Ct'.
1926 1489 2064 1519 Creuzer.

111 1530 234 1569 Antiqq.
257 1531 342 1559 Rom.
367 1531 474 1569 §.232
500 1533 648 1570 pag-292.
673 1535 702 1558 et
726 1530 777 1567 qui
802 1535 870 1558 sunt
894 1532 934 1559 ibi
959 1533 1051 1562 citati.

275 1571 498 1604 Polimenta,
542 1573 575 1600 Iu
597 1573 695 1601 verbis
719 1573 797 1600 Festi
820 1573 906 1601 initio
930 1574 989 1602 duo
1011 1575 1100 1603 verba
1124 1575 1342 1607 desiderantur.
1388 1577 1522 1604 Alterum
1547 1579 1589 1604 est
1613 1573 1831 1613 (Polimenta,)
1855 1573 1979 1603 alterum
2004 1579 2066 1602 esse

110 1615 225 1654 poterit
245 1615 397 1651 (veteres.)¹
426 1615 516 1645 Ant.
536 1615 627 1654 Aug.
674 1615 823 1643 Arnobius
846 1616 896 1644 lib.
911 1616 986 1645 V1[.:
1017 1616 1185 1646 Polimenta
1208 1626 1275 1647 sunt
1298 1629 1347 1655 ea,
1379 1630 1452 1658 quae
1474 1617 1662 1647 verecundius
1683 1616 1780 1657 proles
1803 1616 1938 1645 dicimus.
1984 1616 2065 1644 Idem

111 1657 149 1686 de
170 1657 306 1695 prolibus
329 1657 378 1685 lib.
392 1657 440 1686 V.:
469 1656 557 1686 Parte
578 1657 672 1685 altera
693 1655 790 1696 proles
813 1669 877 1686 cum
900 1659 971 1698 ipsis
992 1659 1170 1698 genitalibus
1191 1669 1326 1701 occupat.
1370 1662 1466 1690 Idem:
1500 1659 1707 1690 Circumiecms
1725 1658 1861 1699 prolibus
1884 1658 2064 1698 diripientem

111 1698 339 1728 membranulas.
365 1698 465 1730 Scal.
511 1701 606 1728 Plaut.
631 1700 811 1729 Menaechm.
836 1701 901 1731 Act.
922 1701 942 1730 Ι.
966 1710 1006 1729 sc.
1023 1704 1052 1733 3.
1078 1704 1174 1740 (28.):

546 1758 588 1763 —
631 1758 673 1764 —-
715 1750 765 1771 out
785 1742 947 1782 polimenta
967 1745 1093 1783 porcina
1116 1752 1167 1773 nui
1189 1744 1306 1786 aliquid
1328 1744 1371 1774 acl
1392 1757 1455 1774 eum
1478 1743 1608 1773 modum.

111 1783 215 1822 Inepte
235 1783 341 1812 Festus
364 1794 379 1812 a
399 1783 551 1824 politione.
586 1785 661 1813 Sunt
684 1787 759 1813 enim
784 1796 799 1813 a
820 1785 899 1825 polis
921 1797 971 1816 seu
991 1786 1111 1826 polulis.
1145 1789 1237 1817 Erant
1260 1794 1357 1817 autem
1378 1787 1466 1827 polae
1487 1797 1538 1816 seu
1559 1785 1680 1826 polulae
1701 1786 1779 1825 pilae
1803 1795 1840 1814 ex
1864 1784 1960 1820 aluta,
1983 1784 2066 1812 molli

112 1829 245 1854 tomento
274 1827 403 1863 sarctae,
442 1827 549 1865 quibus
578 1827 704 1856 datatim
734 1828 876 1857 ludebant
898 1829 929 1857 in
950 1830 1031 1864 soro,
1066 1830 1145 1858 unde
1165 1830 1260 1870 polire
1282 1832 1343 1870 pila
1366 1831 1470 1859 ludere
1494 1830 1631 1858 dicebant
1654 1833 1768 1857 veteres
1792 1833 1820 1856 et
1843 1828 1873 1856 id
1897 1832 2026 1855 tractum
2050 1836 2066 1854 a

113 1869 237 1898 Graeco.
280 1868 354 1898 Nam
384 1868 479 1907 φαλὸς
501 1870 613 1898 Graece
642 1871 786 1907 significat
816 1878 971 1908 veretrum,
1009 1873 1089 1908 quod
1118 1874 1287 1910 gestabatur
1315 1874 1346 1901 in
1370 1883 1483 1911 ‚pompa
1510 1871 1615 1900 Liberi.
1660 1871 1790 1900 Primum
1820 1871 1859 1898 ita
1888 1869 2065 1906 vocabatur,

113 1911 256 1949 quamdin
276 1911 359 1940 fieret
381 1922 419 1940 ex
441 1912 515 1949 ficu3
552 1918 708 1952 postquam
737 1923 773 1942 ex
797 1913 877 1942 aluta
902 1914 990 1944 rubra
1014 1913 1075 1943 fieri
1100 1920 1224 1954 coeptus
1247 1917 1345 1945 dictus
1368 1917 1496 1948 πολίων,
1535 1915 1570 1942 ab
1593 1923 1626 1942 eo
1647 1913 1735 1954 polae
1759 1913 1892 1949 Latinae,
1931 1919 2004 1950 quae
2028 1920 2066 1940 ex

112 1954 194 1982 aluta
216 1954 332 1982 fiebant.
370 1956 406 1983 Et
429 1956 592 1993 polimenta
615 1956 745 1984 testiculi
770 1966 930 1994 porcorum
955 1957 1044 1992 dicti,
1068 1962 1226 1997 postquam
1250 1969 1286 1987 ex
1309 1959 1361 1986 illo
1386 1958 1521 1986 folliculo
1545 1957 1690 1994 evaginati
1716 1960 1801 1984 erant
1822 1955 1851 1983 in
1877 1954 2065 1983 castratione.

111 1997 189 2024 Scal.
211 1997 242 2024 in
265 1997 469 2025 Coniectaneis
498 2000 580 2036 (pag.
593 2000 643 2029 66.
667 1998 711 2028 ed.
731 1998 848 2037 Steph.)
878 1999 915 2027 ad
937 1999 1109 2029 Varronem.
1154 2001 1211 2029 Sed
1241 2011 1319 2029 mei-e
1349 2001 1463 2029 fallitur
1485 1999 1633 2037 Scaliger:
1670 1997 1757 2027 Polla
1781 2009 1795 2026 a
1820 1998 1935 2025 Graeco
1958 1995 2064 2033 πάλλοτ,

111 2038 143 2067 id
168 2044 209 2066 est
230 2038 304 2077 pilo.
344 2039 469 2078 Hesych.
492 2039 604 2078 πάλλει,
630 2045 745 2077 σφαῖρα
768 2041 799 2071 ἐν.
822 2043 970 2071 ποικίλων
993 2041 1154 2079 πεμμάτων
1176 2044 1373 2081 πεποιημένη.
1405 2044 1461 2071 Pro
1484 2039 1579 2072 πάλλα
1604 2042 1720 2070 Aeolica
1743 2037 1854 2075 πόλλα,
1881 2038 1958 2067 unde
1979 2038 2065 2078 polla

113 2086 142 2110 et
162 2080 284 2120 pollire,
309 2082 367 2120 pila
392 2083 504 2119 ludere,
529 2087 557 2111 et
577 2082 672 2122 pollio
698 2081 712 2114 ὁ
736 2083 949 2121 παλλορᾱψοςς
972 2085 1114 2123 polimina
1138 2090 1235 2113 autem
1255 2097 1269 2114 a
1285 2084 1358 2125 pola
1382 2096 1437 2123 pro
1459 2083 1543 2123 polla
1567 2089 1620 2112 etc.
1645 2084 1729 2113 Duc.
1761 2083 1826 2110 Huc
1850 2082 1979 2119 pertinet
2003 2082 2019 2110 l.
2033 2084 2062 2113 9.

113 2124 180 2163 §.5.
205 2124 222 2152 l.
238 2126 286 2154 13.
311 2124 334 2163 ᾗ.
358 2125 383 2153 si
413 2126 487 2154 sullo
515 2127 692 2154 vestimenta
721 2127 860 2164 poliendo
884 2129 914 2158 6.
932 2126 963 2157 ff.
989 2127 1091 2156 locati.
1137 2128 1222 2156 Adde
1249 2138 1340 2167 supra
1368 2127 1546 2167 Depolitum.
1591 2127 1667 2155 Hinc
1697 2125 1794 2154 Gloss.
1823 2125 1905 2153 Polit
1932 2122 2063 2158 κνὰπτει,

111 2164 234 2196 aveinico
259 2167 355 2204 polio,
378 2167 458 2196 unde
480 2165 612 2205 κναφεύς
635 2168 721 2203 fullo,
752 2174 779 2196 ct
799 2169 914 2207 politur
937 2166 1083 2207 σμήκτης,
1114 2170 1165 2208 qui
1189 2175 1217 2199 et
1241 2171 1298 2199 alio
1321 2171 1390 2199 loco
1413 2171 1588 2208 pumicator.
1614 2166 1719 2197 Goth.
1764 2167 1797 2196 A
1817 2166 1962 2206 politione
1984 2176 2062 2203 sege-

112 2215 172 2237 tum
195 2209 278 2240 l-52.
304 2209 370 2248 §.2
393 2210 433 2238 ibi
462 2215 512 2239 aut
539 2221 640 2247 agrum
670 2211 792 2249 politori
815 2211 917 2240 damus
940 2211 969 2240 ff.
992 2222 1048 2250 pro
1071 2213 1161 2242 socio.
1201 2213 1286 2243 Adde
1309 2223 1398 2252 supra
1422 2211 1603 2251 Depolitum.
1645 2208 1730 2239 Adde
1752 2210 1882 2238 Nonium
1906 2207 1991 2249 (pog-
2007 2209 2058 2238 66.

112 2250 217 2292 Mero.)
239 2251 269 2279 in
295 2252 455 2281 politiones
478 2263 626 2289 agrorum.
674 2251 781 2283 Idem.

274 2293 388 2323 Pater
408 2297 604 2334 patrimus.
650 2295 722 2323 Vide
746 2295 886 2324 Matrimi
908 2306 945 2324 ac
964 2296 1096 2335 patrimi.
1119 2296 1207 2327 Dac.
1249 2296 1323 2325 Vide
1346 2297 1423 2325 infra
1446 2295 1579 2324 Parrimi.
1628 2293 1731 2325 Goth.
2022 2327 2030 2337 Ι

277 2335 528 2367 Portisculus.
575 2338 672 2366 Utitur
700 2337 756 2366 hoc
786 2338 878 2366 verbo
902 2339 1024 2367 Plautus
1052 2338 1082 2366 iu
1106 2339 1253 2368 Asinaria.
1283 2339 1370 2368 Ant.
1392 2338 1486 2377 Aug.
1532 2338 1668 2366 Glossae:
1706 2333 1872 2365 Porticulus
1893 2333 2055 2378 κελευστης.

112 2378 173 2415 Qui
195 2382 238 2407 eet
258 2389 367 2418 praeco
389 2381 476 2417 alias,
511 2381 536 2409 is
558 2381 589 2409 in
612 2390 688 2409 nave
711 2381 903 2419 portisculus.
946 2381 1055 2410 Praeco
1078 2381 1258 2411 audientiam
1281 2382 1409 2410 faciebat
1429 2381 1461 2410 in
1485 2380 1633 2417 Coruinis,
1664 2380 1694 2408 in
1718 2378 1807 2408 sacris
1830 2380 1859 2405 et
1879 2373 2057 2413 spectaculls

1493 2431 1655 2465 Ffff*
