2263 2668
216 168 292 203 612
643 162 990 199 COMMENTARII
1015 165 1063 199 IN
1090 164 1236 199 PAULI
1261 164 1458 199 DIACONI
1485 165 1740 201 EXCERPTA

382 259 488 290 Pone.
533 257 612 286 Pone
634 265 701 285 cum
725 257 819 295 gravi.
865 257 945 297 Virg.
960 258 996 288 11.
1021 258 1091 288 Aen.
1112 257 1227 299 (208.):

916 317 958 323 —
1003 319 1041 323 —
1084 313 1156 342 pars
1178 308 1272 331 cetera
1291 309 1414 342 pontum

917 343 995 373 Pone
1017 342 1096 384 legit.

215 387 310 424 Pone,
333 384 432 423 inquit
454 383 591 422 Servius,
613 391 697 424 post,
721 396 831 425 semper
852 386 884 415 in
906 385 987 424 loco,
1009 398 1159 427 nunquam
1182 387 1213 416 in
1236 394 1370 427 tempore.
1412 385 1494 416 Idem
1517 386 1555 416 ad
1577 386 1653 416 illud
1677 387 1809 416 eiusdem
1831 386 1901 416 libri
1925 389 2036 426 (725.):

917 428 998 458 Pone
1019 429 1097 458 subit
1120 430 1241 459 coniux.

213 471 308 505 Pone,
338 468 454 506 inquit,
486 476 570 508 post,
600 468 651 498 sed
673 468 740 499 loco
762 477 891 508 tantum,
922 482 980 500 non
1001 479 1027 500 et
1050 473 1172 512 tempori
1193 471 1383 511 adiungitur,
1411 478 1438 500 et
1460 478 1501 501 est
1524 470 1692 501 adverbium
1716 479 1804 513 atque
1828 471 1902 502 adeo
1925 471 2031 502 ultima
2053 472 2170 512 syllaba

213 511 299 542 habet
322 520 482 541 accentum.
528 513 611 547 Quae
639 513 838 551 sequebantur
869 514 949 554 apud
973 514 1090 543 Festum
1119 515 1255 544 divinare
1284 525 1345 542 non
1370 524 1503 553 possum.
1549 514 1654 544 Aiebat
1675 515 1793 552 forsan,
1829 525 1908 554 pone
1931 525 1998 545 cum
2021 516 2170 546 vocabulo

213 554 333 583 cuidam
356 554 609 594 postponebatur,
641 556 732 584 fuisse
755 556 929 586 adverbium
950 558 1102 596 temporis.
1147 557 1233 587 Dae.

377 595 473 626 Pure
507 595 661 627 lautum.
713 597 785 627 Pure
812 597 926 628 lautum
956 601 1072 640 antiqui
1099 599 1235 630 dicebant
1264 610 1342 639 aqua
1368 610 1446 639 pura
1474 598 1606 633 lavatum
1631 622 1639 629 .
1664 622 1671 630 .
1698 622 1706 630 .
1731 601 1784 629 rite
1807 621 1816 629 .
1841 621 1848 630 .
1873 622 1882 630 .
1907 621 1916 630 .
1938 601 1970 630 in
1993 623 2169 632 ......

211 640 257 669 lta
280 638 409 668 schedae
432 644 460 668 et
483 640 584 668 forsan
607 640 682 669 haec
705 642 753 670 vel
776 641 823 670 his
845 643 950 671 similia
966 643 1070 672 Festus
1093 643 1261 672 addiderat:
1288 652 1353 670 nam
1377 642 1548 671 sacerdotes
1570 652 1653 671 sacra
1677 643 1857 672 celebraturi
1879 643 1935 672 rite
1957 643 2100 673 lavabant
2121 644 2171 674 vel

212 683 245 711 in
269 682 343 711 mari
365 682 412 711 vel
434 682 465 710 in
488 682 591 712 fluvio.
635 684 744 712 Notum
769 689 812 713 est
834 684 908 714 illud
931 685 1096 715 sacerdotis
1120 687 1242 715 Romani
1265 685 1301 713 ad
1325 684 1467 713 Sabinum
1490 684 1598 713 bovem
1623 686 1731 714 Dianae
1754 686 1992 716 immolaturum:
2027 685 2170 725 Quisnam

211 732 243 754 tu
258 724 375 765 hospes,
395 735 502 762 paras,
526 726 641 764 inquil,
664 725 776 756 Inceste
795 728 974 767 sacrficium
990 728 1105 757 Dianae
1115 727 1250 768 facere?
1274 726 1352 766 Quin
1375 735 1406 756 tu
1425 734 1493 756 ante
1513 728 1579 757 vivo
1599 727 1786 770 perfunderis
1799 729 1936 768 flumine.
1969 727 2076 767 Infima
2092 728 2170 758 valle

208 768 347 808 praefluit
375 765 498 798 Tiberis.
547 767 699 808 Religione
721 776 817 798 tactus
838 769 957 809 hospes,
985 771 1037 811 qui
1059 772 1173 807 omnia,
1204 778 1234 799 ut
1254 769 1393 810 prodigio
1416 768 1599 809 responderet
1621 778 1749 807 eventus,
1774 778 1887 811 cuperet
1910 772 1963 800 rite
1975 771 2089 814 facta,
2111 782 2170 801 ex-

213 807 319 849 templo
342 807 490 838 descendit
512 809 553 839 ad
579 811 717 842 Tiberim.
759 810 872 841 Interea
894 812 1049 842 Romanus
1070 813 1204 842 immolat
1226 813 1344 842 Dianae
1366 812 1476 842 bovem.
1516 813 1590 842 Vide
1615 813 1677 843 Liv.
1701 813 1752 843 lib.
1764 814 1787 844 I.
1811 818 1882 843 sect.
1896 814 1948 846 45.
1993 813 2083 845 Dac.

373 850 474 880 Pura
498 854 735 882 vestimenta.
781 855 869 892 Lege:
898 854 931 884 id
953 863 994 885 est
1017 867 1074 885 non
1097 856 1213 885 obstita.
1262 854 1409 884 Obstitum
1433 859 1477 884 est
1500 855 1693 894 fulguritum,
1716 856 1752 884 ab
1776 866 1809 884 eo
1834 857 1915 895 quod
1939 856 2093 896 obliquum
2116 856 2169 886 ob-

208 893 312 922 stitum
336 892 484 925 dicebant.
529 895 660 933 Fulgura
683 902 781 925 autem
804 898 950 936 duplicia,
988 899 1141 935 caelestia,
1179 898 1339 928 terrestria.
1385 898 1560 927 Caelestium
1589 899 1666 927 ictus
1695 908 1812 937 semper
1837 899 1990 937 obliquus,
2028 903 2060 928 ut
2083 909 2169 928 casus

208 946 327 975 semper
350 936 499 975 obliquus.
537 938 652 968 Auctor
675 939 787 968 Plinius
809 940 861 969 lib.
874 941 910 969 ll.
934 939 1063 982 (c.52.).
1103 942 1196 970 Porro
1220 941 1256 970 de
1279 940 1363 980 puris
1386 941 1568 970 vestimentis
1591 941 1713 970 Servius
1734 941 1765 969 in
1794 941 1968 979 fragmentis
1997 941 2082 981 (pag.
2093 944 2168 974 371.

208 978 258 1008 fin.
282 978 327 1007 ed.
354 978 453 1018 Dan.):
492 979 587 1016 Sane,
616 982 728 1020 inquit,
758 983 788 1010 in
811 984 905 1012 sacris
925 994 1002 1024 pura
1023 985 1108 1013 vestis
1130 983 1314 1023 appellatur,
1346 995 1420 1024 quae
1442 995 1533 1024 neque
1543 983 1670 1026 funesta
1694 984 1748 1020 sit,
1779 995 1869 1024 neque
1889 983 2039 1014 maculam
2061 983 2169 1014 habeat

208 1032 248 1050 ex
271 1020 387 1050 homine
408 1030 535 1052 mortuo.
560 1022 660 1054 Scal.
708 1025 813 1053 Verum
837 1025 933 1054 obsita
955 1027 985 1055 in
1008 1025 1127 1055 schedis
1150 1027 1244 1062 infra,
1268 1031 1297 1055 et
1318 1026 1359 1054 ita
1382 1027 1549 1063 legendum.
1593 1027 1667 1055 Nam
1692 1026 1774 1065 quod
1797 1026 1883 1055 addit
1895 1025 2066 1066 fulgurita,
2087 1027 2168 1057 idem

208 1068 252 1092 est
275 1063 356 1102 quod
380 1063 498 1093 obstita.
544 1066 606 1094 Nisi
629 1067 782 1105 scripserit
804 1068 923 1098 Festus:
958 1069 1027 1098 Non
1050 1068 1173 1105 obstita,
1205 1068 1238 1097 id
1260 1076 1301 1098 est
1323 1079 1381 1098 non
1393 1067 1560 1110 fulgurita.
1604 1070 1700 1098 Purae
1722 1069 1815 1098 vestis
1838 1070 1908 1098 alibi
1931 1069 2066 1098 meminit
2087 1069 2168 1099 idem

206 1107 346 1143 Servius,
369 1117 476 1146 nempe
499 1108 536 1136 ad
558 1108 634 1137 illud
655 1111 721 1139 XII.
743 1110 828 1140 Aen.:
861 1110 997 1151 Puraque
1021 1112 1050 1140 in
1072 1119 1146 1140 veste
1168 1111 1306 1141 sacerdos
1328 1113 1438 1148 (169).
1469 1110 1632 1151 Impolluta
1655 1119 1681 1140 et
1701 1123 1778 1151 pura
1802 1110 1913 1141 dicitur
1933 1113 2037 1148 vestis,
2058 1113 2168 1151 inquit,

207 1160 265 1188 qua
281 1148 371 1191 sestis
394 1148 494 1179 diebus
516 1152 559 1179 uti
581 1161 788 1181 consueverant
810 1164 898 1182 sacra
921 1153 1107 1191 celebraturi,
1139 1161 1169 1182 ut
1194 1166 1283 1194 neque
1297 1153 1424 1195 funesta
1447 1155 1499 1190 sit,
1529 1166 1618 1194 neque
1630 1153 1804 1195 fulgurita,
1828 1166 1916 1194 neque
1939 1153 2087 1183 maculam
2109 1154 2168 1183 lia-

207 1190 272 1220 beat
293 1202 333 1220 ex
355 1191 470 1221 homine
492 1201 616 1223 mortuo.
661 1194 713 1223 Est
739 1203 834 1224 autem
860 1195 938 1225 linea
960 1204 986 1225 et
1006 1207 1161 1236 purpurea.
1206 1196 1342 1236 Purpura
1364 1197 1455 1225 maris
1477 1197 1569 1226 vicem
1592 1195 1633 1225 ad
1653 1195 1798 1236 piandum
1819 1196 1952 1237 praebet,
1985 1195 2078 1226 linum
2100 1207 2167 1227 vero

201 1234 353 1273 fluminis,
391 1236 460 1274 quia
490 1247 555 1264 cum
584 1247 647 1265 vere
671 1238 799 1276 primum
822 1239 852 1267 in
876 1239 983 1267 oriente
1000 1240 1116 1279 flumen
1139 1237 1325 1276 inundasset,
1363 1246 1465 1278 sponte
1487 1250 1540 1268 sua
1564 1238 1657 1268 linum
1681 1247 1782 1268 natum
1805 1251 1863 1268 esse
1885 1238 2002 1268 Plinius
2023 1237 2168 1269 secundus

207 1274 290 1306 dicit.
313 1275 368 1305 Da
378 1288 402 1307 c.
443 1278 526 1313 Quae
550 1279 627 1308 infra
649 1279 772 1317 desunt,
796 1280 840 1309 sic
863 1281 940 1310 forte
963 1282 1144 1319 supplenda:
1167 1281 1220 1311 Ea:
1241 1281 1299 1310 hac
1322 1292 1441 1319 caussa,
1465 1280 1546 1320 quod
1567 1282 1682 1321 impura
1706 1292 1739 1311 ea
1761 1281 1924 1320 vocabant,
1947 1293 2022 1322 quae
2041 1283 2079 1311 iis
2099 1292 2165 1311 mo-

207 1316 254 1346 dis
276 1325 359 1348 erant
380 1319 501 1357 vitiata,
528 1322 577 1350 vel
599 1321 705 1362 quibus
726 1334 814 1352 sacra
836 1331 919 1352 erant
940 1325 1056 1352 vitiata.
1079 1323 1187 1355 Idem.
1234 1324 1307 1353 Vide
1330 1334 1422 1363 supra
1448 1323 1605 1354 obstitum.
1654 1323 1759 1355 Goth.

370 1360 595 1395 Procalato.
642 1365 716 1393 Vide
738 1364 901 1394 Procitant.
947 1366 1033 1396 Dac.

371 1402 695 1446 Praefericulum.
742 1406 778 1436 In
799 1409 931 1437 sacrario
957 1407 1030 1448 Opis
1055 1406 1212 1444 Consivae,
1244 1414 1278 1438 ut
1302 1409 1425 1448 opinor,
1457 1408 1579 1449 scripsit
1600 1409 1714 1440 Festus,
1760 1410 1802 1439 De
1825 1420 1857 1438 ea
1880 1410 1973 1439 Varro
1997 1414 2026 1439 et
2048 1409 2166 1438 Macro-

204 1444 275 1473 bius
297 1444 429 1475 videndi.
468 1448 542 1477 Vide
568 1447 686 1488 Opima.
709 1450 797 1479 Ant.
821 1451 912 1490 Aug⁴
961 1452 1193 1480 P1·aesericulum
1216 1462 1267 1480 vas
1290 1463 1414 1482 aeneum
1437 1452 1500 1481 sine
1523 1462 1610 1489 ansa,
1640 1456 1745 1490 patens
1768 1462 1930 1489 summum,
1954 1452 2036 1481 velut
2057 1451 2165 1491 pelvis,

205 1498 266 1526 quo
289 1492 417 1518 utuntur
438 1489 469 1518 in
493 1492 621 1520 sacrario
645 1492 720 1531 Opis
744 1494 897 1521 Consivae.
929 1493 1030 1525 Scal.
1075 1495 1109 1522 ln
1139 1494 1293 1523 sacrificiis
1322 1499 1439 1524 tantum
1463 1495 1536 1533 Opis
1560 1495 1705 1523 Consivae
1734 1505 1768 1523 eo
1793 1495 1971 1532 utebantur,
2009 1504 2069 1523 non
2093 1504 2164 1523 vero

204 1530 235 1558 in
259 1531 415 1602 quigusvis
438 1533 502 1562 aliis
526 1534 696 1572 sacrificiis,
727 1540 760 1564 ut
783 1536 859 1565 male
881 1536 997 1565 Paulus.
1044 1536 1068 1564 A
1088 1535 1282 1578 praeferendo
1302 1536 1548 1579 praefericulum,
1571 1537 1653 1575 quod
1675 1537 1706 1565 in
1729 1547 1764 1566 eo
1787 1547 1835 1566 res
1857 1547 1958 1566 sacrae
1979 1537 2166 1576 praeterreri·

204 1577 264 1602 tur.
347 1585 399 1604 ac.

368 1616 555 1650 Patellae.
602 1621 690 1650 Velut
713 1621 885 1660 capidulae,
916 1622 1015 1661 inquit
1037 1622 1150 1652 Festus.
1188 1622 1264 1651 Vide
1289 1620 1385 1661 Cupis.
1427 1622 1534 1651 Cicero
1559 1621 1663 1652 Parad.
1681 1622 1719 1652 l.:
1749 1620 1831 1658 Quid
1853 1621 1954 1650 Numa
1976 1620 2166 1661 Pompilius?

206 1658 338 1687 minusne
357 1667 460 1698 gratas
484 1660 542 1690 diis
564 1663 782 1693 immortalibus
805 1664 925 1704 capides
947 1677 983 1695 ac
1000 1664 1110 1703 fictiles
1132 1676 1222 1694 urnas
1235 1665 1351 1706 fuisse,
1384 1675 1474 1705 quam
1493 1663 1644 1706 felicatas
1671 1662 1799 1693 aliorum
1819 1671 1939 1704 pateras
1960 1662 2166 1695 arbitramur?

206 1704 235 1728 et
255 1701 306 1730 lib.
318 1701 369 1730 Ill.
386 1702 422 1731 de
438 1704 503 1734 Nat.
519 1705 604 1734 Deor.
620 1707 660 1741 (e.
676 1708 754 1744 17.):
780 1705 993 1747 Capidunculis
1014 1707 1075 1745 his,
1100 1719 1172 1748 quas
1187 1707 1287 1737 Numa
1311 1706 1394 1736 nobis
1417 1706 1542 1748 reliquit.
1582 1707 1677 1736 Varro
1699 1707 1753 1738 lib.
1767 1707 1814 1736 lv.
1838 1705 1902 1747 (lib.
1917 1706 1950 1736 V.
1971 1715 1999 1744 p.
2015 1708 2085 1738 127.
2100 1705 2164 1746 Sp.)

207 1746 236 1770 et
258 1742 333 1773 Vlll.
357 1744 466 1783 (Varro
490 1746 526 1776 de
549 1748 603 1778 vit.
628 1749 660 1778 P.
677 1750 710 1778 R.
734 1749 785 1779 lib.
802 1750 819 1777 l.
844 1750 925 1789 apud
949 1751 1023 1779 Non.
1048 1751 1198 1789 pag.547.
1223 1750 1328 1788 Mero.)
1352 1750 1388 1778 de
1414 1750 1494 1787 Ling.
1519 1750 1581 1778 Lat.
1603 1750 1694 1780 Ant.
1714 1749 1807 1789 Aug.
1849 1749 1990 1778 Diminut.
2013 1759 2030 1777 a
2049 1749 2165 1788 patina,

208 1784 288 1820 (lUOd
311 1796 326 1813 a
349 1788 462 1817 Graeco
491 1788 609 1829 πατάυη
632 1803 651 1820 α
673 1797 789 1820 mutato
817 1793 847 1821 in
875 1795 893 1822 i.
937 1793 1095 1822 Sacrificiis
1125 1797 1208 1831 aptas
1231 1793 1328 1822 innuit
1354 1793 1445 1822 Varro
1469 1792 1567 1821 Manio
1589 1792 1670 1831 apud
1695 1792 1824 1821 Nonium
1848 1791 2015 1832 (pag.543.
2038 1790 2163 1830 Merc.):

212 1824 357 1873 Quocirca
384 1839 496 1869 oportet
525 1831 631 1862 bonum
662 1835 751 1863 civem
781 1833 893 1874 legibus
920 1847 1023 1875 parere
1044 1843 1070 1864 et
1093 1836 1171 1864 Deos
1195 1835 1303 1873 colere,
1340 1836 1371 1864 in
1398 1833 1542 1875 patellam
1566 1833 1638 1864 dare
1660 1832 1769 1872 μικρὸν
1792 1835 1889 1874 κρέας.
1933 1834 2006 1862 Nam
2029 1833 2067 1862 de
2089 1833 2165 1863 cibis

211 1872 296 1913 etiam
318 1870 348 1898 in
371 1874 478 1910 patella
501 1875 533 1903 in
558 1876 657 1905 focum
681 1877 804 1906 Laribus
831 1878 1022 1914 deferebant,
1061 1879 1111 1917 qui
1135 1883 1164 1906 et
1186 1878 1256 1907 inde
1278 1878 1425 1917 patellarii
1449 1877 1531 1908 dicti.
1574 1878 1609 1906 In
1632 1877 1751 1916 patellis
1775 1878 1862 1907 etiam
1883 1877 1946 1906 sive
1968 1876 2079 1916 pateris
2102 1876 2163 1905 Deo

210 1918 313 1957 vluum
334 1913 475 1945 libabant.
508 1917 601 1947 Varro
625 1919 674 1949 lib.
688 1919 736 1949 IV.
769 1920 889 1949 Patinas
913 1932 928 1949 a
953 1921 1054 1959 patulo
1079 1921 1238 1957 dixerunt,
1261 1926 1295 1950 ut
1317 1921 1461 1959 pusillus,
1486 1920 1568 1959 quod
1590 1919 1637 1948 his
1660 1920 1789 1949 libarent
1810 1921 1926 1957 coenis,
1949 1919 2082 1958 patellas.
2120 1919 2164 1948 lta

212 1960 289 1980 emm
312 1954 535 1994 distinguendus
557 1960 607 1989 hic
630 1962 724 1993 locus.
771 1963 810 1991 De
833 1962 983 2003 capidulis
1005 1964 1074 1992 vide
1096 1964 1127 1992 in
1151 1973 1224 1992 voce
1247 1964 1338 2003 capis.
1381 1963 1470 1992 Duc.

374 1997 558 2034 Pantices.
604 2004 728 2033 Plautus
749 2005 780 2033 in
805 2006 952 2035 Pseudolo
976 2007 1023 2044 (1,
1047 2009 1083 2043 2,
1107 2006 1192 2043 51.);
1233 2005 1314 2035 Vino
1337 2004 1425 2035 modo
1448 2003 1574 2045 cupidae
1595 2005 1680 2044 estis5
1717 2015 1749 2034 eo
1770 2015 1822 2034 vos
1844 2011 1957 2034 vostros
1975 2004 2164 2044 pumicesque

210 2033 284 2065 “deo
307 2037 508 2081 madffacitis,
530 2057 618 2085 quom
641 2048 696 2076 sim
718 2059 770 2087 ego
793 2047 842 2077 bic
863 2049 969 2078 siccus.
1015 2049 1141 2078 Martial.
1162 2048 1277 2081 lib.V1.
1300 2047 1361 2088 (ep.
1378 2046 1459 2086 64.);

771 2089 853 2129 Quid
875 2103 941 2120 cum
961 2091 1131 2131 panticibus
1154 2090 1239 2120 laxis
1261 2098 1287 2120 et
1309 2089 1448 2130 compede
1467 2087 1585 2129 grandi.

210 2119 295 2151 An!-
318 2121 413 2161 Aug·
452 2126 530 2160 Quid
554 2130 591 2158 sit
613 2131 676 2160 frus
699 2133 809 2161 nescio.
840 2132 887 2162 Sc
897 2133 943 2163 al.
990 2134 1070 2170 Quid
1094 2135 1132 2163 sit
1154 2134 1218 2163 frus
1240 2134 1374 2172 ignotum
1398 2137 1452 2162 est.
1497 2133 1611 2170 Legunt
1638 2130 1759 2170 quidam
1781 2131 1899 2168 fluxus,
1938 2130 2019 2169 quod
2042 2129 2163 2170 probari

211 2171 270 2190 non
292 2168 400 2201 potest.
439 2166 557 2206 Melius,
589 2173 639 2210 qui
661 2174 758 2204 viscus
779 2176 893 2205 ventris.
930 2176 1011 2212 Quid
1033 2177 1057 2205 si
1076 2177 1146 2215 frus
1169 2177 1209 2205 sit
1231 2187 1287 2215 pro
1301 2175 1405 2218 sruae,
1434 2176 1587 2215 quomodo
1610 2174 1727 2213 antiqui
1748 2173 1887 2203 dicebant
1909 2183 1964 2212 pro
1987 2173 2106 2209 fructu,
2127 2177 2163 2202 ut

210 2203 343 2233 fructum
364 2210 477 2237 ventris
499 2211 601 2240 Festus
624 2221 711 2244 vocet
733 2218 867 2255 pantices
889 2219 1053 2249 intestina?
1078 2220 1192 2249 Pantex
1216 2219 1308 2257 vulgo
1328 2229 1426 2258 panse.
1470 2218 1504 2247 In
1525 2217 1680 2246 Phallicis:
1704 2224 1731 2246 et
1752 2223 1916 2246 aestuantes
1935 2213 2011 2245 solvi
2029 2216 2163 2256 pantices

214 2244 339 2276 Obesam
361 2247 402 2276 ad
423 2261 546 2281 uxorem
570 2254 653 2284 redis.
698 2257 785 2288 Dac.

245 2330 250 2336 Ι
373 2289 628 2324 Procinctam.
673 2299 792 2330 Praeter
815 2303 897 2331 Pauli
920 2304 1069 2342 epitomen
1094 2304 1252 2344 Pompeius
1274 2303 1452 2341 scripserat,
1485 2312 1539 2331 cur
1561 2301 1716 2341 procincta
1740 2300 1909 2336 diceretur,
1937 2300 2019 2339 quod
2041 2299 2160 2340 procin-

211 2335 251 2359 ⁰t¹
275 2330 461 2378 adfugnam
485 2336 526 2365 ire
549 2338 628 2366 soliti
651 2339 776 2378 fuerint,
799 2345 877 2373 unde
900 2350 1074 2375 testamenta
1098 2347 1127 2375 in
1152 2346 1312 2385 procinctu
1334 2346 1398 2374 fieri
1422 2345 1500 2374 dicta
1524 2349 1608 2381 sunt,
1632 2354 1707 2383 quae
1730 2354 1745 2372 a
1768 2343 1914 2372 militibus
1937 2342 2046 2372 fierent.
2085 2341 2159 2370 Vide

212 2373 286 2402 Gell-
308 2373 393 2404 hb-I·
417 2386 481 2416 cap.
498 2381 546 2410 11.
571 2384 600 2408 et
623 2380 673 2409 lib.
687 2383 750 2412 xv.
774 2390 902 2423 cap.17.
933 2389 992 2419 cic.
1016 2389 1067 2417 nb.
1082 2389 1102 2417 1.
1127 2390 1163 2417 de
1187 2390 1239 2418 or.
1260 2390 1342 2424 (58.)
1367 2387 1518 2417 Plutarch.
1542 2388 1571 2416 in
1595 2387 1746 2416 coriolan.
1769 2385 1872 2415 lustin.
1895 2385 1946 2415 lib.
1961 2385 1996 2414 11.
2018 2386 2087 2414 [nst.
2110 2384 2156 2412 tit.

211 2415 247 2445 de
269 2419 460 2449 testamentis.
494 2420 568 2450 Vide
590 2424 760 2461 proximum
784 2429 919 2465 superius
942 2436 1032 2468 caput
1055 2429 1228 2470 (Procincta
1250 2429 1389 2470 classis).
1411 2430 1496 2460 Ant.
1519 2429 1617 2469 Aug.
1655 2429 1855 2457 Glossarium:
1878 2426 2062 2456 Procinctum
2086 2423 2157 2457 ὅταν
