2263 2668
240 199 315 236 386
663 194 1010 230 COMMENTARH
1034 194 1083 228 IN
1108 195 1250 230 PAULI
1277 195 1473 231 DIACONI
1498 196 1752 231 EXCERPTA

408 290 629 320 Canturnus.
675 285 858 325 Geograpbis
880 285 1007 324 ignotus.
1030 286 1118 318 Dae.
1155 288 1233 319 Loci
1254 290 1321 318 ioci.
1368 288 1476 320 Goth.

405 331 586 362 Contenas
605 328 739 369 pondo.
785 329 864 364 Quin
888 334 916 358 et
938 329 1085 359 addebant
1108 341 1194 371 saepe
1216 333 1306 361 libras
1325 332 1435 369 Varro,
1460 332 1574 369 Livius,
1599 331 1721 364 Gellius.
1745 331 1847 362 Scal.
1875 333 2057 365 subauditur
2079 335 2180 368 libras.

243 375 380 408 Centenae
401 373 491 403 librae
511 373 588 402 idem
612 372 691 410 quod
716 372 826 401 centeni
848 373 937 409 aeris,
966 382 1044 401 asses
1067 373 1188 403 scilicet.
1231 375 1319 404 Dae.

404 414 580 454 Coepiam.
624 415 656 444 In
679 415 771 444 veteri
797 414 925 452 quodam
949 415 1068 444 schedio
1092 417 1189 456 reperi
1211 419 1242 445 in
1265 417 1362 446 verbis
1385 417 1505 446 Catonis
1533 427 1642 446 semesa
1669 415 1773 451 verba,
1810 426 1870 446 non
1898 417 2046 449 seditiosa.
2091 421 2183 450 Erunt

241 471 308 498 ergo
331 458 419 488 verbu
443 458 563 487 tertiata
594 462 623 487 et
651 462 805 496 quarrata,
843 461 878 487 ut
905 458 982 486 idem
1006 458 1078 487 Cato
1101 460 1177 488 dixit
1200 461 1328 498 aliquem
1350 460 1467 489 tertiato
1490 467 1516 489 et
1541 466 1679 500 quar-tato
1701 458 1788 488 verba
1811 458 1905 488 dicere
1923 472 1997 500 prae
2018 470 2111 501 metu,
2149 469 2182 492 ut

241 507 322 531 notat
345 499 462 529 Servius
486 500 516 529 in
539 500 664 530 schedis.
710 499 798 535 Quod
821 500 951 529 imitatus
975 506 1020 529 est
1041 506 1074 530 ut
1097 502 1170 540 alia,
1198 503 1338 542 Apuleius
1362 502 1411 530 lib.
1424 503 1458 532 V.
1483 503 1522 541 (p.
1539 504 1608 534 166.
1635 501 1793 538 Eltnenll.):
1827 503 1944 531 tertiata
1969 503 2056 533 verba
2079 507 2183 535 semia-

241 545 312 574 nimi
333 554 402 572 voce
423 541 610 583 substrepens.
641 541 743 572 Scae.
790 543 972 579 Legendum:
1004 543 1042 572 ab
1063 556 1094 574 eo
1117 544 1197 585 quod
1215 553 1254 575 est
1278 546 1387 584 coepio.
1436 544 1571 585 Coepiam
1595 545 1670 574 dixit
1693 544 1854 574 Caecilius:

692 594 772 624 Aere
794 593 915 624 obscuro
938 593 1034 624 hercle
1055 594 1163 633 desine,
1195 607 1277 625 mane
1301 597 1439 636 coeptam.

243 644 348 686 Coepio
374 645 468 675 Plaut.
492 644 672 674 Menaechm.
694 644 734 681 V,
759 645 786 677 5.
811 645 906 683 (57.):

696 695 796 736 Neque
817 708 867 735 ego
890 697 1020 735 insanio,
1049 709 1136 738 neque
1158 708 1209 737 ego
1229 709 1359 738 pugnas,
1386 710 1475 738 neque
1498 696 1562 727 lites
1585 698 1694 736 coepio.

242 748 329 778 Dac.
357 748 397 776 De
421 747 539 776 Caecilii
564 748 629 776 loco
654 746 701 775 adi
725 748 859 786 Spengel.
882 747 912 775 in
934 748 1026 776 libro:
1050 749 1080 777 C.
1103 749 1219 778 Caecilii
1243 749 1326 778 Statii
1350 749 1576 787 Deperditarum
1600 748 1676 776 sabb.
1700 748 1814 786 Fragm.
1838 759 1902 787 pag.
1915 750 1966 780 25.
1981 760 2041 789 seq.

408 796 687 837 Contagionem.
730 798 848 827 Sallust.
873 798 971 837 (Catil.
997 801 1044 830 10.
1069 800 1177 840 extr,):
1201 801 1275 829 Post
1298 798 1347 828 ubi
1370 800 1506 839 contagio
1530 799 1615 839 quasi
1633 797 1799 839 pestilentia
1823 800 1941 829 invasit.
1983 800 2040 830 Sed
2063 805 2091 830 et
2114 810 2187 830 con-

243 840 351 878 tagium
374 840 453 869 dixit
477 841 576 879 Virgil.
601 841 675 878 (Ecl.
693 840 723 877 I,
747 842 828 878 61.):

819 882 882 912 Nec
906 881 985 912 mala
1006 884 1097 912 vicini
1115 885 1229 924 pecoris
1252 885 1390 923 contagia
1413 882 1536 913 laedent.

246 923 389 964 Coniugio
413 930 442 953 et
462 925 629 964 contagium
653 925 768 963 antiqui
792 926 966 964 simpliciter
989 927 1227 956 coniunctionem
1251 927 1464 964 significabant.
1514 928 1596 966 Tago
1624 936 1679 964 pro
1705 930 1813 965 tang0‚
1850 927 1928 955 unde
1952 935 2085 968 coningo.
2129 928 2187 957 Sed

243 972 343 1006 postea
367 967 403 996 ad
427 978 572 997 venenum
597 968 733 997 traducta
757 972 785 995 et
808 969 960 1004 morbum,
983 969 1034 1007 qui
1056 970 1161 1008 serpit,
1197 970 1311 1007 gliscit,
1338 974 1366 998 et
1389 974 1529 998 contactu
1551 969 1654 997 inficit.
1679 968 1768 999 Dae.
1812 969 1884 998 Vide
1907 969 2034 999 Nonium
2059 971 2101 1010 (p.
2115 973 2185 1003 199.

243 1010 359 1048 Mem),
383 1011 413 1039 in
439 1009 589 1049 Contegio.
628 1010 740 1040 Glossis
766 1009 911 1050 Coniugia
933 1013 1092 1049 μολυσμοί,
1116 1010 1272 1051 μιάσματα.
1312 1012 1418 1040 [isdem
1441 1013 1580 1051 contagia
1604 1008 1689 1042 νόσοι
1712 1013 1907 1052 παρα-τριβῆς.
1955 1011 2060 1043 Goth.

409 1051 600 1083 Clitellae.
644 1053 774 1082 Clitellas
804 1054 891 1081 etiam
921 1063 975 1092 pro
1002 1054 1075 1082 locis
1105 1055 1224 1083 acclivis
1248 1055 1353 1083 dicunt
1376 1055 1491 1085 Graeci.
1536 1055 1610 1082 Nam
1633 1052 1800 1092 κανθήλιον
1824 1054 1969 1092 significat
1991 1065 2048 1084 non
2072 1059 2187 1083 tantum

244 1095 368 1124 clitellas
392 1101 420 1125 et
441 1101 570 1133 sagmata
595 1099 763 1131 asinorum,
800 1096 850 1124 sed
874 1096 976 1132 etiam,
1010 1101 1043 1125 ut
1067 1097 1144 1133 dixi,
1176 1098 1299 1126 acclivia
1324 1098 1398 1126 loca.
1444 1097 1523 1132 Quin
1547 1101 1575 1125 et
1597 1097 1684 1125 iidem
1710 1097 1814 1125 Graeci
1837 1095 1938 1127 κλιτύν
1961 1097 2067 1126 dicunt
2089 1098 2188 1126 locum

243 1139 274 1166 in
297 1139 404 1167 vallem
428 1138 595 1167 demissum.
634 1139 657 1167 A
681 1148 740 1177 quo
763 1138 893 1167 clitellus
915 1139 1080 1168 formarunt
1101 1141 1204 1169 Latini.
1228 1139 1330 1170 scal.
1368 1140 1463 1168 Sellae
1486 1139 1675 1176 dorsum-iae,
1704 1149 1780 1178 quae
1803 1140 1839 1168 ad
1863 1150 1952 1168 onera
1976 1140 2117 1179 gestanda
2138 1140 2188 1169 iu-

244 1182 350 1210 mentis
372 1182 576 1219 imponuntur.
621 1181 707 1210 Dae.

412 1221 683 1263 Gompluriens,
731 1224 770 1252 Ut
785 1223 916 1262 quotiens
933 1234 988 1262 pro
1007 1225 1118 1264 quoties
1134 1230 1188 1253 etc.
1213 1224 1302 1254 Dae.
1337 1225 1391 1253 Adi
1409 1225 1534 1253 Nonium
1551 1225 1593 1263 (p.
1606 1226 1656 1255 87.
1673 1223 1777 1264 Mero.)
1796 1224 1824 1252 in
1844 1222 2053 1264 Compluriens.
2084 1223 2189 1254 Goth.

411 1264 561 1294 Citeria.
609 1266 641 1294 ln
665 1266 763 1294 verbis
788 1266 908 1294 Catonis
931 1267 1082 1302 legendnm
1107 1268 1273 1296 vectitatum
1298 1268 1344 1296 iri.
1368 1266 1467 1296 Scal.
1505 1268 1538 1295 ln
1562 1271 1643 1296 tanto
1667 1271 1800 1295 veterum
1824 1267 1940 1296 silentio
1962 1267 2014 1296 vix
2040 1267 2098 1296 dici
2121 1277 2190 1306 pos-

245 1308 298 1344 sit,
327 1318 381 1336 nec
405 1318 463 1346 quo
486 1313 633 1347 tempore,
672 1319 724 1337 nec
748 1318 805 1346 quo
829 1309 916 1337 modo
940 1309 1051 1346 efligies
1073 1310 1127 1338 isla
1151 1309 1315 1346 gerebatur.
1357 1310 1437 1338 Licet
1460 1315 1574 1338 tantun]
1598 1309 1743 1348 suspicari
1767 1309 1916 1338 hominen]
1942 1310 2046 1346 fuisse,
2082 1310 2132 1348 qui
2155 1319 2186 1338 se

245 1361 300 1390 pro
324 1351 424 1379 citeria
449 1351 579 1387 locabat,
616 1356 649 1379 ut
677 1352 751 1379 alins
775 1350 853 1389 apud
879 1352 1012 1380 Plautum
1038 1353 1131 1387 (Rud.
1150 1352 1194 1388 ΙΙ,
1218 1354 1253 1388 6,
1277 1353 1349 1388 51.)
1375 1362 1431 1391 pro
1453 1350 1618 1388 manduco,
1657 1357 1685 1380 et
1708 1357 1775 1380 ante
1798 1351 2046 1390 triumphantium
2068 1362 2188 1381 currum

245 1393 423 1432 praecedere
453 1393 542 1422 fuisse
570 1394 698 1422 solitum.
736 1393 814 1429 Quin
839 1398 868 1422 et
889 1394 972 1422 illum
997 1395 1082 1432 plane
1104 1395 1244 1432 intelligit
1267 1395 1367 1422 Livius
1390 1394 1426 1423 de
1450 1394 1575 1422 Aemilio
1597 1393 1815 1431 triumphante:
1850 1394 1956 1423 Totum
1980 1405 2081 1434 agmen
2106 1393 2191 1423 clau-

248 1434 370 1464 debatur
392 1447 411 1463 a
433 1434 578 1476 quodam,
609 1437 659 1476 qui
681 1437 776 1475 inepta
797 1435 1018 1474 gesticulatione
1041 1438 1127 1465 risum
1152 1435 1284 1465 omnibus
1307 1444 1445 1472 moveret,
1478 1435 1609 1465 hostibus
1630 1435 1780 1472 illuderet,
1810 1446 1913 1476 eosque
1934 1437 2048 1465 virtutis
2074 1435 2189 1465 Roma·

246 1489 299 1506 nae
321 1485 347 1506 et
369 1489 438 1507 suae.
458 1479 625 1507 temeritatis
648 1477 823 1507 admoneret.
868 1479 967 1515 Neque
998 1479 1242 1516 praetereundum
1273 1489 1331 1507 non
1362 1479 1480 1515 deesse,
1516 1479 1566 1516 qui
1594 1478 1744 1507 hominem
1773 1479 1862 1507 istum
1892 1489 1949 1507 non
1978 1489 2036 1507 esse
2060 1479 2189 1507 citeriam

246 1520 363 1556 dicant,
386 1521 436 1549 sed
462 1521 592 1558 picturas
617 1521 709 1557 ferre,
734 1530 808 1558 quae
831 1521 947 1549 citer-iae
969 1521 1154 1550 dicebantur.
1189 1521 1244 1549 Sed
1268 1531 1317 1549 eos
1341 1521 1459 1550 abunde
1482 1521 1588 1550 refellit
1612 1521 1748 1559 superior
1770 1521 1853 1549 locus
1879 1521 1960 1549 Livii.
1991 1521 2093 1559 Neque
2116 1530 2189 1549 vero

247 1563 347 1592 cim-ia
372 1568 399 1591 et
423 1561 586 1592 manducas
607 1563 664 1591 soli
687 1573 808 1591 currum
832 1562 1063 1601 triumphantem
1089 1564 1316 1601 praecedebant.
1346 1564 1379 1591 In
1403 1569 1501 1601 partes
1525 1564 1659 1592 veniebat
1682 1574 1770 1599 anus,
1794 1573 1868 1600 quae
1893 1563 2005 1592 petreia
2026 1563 2189 1592 dicebatur.

247 1604 322 1674 Ιὶ-ῘίιΙε
345 1604 466 1675 ΡεῙΙινῖεἰα.
499 1604 587 1636 Dae.
634 1606 717 1634 Adde
748 1605 894 1643 quaedam
923 1615 961 1633 ex
983 1605 1134 1634 Plutarch.
1157 1606 1189 1634 in
1213 1606 1319 1644 Agesil.
1363 1606 1447 1634 Adde
1475 1605 1551 1634 infra
1574 1604 1754 1636 Mammas.
1787 1604 1889 1635 Goth.
1935 1604 2092 1635 Caecilium
2117 1607 2189 1634 Cae-

259 1658 327 1676 ΙΠΙΠ.
420 1659 478 1675 em.

413 1687 606 1719 Curionem
631 1700 772 1729 agnum.
817 1689 912 1717 Locus
935 1689 1030 1718 Plauti
1055 1694 1098 1718 est
1121 1690 1218 1720 Aulul.
1236 1690 1291 1727 ΙΙΙ,
1316 1692 1345 1721 6.
1370 1688 1469 1731 (26.):

779 1747 820 1753 —
844 1749 882 1754 -—-
911 1743 967 1771 quo
990 1731 1104 1772 quidem
1129 1744 1205 1772 agno
1228 1740 1273 1762 sat
1295 1733 1356 1762 scio

781 1773 887 1812 Magis
911 1775 1057 1803 curiosam
1079 1787 1220 1815 nusquam
1243 1787 1301 1804 esse
1323 1773 1415 1804 ullam
1439 1773 1569 1803 bestiam.

786 1815 865 1845 Volo
887 1828 928 1845 σω
950 1824 977 1845 te
998 1817 1086 1853 scire,
1112 1817 1185 1857 quid
1206 1819 1244 1846 sit
1265 1829 1359 1857 agnus
1382 1817 1473 1853 curio,

784 1857 844 1895 Qui
866 1870 930 1888 ossa
953 1867 1038 1899 atque
1058 1859 1145 1899 pellis
1167 1867 1244 1889 totus
1266 1867 1320 1895 est,
1357 1860 1398 1888 ita
1422 1869 1493 1888 cura
1515 1866 1618 1887 macel-

256 1896 309 1924 t‘bi
332 1903 359 1926 et
383 1899 529 1927 curiosum
554 1905 582 1929 et
606 1900 756 1928 curionem
782 1908 877 1929 vocat,
910 1902 969 1929 Nec
991 1912 1110 1930 necesse
1134 1908 1193 1938 est,
1218 1907 1251 1931 ut
1274 1912 1363 1940 supra
1388 1912 1443 1940 pro
1467 1902 1614 1930 curiosam
1639 1900 1789 1929 curionem
1814 1900 1901 1937 legas.
1938 1899 2011 1927 Nam
2034 1903 2193 1937 utrumque

257 1943 334 1966 recte
354 1941 413 2009 ιὲίοί
436 1947 542 1980 potest.
577 1943 611 1971 Et
635 1943 777 1982 Apuleius
800 1953 906 1981 agnum
931 1945 1068 1983 pinguem
1092 1945 1270 1974 incuriosum
1293 1949 1389 1975 vocat.
1415 1944 1502 1974 Dae.
1542 1944 1616 1972 Vide
1639 1944 1766 1972 Nonium
1788 1944 1868 1981 (pag.
1881 1944 1931 1974 86.
1956 1942 2058 1981 Mero.)
2081 1942 2110 1971 in
2135 1940 2193 1971 Cu-

258 1980 309 2008 rio.
387 1983 454 2012 oth.

301 2063 305 2067 ι
422 2022 628 2056 coniector.
673 2028 899 2057 Coniectoribus
923 2029 996 2065 viri,
1029 2029 1258 2058 conieciricibus
1280 2028 1419 2057 mulieres
1442 2028 1610 2057 utebantur.
1656 2028 1751 2056 Innuit
1775 2028 1870 2056 Plaut.
1895 2026 2028 2064 Mihin,
2055 2028 2081 2058 1.
2106 2025 2193 2066 (98.)‚

259 2062 307 2091 ubi
332 2064 436 2092 mulier
458 2067 551 2096 virum
574 2079 657 2098 suun}
680 2070 862 2108 alloquitur:

908 2129 951 2134 --
992 2129 1035 2135 -
1078 2112 1118 2141 da
1140 2111 1220 2153 qnod
1242 2112 1306 2142 dem
1333 2111 1558 2153 quinquatribus

414 2189 420 2196 ·
739 2153 988 2191 Ρναεςαηίαινίσί,
1012 2157 1194 2191 εοηίεείνίοἰ,
1220 2154 1352 2184 hariolae
1372 2162 1460 2195 atque
1482 2154 1660 2193 haruspicoe.

259 2188 330 2218 Inde
353 2196 546 2219 comecturam
560 2191 666 2233 facere
688 2197 808 2234 proprie
830 2197 1006 2227 dicebantur
1026 2198 1208 2227 somniorum
1230 2199 1413 2236 interpretes.
1453 2198 1546 2226 plaut.
1569 2198 1652 2226 Cure.
1671 2196 1713 2231 ll,
1740 2199 1771 2233 1,
1796 2197 1871 2234 (2.):

745 2238 838 2268 Potin'
861 2241 1057 2269 coniecturam
1070 2240 1194 2282 facere,
1219 2241 1244 2269 si
1266 2251 1379 2269 narrem
1402 2239 1457 2268 tibi

469 2315 475 2320 ,
539 2312 546 2324 ‚
746 2280 816 2309 Hac
838 2289 921 2311 nocte
941 2281 1021 2322 quod
1049 2294 1101 2323 ego
1126 2283 1271 2312 somniavi
1292 2281 1462 2313 dormiens?

263 2313 349 2345 Duc.
379 2314 507 2344 Gloss1s:
531 2318 741 2356 ονειροκρίτης.
787 2321 888 2352 Goth.

427 2355 628 2397 Compei-ce.
671 2360 764 2390 Plaut.
786 2364 871 2394 Puen.
890 2366 916 2402 I,
940 2369 970 2398 2.
994 2365 1112 2405 (137.)=

791 2421 831 2425 —
872 2422 913 2428 —-
956 2424 994 2429 —-
1042 2406 1210 2448 Compei-ce,
1240 2408 1362 2446 amabo,
1392 2420 1436 2438 me
1457 2415 1618 2443 attrectare,

790 2446 1010 2485 Agorastocles.
