2263 2668
517 149 582 184 DE
607 146 994 185 SIGNIFICATIONE
1019 146 1304 182 VERBORUM.
1332 150 1334 152 ’
1363 149 1509 184 LIBER
1533 150 1627 186 VIII.
1963 156 2039 192 449

263 240 425 271 Hirrire.
469 241 537 272 Vox
559 243 598 272 ad
618 243 812 273 imitationem
836 241 932 272 efficta
956 239 992 269 ob
1016 239 1130 268 literam
1155 241 1192 277 R,
1222 250 1308 279 quam
1332 251 1418 271 canes
1439 242 1573 272 irritatae
1596 248 1718 281 sonant,
1749 254 1825 284 quae
1848 249 1876 275 et
1897 246 1966 277 ideo
1989 259 2038 278 ca-

99 286 170 314 nina
193 284 314 314 dicitur.
358 284 460 313 Sidon.
483 286 533 323 (9,
557 286 638 324 16.);

797 325 909 356 Prodat
931 323 1035 354 hirritu
1058 323 1166 353 rabiem
1190 326 1305 354 canino.

99 370 158 398 Pro
178 369 292 408 garrire
314 369 434 407 quidam
455 370 558 408 legunt
579 370 703 410 ringere,
741 380 794 407 ego
823 368 933 404 rabire,
969 366 1050 405 quod
1073 366 1110 395 de
1133 367 1254 396 canibus
1277 368 1363 397 etiam
1387 369 1506 399 dicitur.
1538 369 1591 399 Da
1602 381 1626 399 c.
1672 371 1745 400 Vide
1768 372 1914 411 Excerpta
1938 374 2035 406 Gloss.

104 409 207 440 Goth..
253 412 404 440 Sanscrita
427 423 486 440 vox
507 413 566 451 gir
588 422 706 449 vocem,
740 412 979 440 vociferationem
1002 408 1163 446 significat,
1192 421 1208 438 a
1230 410 1330 439 radice
1350 412 1412 450 gri,
1440 422 1560 447 sonare,
1583 413 1632 441 cui
1655 419 1812 451 cognatum
1834 420 1879 444 est
1897 415 2036 455 gards-ck,

99 454 275 490 vociferari,
302 454 381 482 unde
401 466 502 494 gerrae
525 460 554 483 et
572 457 686 494 garrire
708 455 883 483 deduximus
904 462 994 492 supra
1017 452 1056 480 ad
1078 461 1106 480 v.
1132 450 1251 489 Gerrae,
1282 463 1309 490 q.
1330 463 1359 481 v.
1386 452 1504 483 Garrire
1525 455 1618 493 igitur
1640 460 1668 484 et
1690 456 1793 485 Izirrire
1815 458 1947 487 eiusdem
1969 465 2038 488 sunt

100 496 238 534 originiS,
262 502 290 524 et
312 495 453 525 habemus
475 497 587 526 vocalis
611 498 825 526 demutationes
847 497 920 525 tales
942 505 977 532 a,
999 505 1029 531 e,
1050 494 1077 531 i,
1107 504 1179 532 quas
1201 505 1287 533 saepe
1310 496 1588 534 animadvertimus,
1609 498 1726 536 garrio,
1748 511 1863 537 gerrae,
1886 499 1986 531 hirrio.

264 537 402 569 Hilaro
413 538 487 569 dos.
533 540 645 568 Graece
664 537 820 579 Ἱλαρῳὸὁς
848 543 934 577 poeta
961 537 993 565 in
1023 537 1169 565 conviviis
1197 537 1320 576 aliisque
1348 538 1566 568 celebritatibus
1595 541 1736 569 amatoria
1765 542 1811 570 vel
1838 542 1894 570 alia
1918 544 2037 581 quaevis

100 580 230 609 iucunda
254 581 399 619 carmina,
429 592 503 620 quae
526 586 622 610 tamen
647 583 758 619 tragica
781 581 907 620 quadam
930 580 1074 618 gravitate
1097 579 1215 608 condita
1240 585 1352 615 essent,
1381 582 1560 618 cantitabat,
1595 582 1630 611 ab
1654 581 1769 622 ἵλαρός,
1795 583 1907 621 dulcis,
1938 590 2037 622 gratus

101 628 130 651 et
153 619 216 661 φ’δή
239 624 347 653 cantio.
393 623 559 653 Athenaeus
582 624 631 654 lib.
646 625 726 654 XIV.
752 635 789 653 ex
809 623 984 653 Aristotele:
1021 619 1207 660 Σεμνότερος
1238 622 1267 652 δὲ
1295 625 1354 652 τῶν
1376 623 1518 654 τοιούτων
1540 624 1599 655 ἐστὶ
1621 627 1754 664 ποιητῶν
1780 622 1796 656 ὁ
1819 626 1965 667 ἷλαρωδός
1986 641 2037 659 κα-

100 663 261 704 λούμενος,
301 663 389 696 οὐδὲν
417 665 473 707 γὰρ
498 667 666 705 σχινίζεται,
707 670 812 706 χρῆται
835 666 866 697 δὲ
888 666 991 703 ἐσθῆτι
1013 666 1106 705 λευκῇ
1129 660 1253 706 ἀνδρείᾳ
1275 665 1326 694 καὶ
1353 670 1549 704 στεφανοῦται
1571 670 1702 707 χρυσοῦν
1727 658 1898 707 στέφανον,’
1932 670 1982 700 καὶ
2003 668 2036 701 τὰ

99 706 152 746 μὲν
168 706 297 738 παλαιόν
311 706 499 748 ὑποδήμασιν
516 709 636 749 ἐχρῆτο,
660 711 715 739 νῦν
739 709 770 740 δὲ
791 712 922 749 κρηπῖσι.
965 703 1076 737 Ψᾶλλει
1099 706 1130 737 δὲ
1153 703 1234 748 αὐτῷ
1257 704 1352 747 ἅρῤην
1375 708 1426 738 καὶ
1449 707 1571 748 θήλεια,
1596 707 1634 745 ὧς
1656 710 1705 740 καὶ
1726 713 1768 751 τῷ
1789 709 1925 753 αὐλῳδῷ.
1950 712 2035 742 Dae.

263 759 437 799 Hippius.
472 757 592 791 Ἵππιον
613 762 661 790 vel
684 758 807 791 ἱππικὸν
830 760 999 799 Neptunum
1021 757 1151 794 vocari‚·
1172 758 1280 786 scimus
1304 768 1340 787 ex
1365 758 1513 799 Aristoph.
1538 760 1569 788 in
1592 761 1688 799 Equit.
1713 761 1753 800 (v.
1766 760 1865 800 551.):

664 808 760 841 “Innz'
781 808 856 847 ἅναξ
882 807 1045 847 Πόσειδον,
1073 804 1097 839 ὦ

676 851 893 893 Χαλκοκρότων
913 853 1012 883 ἵππων
1035 848 1146 888 κτύπος

678 896 738 926 Καὶ
759 893 950 936 χρεμετισμὸς
973 891 1106 925 ἁνδάνει.

99 943 169 973 Ideo
194 950 290 974 autem
313 945 429 986 hippius
449 947 554 984 ἵππιος
576 948 691 985 dictus,
723 946 791 985 quia
814 946 929 985 primus
952 955 1044 985 equos
1066 945 1195 974 iunxisse
1218 944 1329 975 dicitur
1352 950 1381 975 et
1404 946 1556 984 equitandi
1578 950 1668 974 artem
1692 946 1847 977 invenisse.
1893 947 2034 986 Sophocl.

98 987 129 1015 in
152 987 226 1016 Oed.
249 988 311 1018 Col.
337 989 422 1029 (715.
445 990 523 1030 Br.):

670 1027 708 1060 ³52
730 1033 787 1061 παῖ
808 1027 947 1070 Κρόνου,
973 1028 1009 1061 σὺ
1032 1028 1087 1071 γάρ
1111 1043 1158 1061 νιν
1181 1031 1222 1066 εἰς

679 1071 748 1103 Τόδ’
774 1070 855 1108 εἷσας
878 1070 988 1112 αὔχημ’
1008 1071 1081 1110 ἅναξ
1107 1069 1255 1104 Ποσειδάν

666 1114 814 1146 Ἵπποισιν
837 1113 888 1146 τὸν
910 1114 1058 1155 ἆκεστῆρα
1079 1113 1200 1155 χαλινὸν

674 1155 828 1198 Πρώταισι
850 1161 914 1194 ταῖς
936 1154 967 1189 δ’
990 1158 1104 1194 ἔκτισας
1126 1154 1252 1198 ἀγυιαῖς.

99 1196 184 1226 Dac.
233 1197 291 1227 Vel
309 1198 388 1239 quod
411 1198 542 1229 tridentis
564 1202 632 1230 ictu.
677 1201 795 1238 Virgilii
818 1201 914 1229 locum
939 1200 975 1229 ob
999 1201 1101 1229 oculos
1123 1200 1228 1229 habuit
1249 1198 1299 1229 lib.
1312 1199 1335 1228 I.
1360 1199 1465 1237 Georg.
1488 1197 1578 1238 (13.):

670 1261 708 1266 --
753 1258 795 1264 -—
845 1243 942 1283 Tuque
964 1254 980 1271 ο
1004 1244 1051 1272 cui
1070 1243 1168 1282 prima
1179 1242 1355 1284 frementem

673 1283 763 1314 Fudit
785 1296 886 1325 equum
910 1296 1016 1325 magno
1040 1284 1126 1314 tellus
1144 1295 1281 1325 percussa
1303 1282 1422 1312 tridenti

672 1327 813 1367 Neptune.

97 1365 156 1394 Alii
179 1366 276 1404 aiunt,
313 1378 328 1397 e
350 1368 480 1408 Neptuni
502 1369 612 1398 semine
634 1370 664 1398 in
687 1380 758 1398 saxo
782 1369 959 1399 dormientis
981 1380 1088 1408 equum
1112 1375 1230 1406 natum,
1267 1369 1317 1408 qui
1341 1368 1409 1397 inde
1433 1366 1578 1407 Scyphius
1600 1366 1697 1396 dictus
1721 1371 1765 1396 est
1786 1372 1815 1396 et
1836 1368 1899 1406 ipse
1922 1368 2037 1407 Neptu-

97 1418 152 1437 nus
174 1407 317 1441 Petraeus.
361 1411 480 1442 Pindar.
501 1412 589 1451 Pyth.
613 1412 669 1442 Od.
691 1413 720 1444 4.
746 1410 787 1453 (v.
800 1413 871 1444 246.
896 1412 1025 1451 Heyn.):

676 1457 740 1485 Παῖ
764 1457 957 1490 Ποσειδῶνος
978 1454 1139 1494 Πετραίου.

99 1493 152 1521 Ubi
175 1493 368 1525 scholiastes:
408 1493 571 1527 Ἐπίθετον
597 1498 791 1533 Ποσειδῶνος
814 1494 830 1527 ὅ
852 1501 1001 1536 πετραῖος.
1040 1496 1115 1534 φασὶ
1145 1496 1174 1526 δὲ
1203 1495 1254 1525 καὶ
1284 1491 1388 1534 ἆγαῖνα
1417 1494 1608 1525 διατίθεσθαι
1638 1495 1679 1534 τῷ
1706 1494 1833 1534 πετραίῳ
1857 1495 2038 1532 Ποσειδῶνι,

97 1532 174 1567 ὅπου
198 1533 259 1567 vimi
281 1540 335 1575 τῆς
356 1538 463 1577 πέτρας
486 1536 664 1577 ἐξεπήδησεν
688 1535 704 1570 ὅ
725 1542 842 1578 πρῶτος
862 1539 962 1574 ἵππος.
998 1539 1034 1566 Et
1056 1538 1159 1577 paullo
1182 1542 1263 1566 ante:
1283 1534 1350 1566 Ἐπί
1371 1548 1452 1571 τινος
1475 1536 1582 1574 πέτρας
1603 1536 1764 1574 κοιμηθεὶς
1786 1538 1945 1567 Ποσειδῶν
1967 1533 2038 1568 ἄπε-

97 1576 274 1618 σπερμοῖτισε
295 1580 346 1611 καὶ
368 1579 419 1611 τὸν
438 1579 536 1618 θορὸν
565 1581 704 1619 δεξαμένη
728 1579 746 1620 ἡ
767 1583 807 1621 γῆ
829 1577 978 1611 α’νέδωκεν
1000 1580 1093 1610 ἵππον
1116 1582 1251 1618 πρῶτον,
1286 1577 1321 1609 ὅν
1343 1577 1525 1609 ἐπεκάλεσαν
1544 1575 1691 1617 Σκύφιον.
1721 1577 1830 1608 Idem.
1878 1577 2038 1617 Quaternos

98 1631 194 1660 equos.
238 1621 286 1649 Sic
309 1621 417 1651 Rhodii
442 1622 598 1661 quadrigas
620 1623 675 1651 soli
699 1627 884 1651 consecratas
909 1622 1066 1660 quotannis
1089 1622 1119 1650 in
1142 1631 1221 1649 mare
1244 1620 1399 1649 iaciebant.
1445 1619 1556 1650 Idem.

262 1662 417 1693 Hastae.
464 1665 529 1694 Vox
556 1665 744 1704 praecipuum
766 1665 843 1694 sorte
868 1665 1008 1693 mutanda
1032 1665 1062 1692 in
1083 1661 1196 1703 praelii.
1224 1661 1326 1693 Fulv.
1355 1662 1432 1691 Urs.
1478 1663 1549 1690 Cum
1575 1662 1647 1701 quid
1670 1661 1791 1700 publice
1813 1662 1949 1701 venibat,
1984 1663 2039 1692 ha-

99 1708 143 1731 sta
166 1704 350 1742 erigebatur,
377 1707 455 1736 unde
477 1707 585 1746 passim
610 1707 690 1746 apud
714 1712 829 1736 veteres
851 1707 903 1736 sub
926 1707 1012 1736 hasta
1035 1708 1128 1735 venire
1149 1705 1289 1744 reperias.
1333 1705 1404 1733 Inde
1427 1710 1524 1734 autem
1547 1715 1609 1733 mos
1632 1703 1778 1733 deductus
1802 1705 1935 1742 videtur,
1959 1705 2038 1743 quod

97 1745 203 1784 primis
227 1749 410 1786 temporibus
433 1759 464 1778 ea
493 1753 606 1778 tantuin
636 1749 754 1788 publice
782 1749 936 1786 venibant,
972 1759 1048 1788 quae
1077 1748 1153 1778 bello
1183 1752 1268 1786 capta
1299 1747 1424 1776 fuerant.
1472 1747 1576 1775 Graeci
1606 1751 1714 1774 vocant
1741 1743 1913 1786 δορὺκτητα.
1947 1747 2038 1779 Duc.

98 1786 179 1816 Nam
202 1796 228 1817 et
253 1787 501 1831 Carthaginenses.
546 1793 593 1819 Sic
623 1792 745 1820 Romani
775 1793 805 1821 in
835 1792 1053 1829 eorumfines,
1093 1791 1199 1830 quibus
1228 1790 1337 1818 bellum
1367 1789 1554 1827 indicebant,
1591 1788 1705 1816 hastam
1735 1789 1899 1818 mittebant.
1943 1790 2038 1826 Quem

99 1840 210 1859 morem
235 1831 304 1860 alibi
327 1833 429 1863 fusius.
459 1834 533 1863 Vide
548 1832 683 1864 Bellona.
709 1833 816 1864 Idem.
855 1835 1007 1864 Auctionis
1030 1834 1144 1871 signum
1167 1832 1252 1861 hasta
1275 1832 1303 1860 in
1327 1832 1391 1860 soro
1414 1832 1520 1871 posita.
1553 1831 1752 1860 Tertullianus
1774 1831 1805 1859 in
1828 1831 2036 1870 Apologetico:

101 1871 162 1900 Sub
192 1872 290 1902 eadem
319 1886 387 1905 voce
414 1877 583 1916 praeconis,
619 1876 671 1905 sub
701 1876 798 1906 eadem
821 1877 921 1914 hasta,
959 1876 1011 1906 suh
1034 1875 1131 1905 eadem
1155 1876 1342 1903 annotatione
1364 1874 1526 1915 quaestoris
1549 1873 1689 1902 divinitas
1709 1872 1830 1903 addicta
1855 1873 2036 1904 conducitur.

98 1914 174 1943 Hinc
198 1916 314 1945 Titulus
337 1918 385 1946 ille
408 1919 539 1948 Codicis:
569 1919 605 1947 de
628 1918 684 1948 fide
708 1924 736 1948 et
757 1920 822 1949 iure
845 1919 944 1948 hastae
968 1919 1084 1948 fiscalis.
1132 1916 1239 1947 Goth.

263 1967 470 1999 Habituclo.
515 1970 673 2008 Pinguedo.
706 1970 782 2000 Gall.
806 1970 990 2010 enbonpoint.
1026 1970 1144 1998 Terent.
1168 1969 1242 1997 Eun.
1259 1967 1303 2003 11,
1327 1971 1356 1999 2.
1380 1965 1477 2007 (11.):

98 2057 129 2086 D
588 2019 646 2059 Qui
668 2019 766 2057 color,
799 2022 891 2057 nitor,
920 2021 1052 2057 vestitus,
1082 2031 1155 2059 quae
1176 2016 1318 2047 habitudo
1341 2024 1381 2046 est
1405 2017 1544 2057 corporis.

135 2069 186 2088 ac.

263 2101 493 2142 Halapanta.
537 2105 567 2132 L.
589 2116 625 2134 m.
650 2104 856 2144 Holaphanta.
901 2105 988 2133 Forte
1013 2103 1165 2143 Holpata,
1202 2113 1238 2132 ex
1263 2103 1377 2131 Graeco
1408 2099 1477 2136 ὅλος
1505 2105 1533 2129 et
1562 2096 1693 2130 ἆπατυῖω.
1722 2096 1824 2126 Fulv·
1851 2097 1928 2127 Urs.
1972 2099 2032 2137 Ego

99 2144 235 2183 suspicor
257 2146 394 2174 Plautum
421 2146 594 2185 (Curc.1V‚
621 2151 655 2185 1,
678 2147 726 2186 2.)
757 2148 909 2185 scripsisse
933 2145 1111 2185 Halopama
1133 2155 1186 2185 per
1209 2156 1241 2181 ο,
1281 2150 1312 2174 ut
1335 2142 1416 2183 παρὰ
1437 2143 1493 2182 τήν
1514 2140 1570 2173 ἅλα
1591 2142 1684 2170 simile
1709 2140 1820 2168 faceret
1841 2150 1876 2168 ac
1898 2139 1979 2180 παρὰ
2001 2141 2033 2172 τὸ

98 2184 193 2217 σύκου
216 2188 325 2216 sactum
349 2193 392 2217 est
415 2189 609 2227 sycophanta.
653 2189 732 2218 Nihil
762 2190 909 2226 significat
931 2187 1121 2226 Halopanta‚
1155 2187 1206 2217 sed
1230 2188 1342 2216 comice
1365 2192 1393 2216 et
1415 2191 1548 2225 tempore
1568 2184 1666 2212 lusum
1688 2187 1732 2212 est
1753 2187 1879 2221 propter
1899 2181 2031 2212 habitum

97 2229 258 2267 marinum,
283 2235 311 2259 et
333 2236 413 2260 recte
437 2232 523 2260 hodie
546 2233 576 2260 in
601 2233 742 2261 Plautinis
767 2232 918 2260 codicibus
941 2232 1049 2266 legitur
1070 2241 1121 2268 per
1143 2241 1169 2259 ο.
1206 2229 1449 2269 Haloplzantam,
1473 2239 1511 2257 an
1532 2225 1740 2266 sycophantam
1762 2224 1841 2254 hunc
1860 2226 1955 2265 magis
1975 2237 2032 2253 esse

98 2270 213 2308 dicam,
253 2273 367 2310 nescio,
404 2274 434 2302 in
458 2274 575 2303 Curcul.
606 2273 707 2303 Scal.
752 2274 826 2302 Male
847 2275 933 2302 Fulv.
960 2274 1024 2303 Urs.
1048 2271 1179 2311 holpata.
1224 2272 1281 2301 Sed
1311 2273 1434 2311 pessime
1456 2271 1558 2299 Festus
1582 2268 1772 2307 halapantam
1795 2267 1843 2305 (ut
1864 2267 1927 2306 ipse
1948 2267 2028 2303 legit)

98 2314 194 2343 omnia
218 2315 406 2344 mentientem
428 2317 658 2355 interpretatur,
695 2316 730 2344 ab
754 2314 826 2354 ἅλη,
859 2314 959 2354 πλάνη
982 2327 1061 2345 error
1083 2320 1112 2344 et
1133 2311 1232 2345 πάντα
1255 2315 1360 2343 omnia.
1403 2314 1464 2342 Nec
1485 2311 1589 2341 melius
1611 2311 1670 2340 viri
1692 2309 1872 2346 doctissimi,
1903 2317 2027 2354 quoruui

98 2357 164 2393 alii,
189 2362 221 2385 ut
243 2358 372 2395 Scaliger
394 2363 422 2387 et
444 2360 589 2388 Canterus
611 2359 822 2398 halophantam
845 2359 903 2387 dici
926 2358 1028 2386 volunt
1051 2358 1086 2385 ab
1109 2355 1160 2394 ἅλς
1182 2367 1260 2386 mare
1283 2362 1312 2386 et
1334 2357 1497 2396 φαίνεσθαι,
1519 2353 1688 2390 ostendere,
1711 2353 1748 2381 ob
1770 2352 1907 2397 vestitum
1929 2353 2026 2396 ufmu-

99 2409 175 2428 cum.
218 2400 292 2437 Alii,
327 2406 359 2429 ut
380 2401 491 2430 Nonius
514 2403 596 2441 (pag.
610 2404 678 2433 120.
700 2402 805 2437 Mero.)
829 2402 864 2430 ab
888 2398 942 2439 ἅλη
966 2405 995 2430 et
1015 2396 1136 2439 ὖφαίνω
1158 2405 1243 2437 texo,
1273 2400 1324 2438 qui
1346 2397 1496 2428 mendacia
1519 2397 1610 2433 texit,
1638 2395 1764 2425 consuit.
1809 2393 1866 2421 Alu
1888 2391 2023 2429 denique,

147 2451 312 2480 GRAMMAT.
332 2462 398 2480 ιΑτ.
418 2452 454 2481 Π.
1544 2449 1597 2482 Ll
1614 2447 1625 2479 l
