<?xml version="1.0" encoding="UTF-8"?>
<!DOCTYPE html PUBLIC "-//W3C//DTD XHTML 1.0 Transitional//EN"
    "http://www.w3.org/TR/xhtml1/DTD/xhtml1-transitional.dtd">
<html xmlns="http://www.w3.org/1999/xhtml" xml:lang="en" lang="en">
 <head>
  <title>
</title>
<meta http-equiv="Content-Type" content="text/html;charset=utf-8" />
  <meta name='ocr-system' content='tesseract 3.04.00' />
  <meta name='ocr-capabilities' content='ocr_page ocr_carea ocr_par ocr_line ocrx_word'/>
</head>
<body>
  <div class='ocr_page' id='page_1' title='image "./corpusgrammatico01linduoft_0723.png"; bbox 0 0 2263 2668; ppageno 0'>
   <div class='ocr_carea' id='block_1_1' title="bbox 552 107 2060 150">
    <p class='ocr_par' dir='ltr' id='par_1_1' title="bbox 552 107 2060 150">
     <span class='ocr_line' id='line_1_1' title="bbox 552 107 2060 150; baseline -0.007 0"><span class='ocrx_word' id='word_1_1' title='bbox 552 117 617 150; x_wconf 88' lang='lat' dir='ltr'><strong>DE</strong></span> <span class='ocrx_word' id='word_1_2' title='bbox 644 114 1036 150; x_wconf 81' lang='lat' dir='ltr'><strong>SlGNlFlCATIONE</strong></span> <span class='ocrx_word' id='word_1_3' title='bbox 1065 110 1350 147; x_wconf 78' lang='lat' dir='ltr'><strong>VERBORUM.</strong></span> <span class='ocrx_word' id='word_1_4' title='bbox 1404 110 1550 144; x_wconf 83' lang='lat' dir='ltr'><strong>LIBER</strong></span> <span class='ocrx_word' id='word_1_5' title='bbox 1576 110 1603 146; x_wconf 93' lang='lat'><strong>1.</strong></span> <span class='ocrx_word' id='word_1_6' title='bbox 1987 107 2060 141; x_wconf 86' lang='lat'><strong>301</strong></span> 
     </span>
    </p>
   </div>
   <div class='ocr_carea' id='block_1_2' title="bbox 100 198 2063 465">
    <p class='ocr_par' dir='ltr' id='par_1_2' title="bbox 100 198 2062 294">
     <span class='ocr_line' id='line_1_2' title="bbox 100 198 2062 249; baseline -0.007 -6"><span class='ocrx_word' id='word_1_7' title='bbox 100 213 178 243; x_wconf 90' lang='lat' dir='ltr'><strong>libro</strong></span> <span class='ocrx_word' id='word_1_8' title='bbox 193 223 217 243; x_wconf 90' lang='lat' dir='ltr'><strong>c.</strong></span> <span class='ocrx_word' id='word_1_9' title='bbox 231 214 280 245; x_wconf 81' lang='lat'><strong>23.</strong></span> <span class='ocrx_word' id='word_1_10' title='bbox 296 211 330 241; x_wconf 87' lang='lat' dir='ltr'><strong>fit</strong></span> <span class='ocrx_word' id='word_1_11' title='bbox 343 211 452 240; x_wconf 90' lang='lat' dir='ltr'><strong>mentio</strong></span> <span class='ocrx_word' id='word_1_12' title='bbox 468 210 610 240; x_wconf 77' lang='lat' dir='ltr'><strong>Caelestis</strong></span> <span class='ocrx_word' id='word_1_13' title='bbox 628 210 717 247; x_wconf 84' lang='lat' dir='ltr'><strong>deae,</strong></span> <span class='ocrx_word' id='word_1_14' title='bbox 744 220 818 249; x_wconf 89' lang='lat' dir='ltr'><strong>quae</strong></span> <span class='ocrx_word' id='word_1_15' title='bbox 834 214 869 239; x_wconf 87' lang='lat' dir='ltr'><strong>ut</strong></span> <span class='ocrx_word' id='word_1_16' title='bbox 886 208 1056 248; x_wconf 78' lang='lat' dir='ltr'><strong>pluviarum</strong></span> <span class='ocrx_word' id='word_1_17' title='bbox 1073 205 1268 246; x_wconf 84' lang='lat' dir='ltr'><strong>pollicitatrix</strong></span> <span class='ocrx_word' id='word_1_18' title='bbox 1290 203 1445 234; x_wconf 86' lang='lat' dir='ltr'>colebatur</span> <span class='ocrx_word' id='word_1_19' title='bbox 1468 203 1504 232; x_wconf 89' lang='lat' dir='ltr'><strong>ab</strong></span> <span class='ocrx_word' id='word_1_20' title='bbox 1521 201 1665 233; x_wconf 88' lang='lat' dir='ltr'><strong>Ethnicis.</strong></span> <span class='ocrx_word' id='word_1_21' title='bbox 1700 198 1825 231; x_wconf 68' lang='lat' dir='ltr'><strong>Mamali</strong></span> <span class='ocrx_word' id='word_1_22' title='bbox 1840 198 1948 241; x_wconf 78' lang='lat' dir='ltr'><strong>lapide.</strong></span> <span class='ocrx_word' id='word_1_23' title='bbox 1986 199 2062 229; x_wconf 86' lang='lat' dir='ltr'><strong>Vide</strong></span> 
     </span>
     <span class='ocr_line' id='line_1_3' title="bbox 100 247 1152 294; baseline -0.007 -8"><span class='ocrx_word' id='word_1_24' title='bbox 100 257 130 285; x_wconf 84' lang='lat' dir='ltr'><strong>in</strong></span> <span class='ocrx_word' id='word_1_25' title='bbox 147 253 304 286; x_wconf 67' lang='lat' dir='ltr'><strong>Itilanalem</strong></span> <span class='ocrx_word' id='word_1_26' title='bbox 321 253 465 294; x_wconf 76' lang='lat' dir='ltr'><strong>lapidem,</strong></span> <span class='ocrx_word' id='word_1_27' title='bbox 489 258 518 282; x_wconf 89' lang='lat' dir='ltr'><strong>et</strong></span> <span class='ocrx_word' id='word_1_28' title='bbox 533 253 720 291; x_wconf 83' lang='lat' dir='ltr'><strong>Fulgentium</strong></span> <span class='ocrx_word' id='word_1_29' title='bbox 735 252 766 282; x_wconf 88' lang='lat' dir='ltr'><strong>in</strong></span> <span class='ocrx_word' id='word_1_30' title='bbox 779 251 927 282; x_wconf 84' lang='lat' dir='ltr'><strong>Manales.</strong></span> <span class='ocrx_word' id='word_1_31' title='bbox 976 247 1152 291; x_wconf 79' lang='lat' dir='ltr'><strong>Gothosr.</strong></span> 
     </span>
    </p>

    <p class='ocr_par' dir='ltr' id='par_1_3' title="bbox 100 284 2063 465">
     <span class='ocr_line' id='line_1_4' title="bbox 266 284 2060 338; baseline -0.007 -12"><span class='ocrx_word' id='word_1_32' title='bbox 266 297 385 338; x_wconf 84' lang='lat' dir='ltr'><em>Aqua.</em></span> <span class='ocrx_word' id='word_1_33' title='bbox 429 297 525 325; x_wconf 90' lang='lat' dir='ltr'><strong>Varro</strong></span> <span class='ocrx_word' id='word_1_34' title='bbox 545 297 643 325; x_wconf 88' lang='lat' dir='ltr'><strong>minus</strong></span> <span class='ocrx_word' id='word_1_35' title='bbox 665 295 754 324; x_wconf 85' lang='lat' dir='ltr'><strong>dure:</strong></span> <span class='ocrx_word' id='word_1_36' title='bbox 786 294 879 335; x_wconf 85' lang='lat' dir='ltr'><strong>Aqua</strong></span> <span class='ocrx_word' id='word_1_37' title='bbox 897 292 977 335; x_wconf 82' lang='lat' dir='ltr'><strong>quod</strong></span> <span class='ocrx_word' id='word_1_38' title='bbox 1002 302 1095 332; x_wconf 88' lang='lat' dir='ltr'><strong>aequa</strong></span> <span class='ocrx_word' id='word_1_39' title='bbox 1116 301 1237 320; x_wconf 82' lang='lat' dir='ltr'><strong>summa.</strong></span> <span class='ocrx_word' id='word_1_40' title='bbox 1274 299 1444 329; x_wconf 82' lang='lat' dir='ltr'>quanquam</span> <span class='ocrx_word' id='word_1_41' title='bbox 1468 294 1607 318; x_wconf 87' lang='lat' dir='ltr'><strong>neutrum</strong></span> <span class='ocrx_word' id='word_1_42' title='bbox 1628 288 1733 328; x_wconf 87' lang='lat' dir='ltr'><strong>implet</strong></span> <span class='ocrx_word' id='word_1_43' title='bbox 1751 297 1836 316; x_wconf 90' lang='lat' dir='ltr'><strong>aures</strong></span> <span class='ocrx_word' id='word_1_44' title='bbox 1851 295 1943 316; x_wconf 85' lang='lat' dir='ltr'><strong>meas.</strong></span> <span class='ocrx_word' id='word_1_45' title='bbox 1973 284 2060 314; x_wconf 73' lang='lat' dir='ltr'><strong>Ant.</strong></span> 
     </span>
     <span class='ocr_line' id='line_1_5' title="bbox 100 328 2062 379; baseline -0.008 -8"><span class='ocrx_word' id='word_1_46' title='bbox 100 339 305 379; x_wconf 74' lang='lat' dir='ltr'><strong>Angustia.</strong></span> <span class='ocrx_word' id='word_1_47' title='bbox 351 340 469 378; x_wconf 82' lang='lat' dir='ltr'><strong>Optime</strong></span> <span class='ocrx_word' id='word_1_48' title='bbox 485 339 624 368; x_wconf 85' lang='lat' dir='ltr'><strong>Caninius</strong></span> <span class='ocrx_word' id='word_1_49' title='bbox 646 338 681 367; x_wconf 84' lang='lat' dir='ltr'><strong>ab</strong></span> <span class='ocrx_word' id='word_1_50' title='bbox 704 335 722 368; x_wconf 80' lang='grc' dir='ltr'><em>ἆ</em></span> <span class='ocrx_word' id='word_1_51' title='bbox 742 335 813 377; x_wconf 81' lang='grc' dir='ltr'>χόα,</span> <span class='ocrx_word' id='word_1_52' title='bbox 844 348 909 366; x_wconf 86' lang='lat' dir='ltr'><strong>nam</strong></span> <span class='ocrx_word' id='word_1_53' title='bbox 932 345 1017 375; x_wconf 84' lang='lat' dir='ltr'>saepe</span> <span class='ocrx_word' id='word_1_54' title='bbox 1035 334 1132 363; x_wconf 89' lang='lat' dir='ltr'><strong>Latini</strong></span> <span class='ocrx_word' id='word_1_55' title='bbox 1155 333 1317 362; x_wconf 89' lang='lat' dir='ltr'><strong>articulum</strong></span> <span class='ocrx_word' id='word_1_56' title='bbox 1333 331 1502 361; x_wconf 85' lang='lat' dir='ltr'><strong>nominibus</strong></span> <span class='ocrx_word' id='word_1_57' title='bbox 1519 332 1654 370; x_wconf 89' lang='lat' dir='ltr'><strong>iungunt.</strong></span> <span class='ocrx_word' id='word_1_58' title='bbox 1677 330 1763 359; x_wconf 88' lang='lat' dir='ltr'><strong>Dac.</strong></span> <span class='ocrx_word' id='word_1_59' title='bbox 1788 330 1822 359; x_wconf 87' lang='lat' dir='ltr'><em>A</em></span> <span class='ocrx_word' id='word_1_60' title='bbox 1842 339 1900 369; x_wconf 82' lang='lat' dir='ltr'><strong>qua</strong></span> <span class='ocrx_word' id='word_1_61' title='bbox 1920 328 2062 357; x_wconf 78' lang='lat' dir='ltr'><strong>vivamus.</strong></span> 
     </span>
     <span class='ocr_line' id='line_1_6' title="bbox 101 370 2061 422; baseline -0.007 -10"><span class='ocrx_word' id='word_1_62' title='bbox 101 382 177 412; x_wconf 77' lang='lat' dir='ltr'><strong>adde</strong></span> <span class='ocrx_word' id='word_1_63' title='bbox 192 382 319 412; x_wconf 67' lang='lat' dir='ltr'><strong>vai-ron.</strong></span> <span class='ocrx_word' id='word_1_64' title='bbox 339 382 390 412; x_wconf 92' lang='lat' dir='ltr'><strong>lib.</strong></span> <span class='ocrx_word' id='word_1_65' title='bbox 404 382 451 411; x_wconf 88' lang='lat' dir='ltr'><strong>lv.</strong></span> <span class='ocrx_word' id='word_1_66' title='bbox 474 382 510 412; x_wconf 87' lang='lat' dir='ltr'><strong>de</strong></span> <span class='ocrx_word' id='word_1_67' title='bbox 532 382 642 420; x_wconf 87' lang='lat' dir='ltr'><strong>lingua.</strong></span> <span class='ocrx_word' id='word_1_68' title='bbox 676 379 855 422; x_wconf 76' lang='lat' dir='ltr'><strong>Gothofr.</strong></span> <span class='ocrx_word' id='word_1_69' title='bbox 902 380 952 408; x_wconf 85' lang='lat' dir='ltr'><strong>Est</strong></span> <span class='ocrx_word' id='word_1_70' title='bbox 966 390 981 407; x_wconf 91' lang='lat' dir='ltr'><strong>a</strong></span> <span class='ocrx_word' id='word_1_71' title='bbox 997 377 1098 407; x_wconf 80' lang='lat' dir='ltr'><strong>radice</strong></span> <span class='ocrx_word' id='word_1_72' title='bbox 1115 376 1262 405; x_wconf 88' lang='lat' dir='ltr'><strong>Sanscrita</strong></span> <span class='ocrx_word' id='word_1_73' title='bbox 1278 386 1367 415; x_wconf 86' lang='lat' dir='ltr'><strong>apa,</strong></span> <span class='ocrx_word' id='word_1_74' title='bbox 1390 374 1498 413; x_wconf 81' lang='lat' dir='ltr'><strong>plurali</strong></span> <span class='ocrx_word' id='word_1_75' title='bbox 1514 385 1622 414; x_wconf 82' lang='lat' dir='ltr'><strong>apas,</strong></span> <span class='ocrx_word' id='word_1_76' title='bbox 1646 373 1726 411; x_wconf 89' lang='lat' dir='ltr'><strong>quod</strong></span> <span class='ocrx_word' id='word_1_77' title='bbox 1743 379 1787 402; x_wconf 90' lang='lat' dir='ltr'><strong>est</strong></span> <span class='ocrx_word' id='word_1_78' title='bbox 1800 370 1918 412; x_wconf 81' lang='lat' dir='ltr'><strong>plurale</strong></span> <span class='ocrx_word' id='word_1_79' title='bbox 1933 374 2061 406; x_wconf 81' lang='lat' dir='ltr'><strong>tantum,</strong></span> 
     </span>
     <span class='ocr_line' id='line_1_7' title="bbox 101 412 2063 465; baseline -0.006 -11"><span class='ocrx_word' id='word_1_80' title='bbox 101 425 126 454; x_wconf 86' lang='lat' dir='ltr'><strong>si</strong></span> <span class='ocrx_word' id='word_1_81' title='bbox 141 435 198 465; x_wconf 89' lang='lat' dir='ltr'><strong>pro</strong></span> <span class='ocrx_word' id='word_1_82' title='bbox 218 426 337 454; x_wconf 85' lang='lat' dir='ltr'><strong>nomine</strong></span> <span class='ocrx_word' id='word_1_83' title='bbox 357 426 489 464; x_wconf 88' lang='lat' dir='ltr'><strong>ponitur.</strong></span> <span class='ocrx_word' id='word_1_84' title='bbox 535 424 564 454; x_wconf 84' lang='lat' dir='ltr'><em>P</em></span> <span class='ocrx_word' id='word_1_85' title='bbox 576 429 604 453; x_wconf 88' lang='lat' dir='ltr'><strong>et</strong></span> <span class='ocrx_word' id='word_1_86' title='bbox 621 423 647 462; x_wconf 83' lang='lat' dir='ltr'>O</span> <span class='ocrx_word' id='word_1_87' title='bbox 663 422 827 462; x_wconf 87' lang='lat' dir='ltr'><strong>permutari</strong></span> <span class='ocrx_word' id='word_1_88' title='bbox 848 423 943 451; x_wconf 83' lang='lat' dir='ltr'><strong>solent</strong></span> <span class='ocrx_word' id='word_1_89' title='bbox 964 421 995 450; x_wconf 88' lang='lat' dir='ltr'><strong>in</strong></span> <span class='ocrx_word' id='word_1_90' title='bbox 1017 420 1111 459; x_wconf 87' lang='lat' dir='ltr'><strong>ipsius</strong></span> <span class='ocrx_word' id='word_1_91' title='bbox 1129 419 1260 458; x_wconf 83' lang='lat' dir='ltr'><strong>Linguae</strong></span> <span class='ocrx_word' id='word_1_92' title='bbox 1275 418 1397 447; x_wconf 82' lang='lat' dir='ltr'><strong>Latinae</strong></span> <span class='ocrx_word' id='word_1_93' title='bbox 1420 417 1571 453; x_wconf 82' lang='lat' dir='ltr'><strong>dialectis,</strong></span> <span class='ocrx_word' id='word_1_94' title='bbox 1599 421 1634 446; x_wconf 92' lang='lat' dir='ltr'><strong>ut</strong></span> <span class='ocrx_word' id='word_1_95' title='bbox 1648 416 1824 456; x_wconf 82' lang='lat' dir='ltr'><strong>Tarpinius‚</strong></span> <span class='ocrx_word' id='word_1_96' title='bbox 1853 424 1910 453; x_wconf 87' lang='lat' dir='ltr'><strong>pro</strong></span> <span class='ocrx_word' id='word_1_97' title='bbox 1927 423 1962 442; x_wconf 85' lang='lat' dir='ltr'><strong>eo</strong></span> <span class='ocrx_word' id='word_1_98' title='bbox 1980 412 2063 452; x_wconf 84' lang='lat' dir='ltr'><strong>quod</strong></span> 
     </span>
    </p>
   </div>
   <div class='ocr_carea' id='block_1_3' title="bbox 102 462 2062 551">
    <p class='ocr_par' dir='ltr' id='par_1_4' title="bbox 102 462 2062 551">
     <span class='ocr_line' id='line_1_8' title="bbox 102 462 1150 508; baseline -0.006 -10"><span class='ocrx_word' id='word_1_99' title='bbox 102 473 147 498; x_wconf 83' lang='lat' dir='ltr'><strong>est</strong></span> <span class='ocrx_word' id='word_1_100' title='bbox 163 469 361 508; x_wconf 78' lang='lat' dir='ltr'><strong>Tarquinius-‚-</strong></span> <span class='ocrx_word' id='word_1_101' title='bbox 380 476 501 508; x_wconf 78' lang='lat' dir='ltr'><strong>peiora‚</strong></span> <span class='ocrx_word' id='word_1_102' title='bbox 526 478 582 506; x_wconf 86' lang='lat' dir='ltr'><strong>pro</strong></span> <span class='ocrx_word' id='word_1_103' title='bbox 600 473 741 507; x_wconf 78' lang='lat' dir='ltr'><strong>quatuor,</strong></span> <span class='ocrx_word' id='word_1_104' title='bbox 765 470 795 495; x_wconf 88' lang='lat' dir='ltr'><strong>et</strong></span> <span class='ocrx_word' id='word_1_105' title='bbox 811 466 904 494; x_wconf 85' lang='lat' dir='ltr'><strong>multa</strong></span> <span class='ocrx_word' id='word_1_106' title='bbox 921 463 1067 493; x_wconf 89' lang='lat' dir='ltr'><strong>eiusmodi</strong></span> <span class='ocrx_word' id='word_1_107' title='bbox 1084 462 1150 492; x_wconf 87' lang='lat' dir='ltr'><strong>alia.</strong></span> 
     </span>
     <span class='ocr_line' id='line_1_9' title="bbox 267 497 2062 551; baseline -0.008 -11"><span class='ocrx_word' id='word_1_108' title='bbox 267 510 377 551; x_wconf 85' lang='lat' dir='ltr'><strong>Aqua</strong></span> <span class='ocrx_word' id='word_1_109' title='bbox 400 517 431 539; x_wconf 76' lang='lat' dir='ltr'><strong>et</strong></span> <span class='ocrx_word' id='word_1_110' title='bbox 453 510 542 550; x_wconf 73' lang='lat' dir='ltr'><strong>igni.</strong></span> <span class='ocrx_word' id='word_1_111' title='bbox 586 510 628 538; x_wconf 89' lang='lat' dir='ltr'><strong>De</strong></span> <span class='ocrx_word' id='word_1_112' title='bbox 643 518 718 547; x_wconf 89' lang='lat' dir='ltr'><strong>aqua</strong></span> <span class='ocrx_word' id='word_1_113' title='bbox 736 513 764 538; x_wconf 89' lang='lat' dir='ltr'><strong>et</strong></span> <span class='ocrx_word' id='word_1_114' title='bbox 777 508 852 547; x_wconf 84' lang='lat' dir='ltr'><strong>igni,</strong></span> <span class='ocrx_word' id='word_1_115' title='bbox 882 517 957 546; x_wconf 89' lang='lat' dir='ltr'><strong>quae</strong></span> <span class='ocrx_word' id='word_1_116' title='bbox 981 505 1134 544; x_wconf 81' lang='lat' dir='ltr'><strong>accipiunt</strong></span> <span class='ocrx_word' id='word_1_117' title='bbox 1152 509 1276 543; x_wconf 88' lang='lat' dir='ltr'><strong>nuptae,</strong></span> <span class='ocrx_word' id='word_1_118' title='bbox 1304 502 1384 532; x_wconf 87' lang='lat' dir='ltr'><strong>idem</strong></span> <span class='ocrx_word' id='word_1_119' title='bbox 1400 501 1497 531; x_wconf 89' lang='lat' dir='ltr'><strong>Varro</strong></span> <span class='ocrx_word' id='word_1_120' title='bbox 1517 500 1664 530; x_wconf 85' lang='lat' dir='ltr'><strong>videndus</strong></span> <span class='ocrx_word' id='word_1_121' title='bbox 1687 499 1736 528; x_wconf 91' lang='lat' dir='ltr'><strong>lib.</strong></span> <span class='ocrx_word' id='word_1_122' title='bbox 1754 498 1803 528; x_wconf 94' lang='lat' dir='ltr'><strong>IV.</strong></span> <span class='ocrx_word' id='word_1_123' title='bbox 1819 503 1848 527; x_wconf 89' lang='lat' dir='ltr'><strong>et</strong></span> <span class='ocrx_word' id='word_1_124' title='bbox 1863 497 2015 527; x_wconf 85' lang='lat' dir='ltr'><strong>Plutarch.</strong></span> <span class='ocrx_word' id='word_1_125' title='bbox 2031 500 2062 527; x_wconf 92' lang='lat' dir='ltr'><strong>in</strong></span> 
     </span>
    </p>
   </div>
   <div class='ocr_carea' id='block_1_4' title="bbox 100 539 2065 2418">
    <p class='ocr_par' dir='ltr' id='par_1_5' title="bbox 102 539 2062 804">
     <span class='ocr_line' id='line_1_10' title="bbox 102 539 2062 591; baseline -0.008 -8"><span class='ocrx_word' id='word_1_126' title='bbox 102 553 250 583; x_wconf 87' lang='lat' dir='ltr'><strong>Problem.</strong></span> <span class='ocrx_word' id='word_1_127' title='bbox 267 558 294 582; x_wconf 89' lang='lat' dir='ltr'><strong>et</strong></span> <span class='ocrx_word' id='word_1_128' title='bbox 314 553 390 582; x_wconf 82' lang='lat' dir='ltr'><strong>infra</strong></span> <span class='ocrx_word' id='word_1_129' title='bbox 407 551 524 582; x_wconf 83' lang='lat' dir='ltr'><strong>Facem.</strong></span> <span class='ocrx_word' id='word_1_130' title='bbox 554 552 639 581; x_wconf 78' lang='lat' dir='ltr'><strong>Ani.</strong></span> <span class='ocrx_word' id='word_1_131' title='bbox 660 551 754 591; x_wconf 80' lang='lat' dir='ltr'><strong>Aug.</strong></span> <span class='ocrx_word' id='word_1_132' title='bbox 799 551 925 580; x_wconf 88' lang='lat' dir='ltr'><strong>Videtur</strong></span> <span class='ocrx_word' id='word_1_133' title='bbox 945 549 996 578; x_wconf 81' lang='lat' dir='ltr'><strong>hic</strong></span> <span class='ocrx_word' id='word_1_134' title='bbox 1009 549 1093 578; x_wconf 87' lang='lat' dir='ltr'><strong>locus</strong></span> <span class='ocrx_word' id='word_1_135' title='bbox 1110 548 1149 576; x_wconf 89' lang='lat' dir='ltr'><strong>ita</strong></span> <span class='ocrx_word' id='word_1_136' title='bbox 1168 546 1325 585; x_wconf 87' lang='lat' dir='ltr'><strong>legendus:</strong></span> <span class='ocrx_word' id='word_1_137' title='bbox 1348 545 1442 585; x_wconf 90' lang='lat' dir='ltr'><strong>Aqua</strong></span> <span class='ocrx_word' id='word_1_138' title='bbox 1458 551 1485 572; x_wconf 83' lang='lat' dir='ltr'><strong>et</strong></span> <span class='ocrx_word' id='word_1_139' title='bbox 1502 544 1564 583; x_wconf 80' lang='lat' dir='ltr'><strong>igni</strong></span> <span class='ocrx_word' id='word_1_140' title='bbox 1584 551 1642 572; x_wconf 71' lang='lat' dir='ltr'><strong>tam</strong></span> <span class='ocrx_word' id='word_1_141' title='bbox 1661 540 1798 571; x_wconf 78' lang='lat' dir='ltr'><strong>interdici</strong></span> <span class='ocrx_word' id='word_1_142' title='bbox 1814 539 1887 569; x_wconf 76' lang='lat' dir='ltr'><strong>solet</strong></span> <span class='ocrx_word' id='word_1_143' title='bbox 1904 539 2062 578; x_wconf 79' lang='lat' dir='ltr'><strong>damnatis,</strong></span> 
     </span>
     <span class='ocr_line' id='line_1_11' title="bbox 102 584 2062 637; baseline -0.007 -13"><span class='ocrx_word' id='word_1_144' title='bbox 102 607 191 637; x_wconf 85' lang='lat' dir='ltr'><strong>quam</strong></span> <span class='ocrx_word' id='word_1_145' title='bbox 207 596 393 635; x_wconf 72' lang='lat' dir='ltr'><strong>accipiuntur</strong></span> <span class='ocrx_word' id='word_1_146' title='bbox 409 602 523 635; x_wconf 75' lang='lat' dir='ltr'><strong>nuptae.</strong></span> <span class='ocrx_word' id='word_1_147' title='bbox 568 594 708 623; x_wconf 87' lang='lat' dir='ltr'><strong>Scaevola</strong></span> <span class='ocrx_word' id='word_1_148' title='bbox 724 595 753 622; x_wconf 89' lang='lat' dir='ltr'><strong>in</strong></span> <span class='ocrx_word' id='word_1_149' title='bbox 771 594 803 623; x_wconf 89' lang='lat' dir='ltr'><strong>L.</strong></span> <span class='ocrx_word' id='word_1_150' title='bbox 818 593 892 623; x_wconf 92' lang='lat' dir='ltr'><strong>Seia.</strong></span> <span class='ocrx_word' id='word_1_151' title='bbox 906 593 940 621; x_wconf 87' lang='lat' dir='ltr'><strong>D.</strong></span> <span class='ocrx_word' id='word_1_152' title='bbox 954 592 990 621; x_wconf 86' lang='lat' dir='ltr'><strong>de</strong></span> <span class='ocrx_word' id='word_1_153' title='bbox 1004 591 1106 620; x_wconf 87' lang='lat' dir='ltr'><strong>donat.</strong></span> <span class='ocrx_word' id='word_1_154' title='bbox 1119 591 1198 619; x_wconf 89' lang='lat' dir='ltr'><strong>inter</strong></span> <span class='ocrx_word' id='word_1_155' title='bbox 1214 590 1317 618; x_wconf 85' lang='lat' dir='ltr'><strong>vivos:</strong></span> <span class='ocrx_word' id='word_1_156' title='bbox 1351 586 1478 625; x_wconf 74' lang='lat' dir='ltr'><strong>Quidam</strong></span> <span class='ocrx_word' id='word_1_157' title='bbox 1496 586 1604 625; x_wconf 75' lang='lat' dir='ltr'><strong>virgini</strong></span> <span class='ocrx_word' id='word_1_158' title='bbox 1619 584 1665 614; x_wconf 78' lang='lat' dir='ltr'><strong>die</strong></span> <span class='ocrx_word' id='word_1_159' title='bbox 1681 584 1848 623; x_wconf 78' lang='lat' dir='ltr'><strong>nuptiarum</strong></span> <span class='ocrx_word' id='word_1_160' title='bbox 1859 606 1867 619; x_wconf 93' lang='lat'><strong>,</strong></span> <span class='ocrx_word' id='word_1_161' title='bbox 1888 584 2062 623; x_wconf 76' lang='lat' dir='ltr'><strong>priusquam</strong></span> 
     </span>
     <span class='ocr_line' id='line_1_12' title="bbox 102 624 2061 677; baseline -0.007 -11"><span class='ocrx_word' id='word_1_162' title='bbox 102 637 145 666; x_wconf 84' lang='lat' dir='ltr'><strong>acl</strong></span> <span class='ocrx_word' id='word_1_163' title='bbox 167 649 228 666; x_wconf 88' lang='lat' dir='ltr'><strong>eum</strong></span> <span class='ocrx_word' id='word_1_164' title='bbox 254 639 407 675; x_wconf 72' lang='lat' dir='ltr'><strong>transiret,</strong></span> <span class='ocrx_word' id='word_1_165' title='bbox 439 645 465 666; x_wconf 78' lang='lat' dir='ltr'><strong>ci</strong></span> <span class='ocrx_word' id='word_1_166' title='bbox 483 638 654 677; x_wconf 77' lang='lat' dir='ltr'><strong>priusquam</strong></span> <span class='ocrx_word' id='word_1_167' title='bbox 678 648 755 676; x_wconf 86' lang='lat' dir='ltr'><strong>aqua</strong></span> <span class='ocrx_word' id='word_1_168' title='bbox 772 643 797 665; x_wconf 79' lang='lat' dir='ltr'><strong>et</strong></span> <span class='ocrx_word' id='word_1_169' title='bbox 818 637 880 676; x_wconf 73' lang='lat' dir='ltr'><strong>igni</strong></span> <span class='ocrx_word' id='word_1_170' title='bbox 902 635 1097 675; x_wconf 76' lang='lat' dir='ltr'><strong>acciperetur,</strong></span> <span class='ocrx_word' id='word_1_171' title='bbox 1129 631 1162 662; x_wconf 81' lang='lat' dir='ltr'><strong>id</strong></span> <span class='ocrx_word' id='word_1_172' title='bbox 1179 639 1219 661; x_wconf 76' lang='lat' dir='ltr'><strong>est</strong></span> <span class='ocrx_word' id='word_1_173' title='bbox 1236 632 1352 671; x_wconf 71' lang='lat' dir='ltr'><strong>nuptiae</strong></span> <span class='ocrx_word' id='word_1_174' title='bbox 1369 628 1594 663; x_wconf 73' lang='lat' dir='ltr'><strong>celebrarentur.</strong></span> <span class='ocrx_word' id='word_1_175' title='bbox 1618 625 1724 657; x_wconf 74' lang='lat' dir='ltr'><strong>obtulit</strong></span> <span class='ocrx_word' id='word_1_176' title='bbox 1740 625 1837 656; x_wconf 80' lang='lat' dir='ltr'><strong>decem</strong></span> <span class='ocrx_word' id='word_1_177' title='bbox 1855 636 1958 655; x_wconf 80' lang='lat' dir='ltr'><strong>aureos</strong></span> <span class='ocrx_word' id='word_1_178' title='bbox 1974 624 2061 655; x_wconf 82' lang='lat' dir='ltr'><strong>dono.</strong></span> 
     </span>
     <span class='ocr_line' id='line_1_13' title="bbox 102 672 1670 714; baseline -0.007 -5"><span class='ocrx_word' id='word_1_179' title='bbox 102 679 203 709; x_wconf 83' lang='lat' dir='ltr'><strong>Fulv.</strong></span> <span class='ocrx_word' id='word_1_180' title='bbox 226 679 398 710; x_wconf 83' lang='lat' dir='ltr'><strong>Ursinus.</strong></span> <span class='ocrx_word' id='word_1_181' title='bbox 440 680 546 709; x_wconf 87' lang='lat' dir='ltr'><strong>Fulvio</strong></span> <span class='ocrx_word' id='word_1_182' title='bbox 564 680 671 709; x_wconf 86' lang='lat' dir='ltr'><strong>Ursino</strong></span> <span class='ocrx_word' id='word_1_183' title='bbox 689 680 776 708; x_wconf 91' lang='lat' dir='ltr'><strong>unice</strong></span> <span class='ocrx_word' id='word_1_184' title='bbox 793 678 953 707; x_wconf 86' lang='lat' dir='ltr'><strong>adsentior.</strong></span> <span class='ocrx_word' id='word_1_185' title='bbox 999 678 1041 706; x_wconf 86' lang='lat' dir='ltr'><strong>De</strong></span> <span class='ocrx_word' id='word_1_186' title='bbox 1058 681 1187 714; x_wconf 89' lang='lat' dir='ltr'><strong>utroque</strong></span> <span class='ocrx_word' id='word_1_187' title='bbox 1209 684 1293 703; x_wconf 86' lang='lat' dir='ltr'><strong>more</strong></span> <span class='ocrx_word' id='word_1_188' title='bbox 1309 672 1398 702; x_wconf 87' lang='lat' dir='ltr'><strong>Ovid.</strong></span> <span class='ocrx_word' id='word_1_189' title='bbox 1412 672 1462 700; x_wconf 91' lang='lat' dir='ltr'><strong>IV.</strong></span> <span class='ocrx_word' id='word_1_190' title='bbox 1477 672 1553 701; x_wconf 88' lang='lat' dir='ltr'><strong>Fast.</strong></span> <span class='ocrx_word' id='word_1_191' title='bbox 1572 672 1670 709; x_wconf 84' lang='lat'><strong>(791.)</strong></span> 
     </span>
     <span class='ocr_line' id='line_1_14' title="bbox 602 713 1464 761; baseline -0.009 -10"><span class='ocrx_word' id='word_1_192' title='bbox 602 720 690 761; x_wconf 80' lang='lat' dir='ltr'><strong>Quod</strong></span> <span class='ocrx_word' id='word_1_193' title='bbox 713 722 743 750; x_wconf 87' lang='lat' dir='ltr'><strong>in</strong></span> <span class='ocrx_word' id='word_1_194' title='bbox 758 721 803 750; x_wconf 78' lang='lat' dir='ltr'><strong>his</strong></span> <span class='ocrx_word' id='word_1_195' title='bbox 818 722 894 750; x_wconf 77' lang='lat' dir='ltr'><strong>vitae</strong></span> <span class='ocrx_word' id='word_1_196' title='bbox 909 730 1014 750; x_wconf 81' lang='lat' dir='ltr'><strong>caussa</strong></span> <span class='ocrx_word' id='word_1_197' title='bbox 1032 726 1088 753; x_wconf 72' lang='lat' dir='ltr'><strong>est,</strong></span> <span class='ocrx_word' id='word_1_198' title='bbox 1119 718 1190 747; x_wconf 79' lang='lat' dir='ltr'><strong>baec</strong></span> <span class='ocrx_word' id='word_1_199' title='bbox 1207 714 1342 758; x_wconf 74' lang='lat' dir='ltr'><strong>pendidit</strong></span> <span class='ocrx_word' id='word_1_200' title='bbox 1358 713 1464 753; x_wconf 77' lang='lat' dir='ltr'><strong>exsul,-</strong></span> 
     </span>
     <span class='ocr_line' id='line_1_15' title="bbox 684 759 1482 804; baseline -0.013 -10"><span class='ocrx_word' id='word_1_201' title='bbox 684 762 745 793; x_wconf 81' lang='lat' dir='ltr'><strong>His</strong></span> <span class='ocrx_word' id='word_1_202' title='bbox 766 775 840 793; x_wconf 82' lang='lat' dir='ltr'><strong>noua</strong></span> <span class='ocrx_word' id='word_1_203' title='bbox 852 764 896 804; x_wconf 80' lang='lat' dir='ltr'><strong>fit</strong></span> <span class='ocrx_word' id='word_1_204' title='bbox 918 763 1046 800; x_wconf 78' lang='lat' dir='ltr'><strong>coniusc;</strong></span> <span class='ocrx_word' id='word_1_205' title='bbox 1078 761 1151 791; x_wconf 79' lang='lat' dir='ltr'><strong>haec</strong></span> <span class='ocrx_word' id='word_1_206' title='bbox 1168 759 1226 789; x_wconf 80' lang='lat' dir='ltr'><strong>duo</strong></span> <span class='ocrx_word' id='word_1_207' title='bbox 1244 769 1354 798; x_wconf 77' lang='lat' dir='ltr'><strong>magna</strong></span> <span class='ocrx_word' id='word_1_208' title='bbox 1368 763 1482 796; x_wconf 77' lang='lat' dir='ltr'><strong>putant.</strong></span> 
     </span>
    </p>

    <p class='ocr_par' dir='ltr' id='par_1_6' title="bbox 103 793 2064 977">
     <span class='ocr_line' id='line_1_16' title="bbox 103 793 2064 847; baseline -0.007 -11"><span class='ocrx_word' id='word_1_209' title='bbox 103 807 178 836; x_wconf 89' lang='lat' dir='ltr'><strong>Vide</strong></span> <span class='ocrx_word' id='word_1_210' title='bbox 196 806 313 837; x_wconf 81' lang='lat' dir='ltr'><strong>Facem.</strong></span> <span class='ocrx_word' id='word_1_211' title='bbox 343 806 429 838; x_wconf 88' lang='lat' dir='ltr'><strong>Dac.</strong></span> <span class='ocrx_word' id='word_1_212' title='bbox 474 807 567 847; x_wconf 87' lang='lat' dir='ltr'><strong>Aqua</strong></span> <span class='ocrx_word' id='word_1_213' title='bbox 588 813 614 835; x_wconf 74' lang='lat' dir='ltr'><strong>et</strong></span> <span class='ocrx_word' id='word_1_214' title='bbox 635 806 697 846; x_wconf 75' lang='lat' dir='ltr'><strong>igni</strong></span> <span class='ocrx_word' id='word_1_215' title='bbox 719 805 856 836; x_wconf 77' lang='lat' dir='ltr'><strong>interdici</strong></span> <span class='ocrx_word' id='word_1_216' title='bbox 875 804 947 835; x_wconf 73' lang='lat' dir='ltr'><strong>solet</strong></span> <span class='ocrx_word' id='word_1_217' title='bbox 970 803 1127 835; x_wconf 74' lang='lat' dir='ltr'><strong>damnatis.</strong></span> <span class='ocrx_word' id='word_1_218' title='bbox 1179 803 1212 831; x_wconf 93' lang='lat' dir='ltr'><strong>ln</strong></span> <span class='ocrx_word' id='word_1_219' title='bbox 1234 803 1332 831; x_wconf 88' lang='lat' dir='ltr'><strong>locum</strong></span> <span class='ocrx_word' id='word_1_220' title='bbox 1361 799 1451 828; x_wconf 91' lang='lat' dir='ltr'><strong>huius</strong></span> <span class='ocrx_word' id='word_1_221' title='bbox 1474 795 1694 827; x_wconf 76' lang='lat' dir='ltr'><strong>interdictionis</strong></span> <span class='ocrx_word' id='word_1_222' title='bbox 1724 793 1865 823; x_wconf 86' lang='lat' dir='ltr'><strong>successit</strong></span> <span class='ocrx_word' id='word_1_223' title='bbox 1886 793 2064 832; x_wconf 83' lang='lat' dir='ltr'><strong>deportatio.</strong></span> 
     </span>
     <span class='ocr_line' id='line_1_17' title="bbox 103 835 2063 889; baseline -0.008 -10"><span class='ocrx_word' id='word_1_224' title='bbox 103 850 134 879; x_wconf 89' lang='lat' dir='ltr'><strong>L.</strong></span> <span class='ocrx_word' id='word_1_225' title='bbox 148 853 176 881; x_wconf 82' lang='grc'><strong>2.</strong></span> <span class='ocrx_word' id='word_1_226' title='bbox 192 850 222 878; x_wconf 81' lang='lat' dir='ltr'><strong>ff.</strong></span> <span class='ocrx_word' id='word_1_227' title='bbox 238 850 273 879; x_wconf 91' lang='lat' dir='ltr'><strong>de</strong></span> <span class='ocrx_word' id='word_1_228' title='bbox 291 850 405 889; x_wconf 87' lang='lat' dir='ltr'><strong>poenis.</strong></span> <span class='ocrx_word' id='word_1_229' title='bbox 431 851 516 878; x_wconf 89' lang='lat' dir='ltr'><strong>cuius</strong></span> <span class='ocrx_word' id='word_1_230' title='bbox 532 849 564 878; x_wconf 87' lang='lat' dir='ltr'><strong>fit</strong></span> <span class='ocrx_word' id='word_1_231' title='bbox 579 850 611 878; x_wconf 85' lang='lat' dir='ltr'><strong>in</strong></span> <span class='ocrx_word' id='word_1_232' title='bbox 625 850 691 878; x_wconf 89' lang='lat' dir='ltr'><strong>iure</strong></span> <span class='ocrx_word' id='word_1_233' title='bbox 715 849 822 889; x_wconf 87' lang='lat' dir='ltr'><strong>passim</strong></span> <span class='ocrx_word' id='word_1_234' title='bbox 839 848 960 878; x_wconf 86' lang='lat' dir='ltr'><strong>mentio.</strong></span> <span class='ocrx_word' id='word_1_235' title='bbox 1007 846 1101 886; x_wconf 85' lang='lat' dir='ltr'><strong>Quam</strong></span> <span class='ocrx_word' id='word_1_236' title='bbox 1117 846 1267 885; x_wconf 78' lang='lat' dir='ltr'><strong>accipiunt</strong></span> <span class='ocrx_word' id='word_1_237' title='bbox 1284 850 1398 884; x_wconf 74' lang='lat' dir='ltr'><strong>nuptae.</strong></span> <span class='ocrx_word' id='word_1_238' title='bbox 1420 851 1496 881; x_wconf 84' lang='lat' dir='ltr'><strong>quae</strong></span> <span class='ocrx_word' id='word_1_239' title='bbox 1518 839 1667 878; x_wconf 80' lang='lat' dir='ltr'><strong>accipiunt</strong></span> <span class='ocrx_word' id='word_1_240' title='bbox 1688 842 1813 877; x_wconf 80' lang='lat' dir='ltr'><strong>nuptae,</strong></span> <span class='ocrx_word' id='word_1_241' title='bbox 1843 835 1908 865; x_wconf 87' lang='lat' dir='ltr'><strong>alii:</strong></span> <span class='ocrx_word' id='word_1_242' title='bbox 1939 846 1994 875; x_wconf 87' lang='lat' dir='ltr'><strong>qua</strong></span> <span class='ocrx_word' id='word_1_243' title='bbox 2014 845 2063 864; x_wconf 87' lang='lat' dir='ltr'><strong>ac-</strong></span> 
     </span>
     <span class='ocr_line' id='line_1_18' title="bbox 103 877 2062 932; baseline -0.009 -10"><span class='ocrx_word' id='word_1_244' title='bbox 103 893 259 932; x_wconf 86' lang='lat' dir='ltr'><strong>cipiuntur</strong></span> <span class='ocrx_word' id='word_1_245' title='bbox 280 897 403 932; x_wconf 80' lang='lat' dir='ltr'><strong>nuptae.</strong></span> <span class='ocrx_word' id='word_1_246' title='bbox 448 892 501 921; x_wconf 89' lang='lat' dir='ltr'><strong>His</strong></span> <span class='ocrx_word' id='word_1_247' title='bbox 524 892 598 921; x_wconf 90' lang='lat' dir='ltr'><strong>adde</strong></span> <span class='ocrx_word' id='word_1_248' title='bbox 622 902 698 931; x_wconf 87' lang='lat' dir='ltr'><strong>quae</strong></span> <span class='ocrx_word' id='word_1_249' title='bbox 719 892 824 931; x_wconf 84' lang='lat' dir='ltr'><strong>scripsi</strong></span> <span class='ocrx_word' id='word_1_250' title='bbox 846 891 881 920; x_wconf 92' lang='lat' dir='ltr'><strong>ad</strong></span> <span class='ocrx_word' id='word_1_251' title='bbox 898 892 990 929; x_wconf 87' lang='lat' dir='ltr'><strong>legem</strong></span> <span class='ocrx_word' id='word_1_252' title='bbox 1004 892 1053 922; x_wconf 83' lang='lat'><strong>69.</strong></span> <span class='ocrx_word' id='word_1_253' title='bbox 1070 890 1099 918; x_wconf 87' lang='lat' dir='ltr'><strong>ff.</strong></span> <span class='ocrx_word' id='word_1_254' title='bbox 1115 889 1151 919; x_wconf 92' lang='lat' dir='ltr'><strong>de</strong></span> <span class='ocrx_word' id='word_1_255' title='bbox 1168 889 1269 918; x_wconf 90' lang='lat' dir='ltr'><strong>donat.</strong></span> <span class='ocrx_word' id='word_1_256' title='bbox 1284 887 1364 915; x_wconf 88' lang='lat' dir='ltr'><strong>inter</strong></span> <span class='ocrx_word' id='word_1_257' title='bbox 1380 885 1441 914; x_wconf 91' lang='lat' dir='ltr'><strong>viv.</strong></span> <span class='ocrx_word' id='word_1_258' title='bbox 1460 883 1535 913; x_wconf 88' lang='lat' dir='ltr'><strong>adde</strong></span> <span class='ocrx_word' id='word_1_259' title='bbox 1553 883 1581 911; x_wconf 89' lang='lat' dir='ltr'><strong>in</strong></span> <span class='ocrx_word' id='word_1_260' title='bbox 1595 880 1711 910; x_wconf 81' lang='lat' dir='ltr'><strong>Facem.</strong></span> <span class='ocrx_word' id='word_1_261' title='bbox 1747 877 1925 922; x_wconf 74' lang='lat' dir='ltr'><strong>Gothofr.</strong></span> <span class='ocrx_word' id='word_1_262' title='bbox 1970 878 2062 919; x_wconf 83' lang='lat' dir='ltr'><strong>Aqua</strong></span> 
     </span>
     <span class='ocr_line' id='line_1_19' title="bbox 103 933 1044 977; baseline -0.003 -13"><span class='ocrx_word' id='word_1_263' title='bbox 103 933 236 975; x_wconf 75' lang='lat' dir='ltr'><strong>dispersi.</strong></span> <span class='ocrx_word' id='word_1_264' title='bbox 259 935 401 974; x_wconf 87' lang='lat' dir='ltr'><strong>adspersi.</strong></span> <span class='ocrx_word' id='word_1_265' title='bbox 426 934 625 977; x_wconf 80' lang='lat' dir='ltr'><strong>Suffilionem.</strong></span> <span class='ocrx_word' id='word_1_266' title='bbox 651 934 718 964; x_wconf 84' lang='lat' dir='ltr'><strong>vid.</strong></span> <span class='ocrx_word' id='word_1_267' title='bbox 731 934 762 963; x_wconf 92' lang='lat' dir='ltr'><strong>in</strong></span> <span class='ocrx_word' id='word_1_268' title='bbox 777 933 930 965; x_wconf 72' lang='lat' dir='ltr'><strong>Laut-eati.</strong></span> <span class='ocrx_word' id='word_1_269' title='bbox 953 933 1044 962; x_wconf 84' lang='lat' dir='ltr'><strong>Idem.</strong></span> 
     </span>
    </p>

    <p class='ocr_par' dir='ltr' id='par_1_7' title="bbox 100 962 2065 1654">
     <span class='ocr_line' id='line_1_20' title="bbox 268 962 2063 1017; baseline -0.011 -10"><span class='ocrx_word' id='word_1_270' title='bbox 268 977 456 1007; x_wconf 74' lang='lat' dir='ltr'><strong>Aaeitiosi.</strong></span> <span class='ocrx_word' id='word_1_271' title='bbox 507 978 549 1006; x_wconf 91' lang='lat' dir='ltr'><strong>Ita</strong></span> <span class='ocrx_word' id='word_1_272' title='bbox 574 977 653 1017; x_wconf 88' lang='lat' dir='ltr'><strong>apud</strong></span> <span class='ocrx_word' id='word_1_273' title='bbox 677 977 830 1013; x_wconf 87' lang='lat' dir='ltr'><strong>Plautum,</strong></span> <span class='ocrx_word' id='word_1_274' title='bbox 870 977 979 1005; x_wconf 88' lang='lat' dir='ltr'><strong>citante</strong></span> <span class='ocrx_word' id='word_1_275' title='bbox 1000 975 1149 1005; x_wconf 83' lang='lat' dir='ltr'><strong>Varrone:</strong></span> <span class='ocrx_word' id='word_1_276' title='bbox 1187 972 1353 1003; x_wconf 72' lang='lat' dir='ltr'><strong>Axitiosae</strong></span> <span class='ocrx_word' id='word_1_277' title='bbox 1378 979 1524 999; x_wconf 82' lang='lat' dir='ltr'><strong>annonam</strong></span> <span class='ocrx_word' id='word_1_278' title='bbox 1551 977 1651 996; x_wconf 86' lang='lat' dir='ltr'><strong>caram</strong></span> <span class='ocrx_word' id='word_1_279' title='bbox 1677 977 1690 993; x_wconf 87' lang='lat' dir='ltr'><strong>e</strong></span> <span class='ocrx_word' id='word_1_280' title='bbox 1711 963 1764 993; x_wconf 76' lang='lat' dir='ltr'><strong>vili</strong></span> <span class='ocrx_word' id='word_1_281' title='bbox 1787 963 1964 992; x_wconf 76' lang='lat' dir='ltr'><strong>concinnant</strong></span> <span class='ocrx_word' id='word_1_282' title='bbox 1985 962 2063 990; x_wconf 81' lang='lat' dir='ltr'><strong>viris.</strong></span> 
     </span>
     <span class='ocr_line' id='line_1_21' title="bbox 104 1003 2063 1059; baseline -0.009 -10"><span class='ocrx_word' id='word_1_283' title='bbox 104 1020 218 1050; x_wconf 88' lang='lat' dir='ltr'><strong>Gloss.:</strong></span> <span class='ocrx_word' id='word_1_284' title='bbox 241 1019 376 1055; x_wconf 70' lang='lat' dir='ltr'><strong>Axiras,</strong></span> <span class='ocrx_word' id='word_1_285' title='bbox 399 1016 669 1059; x_wconf 77' lang='grc' dir='ltr'><strong><em>ἆποτελεσματικαί.</em></strong></span> <span class='ocrx_word' id='word_1_286' title='bbox 712 1021 785 1057; x_wconf 74' lang='lat' dir='ltr'><strong>Lege</strong></span> <span class='ocrx_word' id='word_1_287' title='bbox 802 1018 926 1051; x_wconf 74' lang='lat' dir='ltr'><strong>Axites,</strong></span> <span class='ocrx_word' id='word_1_288' title='bbox 958 1018 1043 1047; x_wconf 89' lang='lat' dir='ltr'><strong>Unde</strong></span> <span class='ocrx_word' id='word_1_289' title='bbox 1061 1022 1088 1045; x_wconf 89' lang='lat' dir='ltr'><strong>et</strong></span> <span class='ocrx_word' id='word_1_290' title='bbox 1105 1017 1182 1046; x_wconf 83' lang='lat' dir='ltr'><strong>infra</strong></span> <span class='ocrx_word' id='word_1_291' title='bbox 1201 1015 1299 1044; x_wconf 86' lang='lat' dir='ltr'><strong>Axites</strong></span> <span class='ocrx_word' id='word_1_292' title='bbox 1315 1013 1453 1042; x_wconf 87' lang='lat' dir='ltr'><strong>mulieres</strong></span> <span class='ocrx_word' id='word_1_293' title='bbox 1470 1011 1644 1049; x_wconf 81' lang='lat' dir='ltr'><strong>legendum,</strong></span> <span class='ocrx_word' id='word_1_294' title='bbox 1668 1018 1727 1036; x_wconf 90' lang='lat' dir='ltr'><strong>non</strong></span> <span class='ocrx_word' id='word_1_295' title='bbox 1747 1007 1842 1035; x_wconf 87' lang='lat' dir='ltr'><strong>Axies.</strong></span> <span class='ocrx_word' id='word_1_296' title='bbox 1875 1003 1975 1033; x_wconf 81' lang='lat' dir='ltr'><strong>Scal.</strong></span> <span class='ocrx_word' id='word_1_297' title='bbox 2019 1003 2063 1031; x_wconf 86' lang='lat' dir='ltr'><strong>Ab</strong></span> 
     </span>
     <span class='ocr_line' id='line_1_22' title="bbox 103 1046 2065 1101; baseline -0.01 -9"><span class='ocrx_word' id='word_1_298' title='bbox 103 1063 173 1092; x_wconf 75' lang='lat' dir='ltr'><strong>axi!</strong></span> <span class='ocrx_word' id='word_1_299' title='bbox 190 1063 298 1100; x_wconf 80' lang='lat' dir='ltr'><strong>egerit,</strong></span> <span class='ocrx_word' id='word_1_300' title='bbox 322 1073 381 1101; x_wconf 91' lang='lat' dir='ltr'><strong>quo</strong></span> <span class='ocrx_word' id='word_1_301' title='bbox 399 1072 469 1091; x_wconf 83' lang='lat' dir='ltr'><strong>usus</strong></span> <span class='ocrx_word' id='word_1_302' title='bbox 492 1063 638 1091; x_wconf 78' lang='lat' dir='ltr'><strong>Pacuvius</strong></span> <span class='ocrx_word' id='word_1_303' title='bbox 653 1063 684 1091; x_wconf 88' lang='lat' dir='ltr'><strong>in</strong></span> <span class='ocrx_word' id='word_1_304' title='bbox 698 1062 858 1091; x_wconf 84' lang='lat' dir='ltr'><strong>Periboea:</strong></span> <span class='ocrx_word' id='word_1_305' title='bbox 882 1061 948 1091; x_wconf 76' lang='lat' dir='ltr'><strong>Aut</strong></span> <span class='ocrx_word' id='word_1_306' title='bbox 965 1072 1039 1101; x_wconf 89' lang='lat' dir='ltr'><strong>quae</strong></span> <span class='ocrx_word' id='word_1_307' title='bbox 1055 1060 1115 1099; x_wconf 73' lang='lat' dir='ltr'><strong>egi,</strong></span> <span class='ocrx_word' id='word_1_308' title='bbox 1139 1070 1211 1099; x_wconf 78' lang='lat' dir='ltr'><strong>ago,</strong></span> <span class='ocrx_word' id='word_1_309' title='bbox 1235 1056 1281 1087; x_wconf 84' lang='lat' dir='ltr'><strong>vel</strong></span> <span class='ocrx_word' id='word_1_310' title='bbox 1297 1057 1398 1093; x_wconf 81' lang='lat' dir='ltr'><strong>axim,</strong></span> <span class='ocrx_word' id='word_1_311' title='bbox 1423 1063 1618 1084; x_wconf 80' lang='lat' dir='ltr'><strong>averruncem.</strong></span> <span class='ocrx_word' id='word_1_312' title='bbox 1651 1050 1707 1079; x_wconf 91' lang='lat' dir='ltr'><strong>Sed</strong></span> <span class='ocrx_word' id='word_1_313' title='bbox 1725 1047 1946 1078; x_wconf 87' lang='lat' dir='ltr'><strong>rescribendum</strong></span> <span class='ocrx_word' id='word_1_314' title='bbox 1963 1046 2065 1075; x_wconf 78' lang='lat' dir='ltr'><strong>axiosi</strong></span> 
     </span>
     <span class='ocr_line' id='line_1_23' title="bbox 103 1090 2063 1144; baseline -0.01 -9"><span class='ocrx_word' id='word_1_315' title='bbox 103 1110 134 1135; x_wconf 77' lang='lat' dir='ltr'><strong>et</strong></span> <span class='ocrx_word' id='word_1_316' title='bbox 153 1106 288 1135; x_wconf 71' lang='lat' dir='ltr'><strong>axiosae.</strong></span> <span class='ocrx_word' id='word_1_317' title='bbox 332 1105 395 1134; x_wconf 82' lang='lat' dir='ltr'><strong>Nisi</strong></span> <span class='ocrx_word' id='word_1_318' title='bbox 415 1105 500 1133; x_wconf 88' lang='lat' dir='ltr'><strong>malis</strong></span> <span class='ocrx_word' id='word_1_319' title='bbox 520 1106 646 1134; x_wconf 65' lang='lat' dir='ltr'><strong>amitiosi</strong></span> <span class='ocrx_word' id='word_1_320' title='bbox 667 1104 780 1134; x_wconf 89' lang='lat' dir='ltr'><strong>dictum</strong></span> <span class='ocrx_word' id='word_1_321' title='bbox 798 1109 903 1144; x_wconf 89' lang='lat' dir='ltr'><strong>putare</strong></span> <span class='ocrx_word' id='word_1_322' title='bbox 920 1114 974 1143; x_wconf 90' lang='lat' dir='ltr'><strong>pro</strong></span> <span class='ocrx_word' id='word_1_323' title='bbox 990 1104 1106 1139; x_wconf 74' lang='lat' dir='ltr'><strong>asriosi,</strong></span> <span class='ocrx_word' id='word_1_324' title='bbox 1130 1107 1162 1131; x_wconf 88' lang='lat' dir='ltr'><strong>ut</strong></span> <span class='ocrx_word' id='word_1_325' title='bbox 1177 1099 1300 1130; x_wconf 61' lang='lat' dir='ltr'><strong>milites</strong></span> <span class='ocrx_word' id='word_1_326' title='bbox 1316 1110 1370 1138; x_wconf 87' lang='lat' dir='ltr'><strong>pro</strong></span> <span class='ocrx_word' id='word_1_327' title='bbox 1386 1097 1479 1127; x_wconf 77' lang='lat' dir='ltr'><strong>alites.</strong></span> <span class='ocrx_word' id='word_1_328' title='bbox 1523 1094 1641 1125; x_wconf 65' lang='lat' dir='ltr'><strong>Axiosi</strong></span> <span class='ocrx_word' id='word_1_329' title='bbox 1657 1104 1712 1132; x_wconf 84' lang='lat' dir='ltr'><strong>pro</strong></span> <span class='ocrx_word' id='word_1_330' title='bbox 1729 1092 1843 1121; x_wconf 79' lang='lat' dir='ltr'><strong>actuosi</strong></span> <span class='ocrx_word' id='word_1_331' title='bbox 1858 1090 1894 1118; x_wconf 90' lang='lat' dir='ltr'><strong>ab</strong></span> <span class='ocrx_word' id='word_1_332' title='bbox 1912 1100 1992 1118; x_wconf 74' lang='lat' dir='ltr'><strong>ancus</strong></span> <span class='ocrx_word' id='word_1_333' title='bbox 2008 1098 2063 1127; x_wconf 90' lang='lat' dir='ltr'><strong>pro</strong></span> 
     </span>
     <span class='ocr_line' id='line_1_24' title="bbox 102 1129 2063 1188; baseline -0.007 -11"><span class='ocrx_word' id='word_1_334' title='bbox 102 1147 210 1177; x_wconf 76' lang='lat' dir='ltr'><strong>actus?</strong></span> <span class='ocrx_word' id='word_1_335' title='bbox 227 1149 319 1188; x_wconf 73' lang='lat' dir='ltr'><strong>fiscus</strong></span> <span class='ocrx_word' id='word_1_336' title='bbox 336 1159 391 1187; x_wconf 91' lang='lat' dir='ltr'><strong>pro</strong></span> <span class='ocrx_word' id='word_1_337' title='bbox 402 1146 523 1187; x_wconf 76' lang='lat' dir='ltr'><strong>fictus?</strong></span> <span class='ocrx_word' id='word_1_338' title='bbox 551 1155 642 1176; x_wconf 68' lang='lat' dir='ltr'><strong>taxus</strong></span> <span class='ocrx_word' id='word_1_339' title='bbox 657 1158 712 1186; x_wconf 90' lang='lat' dir='ltr'><strong>pro</strong></span> <span class='ocrx_word' id='word_1_340' title='bbox 729 1155 824 1177; x_wconf 79' lang='lat' dir='ltr'><strong>iactus</strong></span> <span class='ocrx_word' id='word_1_341' title='bbox 839 1152 893 1176; x_wconf 92' lang='lat' dir='ltr'><strong>etc.</strong></span> <span class='ocrx_word' id='word_1_342' title='bbox 937 1147 1031 1175; x_wconf 77' lang='lat' dir='ltr'><strong>Varro</strong></span> <span class='ocrx_word' id='word_1_343' title='bbox 1049 1145 1099 1174; x_wconf 88' lang='lat' dir='ltr'><strong>lib.</strong></span> <span class='ocrx_word' id='word_1_344' title='bbox 1115 1145 1162 1174; x_wconf 86' lang='lat' dir='ltr'><strong>VI.</strong></span> <span class='ocrx_word' id='word_1_345' title='bbox 1184 1144 1219 1173; x_wconf 90' lang='lat' dir='ltr'><strong>de</strong></span> <span class='ocrx_word' id='word_1_346' title='bbox 1236 1144 1265 1171; x_wconf 89' lang='lat' dir='ltr'><strong>L.</strong></span> <span class='ocrx_word' id='word_1_347' title='bbox 1282 1143 1312 1172; x_wconf 94' lang='lat' dir='ltr'><strong>L.</strong></span> <span class='ocrx_word' id='word_1_348' title='bbox 1332 1140 1406 1181; x_wconf 91' lang='lat' dir='ltr'><strong>(lib.</strong></span> <span class='ocrx_word' id='word_1_349' title='bbox 1424 1140 1486 1168; x_wconf 87' lang='lat' dir='ltr'><strong>VII.</strong></span> <span class='ocrx_word' id='word_1_350' title='bbox 1503 1149 1532 1178; x_wconf 82' lang='lat' dir='ltr'><strong>p.</strong></span> <span class='ocrx_word' id='word_1_351' title='bbox 1546 1138 1614 1169; x_wconf 82' lang='lat'><strong>349.</strong></span> <span class='ocrx_word' id='word_1_352' title='bbox 1634 1136 1704 1174; x_wconf 86' lang='lat' dir='ltr'><strong>Sp.)</strong></span> <span class='ocrx_word' id='word_1_353' title='bbox 1739 1133 1776 1162; x_wconf 76' lang='lat' dir='ltr'><strong>Ut</strong></span> <span class='ocrx_word' id='word_1_354' title='bbox 1794 1132 1832 1162; x_wconf 75' lang='grc' dir='ltr'><strong>αἶ]</strong></span> <span class='ocrx_word' id='word_1_355' title='bbox 1848 1143 1906 1161; x_wconf 77' lang='lat' dir='ltr'><strong>una</strong></span> <span class='ocrx_word' id='word_1_356' title='bbox 1920 1129 2063 1172; x_wconf 69' lang='lat' dir='ltr'><strong>faciendo</strong></span> 
     </span>
     <span class='ocr_line' id='line_1_25' title="bbox 100 1172 2063 1232; baseline -0.009 -13"><span class='ocrx_word' id='word_1_357' title='bbox 100 1189 264 1232; x_wconf 76' lang='lat' dir='ltr'><strong>factiosae,</strong></span> <span class='ocrx_word' id='word_1_358' title='bbox 288 1191 331 1219; x_wconf 83' lang='lat' dir='ltr'><strong>sic</strong></span> <span class='ocrx_word' id='word_1_359' title='bbox 348 1189 386 1218; x_wconf 87' lang='lat' dir='ltr'><strong>ab</strong></span> <span class='ocrx_word' id='word_1_360' title='bbox 404 1201 460 1218; x_wconf 91' lang='lat' dir='ltr'><strong>una</strong></span> <span class='ocrx_word' id='word_1_361' title='bbox 481 1189 593 1229; x_wconf 77' lang='lat' dir='ltr'><strong>agendo</strong></span> <span class='ocrx_word' id='word_1_362' title='bbox 610 1191 739 1219; x_wconf 80' lang='lat' dir='ltr'><strong>actiosae</strong></span> <span class='ocrx_word' id='word_1_363' title='bbox 755 1189 853 1219; x_wconf 77' lang='lat' dir='ltr'><strong>dictae</strong></span> <span class='ocrx_word' id='word_1_364' title='bbox 867 1196 942 1218; x_wconf 81' lang='lat' dir='ltr'><strong>suni.</strong></span> <span class='ocrx_word' id='word_1_365' title='bbox 965 1188 1019 1217; x_wconf 92' lang='lat' dir='ltr'><strong>Da</strong></span> <span class='ocrx_word' id='word_1_366' title='bbox 1030 1199 1054 1217; x_wconf 88' lang='lat' dir='ltr'><strong>c.</strong></span> <span class='ocrx_word' id='word_1_367' title='bbox 1083 1185 1167 1216; x_wconf 80' lang='lat' dir='ltr'><strong>Unde</strong></span> <span class='ocrx_word' id='word_1_368' title='bbox 1182 1187 1276 1215; x_wconf 73' lang='lat' dir='ltr'><strong>ast-ies.</strong></span> <span class='ocrx_word' id='word_1_369' title='bbox 1305 1185 1381 1222; x_wconf 81' lang='lat' dir='ltr'><strong>Lege</strong></span> <span class='ocrx_word' id='word_1_370' title='bbox 1398 1183 1504 1212; x_wconf 70' lang='lat' dir='ltr'><strong>ast-iles.</strong></span> <span class='ocrx_word' id='word_1_371' title='bbox 1530 1179 1713 1209; x_wconf 82' lang='lat' dir='ltr'><strong>Glossarium</strong></span> <span class='ocrx_word' id='word_1_372' title='bbox 1728 1176 1842 1210; x_wconf 71' lang='lat' dir='ltr'><strong>ascires,</strong></span> <span class='ocrx_word' id='word_1_373' title='bbox 1866 1172 2063 1211; x_wconf 75' lang='grc' dir='ltr'><strong><em>ἅποτελεσμα-</em></strong></span> 
     </span>
     <span class='ocr_line' id='line_1_26' title="bbox 103 1215 2064 1270; baseline -0.01 -8"><span class='ocrx_word' id='word_1_374' title='bbox 103 1234 188 1263; x_wconf 83' lang='grc' dir='ltr'><strong><em>τικαί.</em></strong></span> <span class='ocrx_word' id='word_1_375' title='bbox 234 1232 305 1261; x_wconf 88' lang='lat' dir='ltr'><strong>Item</strong></span> <span class='ocrx_word' id='word_1_376' title='bbox 320 1231 453 1261; x_wconf 85' lang='lat' dir='ltr'><strong>mulieres</strong></span> <span class='ocrx_word' id='word_1_377' title='bbox 468 1233 526 1261; x_wconf 86' lang='lat' dir='ltr'><strong>sive</strong></span> <span class='ocrx_word' id='word_1_378' title='bbox 539 1232 609 1270; x_wconf 88' lang='lat' dir='ltr'><strong>Dii,</strong></span> <span class='ocrx_word' id='word_1_379' title='bbox 633 1232 763 1262; x_wconf 84' lang='lat' dir='ltr'><strong>rescribe</strong></span> <span class='ocrx_word' id='word_1_380' title='bbox 779 1231 912 1261; x_wconf 83' lang='lat' dir='ltr'><strong>mulieres</strong></span> <span class='ocrx_word' id='word_1_381' title='bbox 926 1232 984 1260; x_wconf 82' lang='lat' dir='ltr'><strong>sive</strong></span> <span class='ocrx_word' id='word_1_382' title='bbox 998 1231 1062 1260; x_wconf 86' lang='lat' dir='ltr'><strong>viri.</strong></span> <span class='ocrx_word' id='word_1_383' title='bbox 1087 1229 1195 1259; x_wconf 82' lang='lat' dir='ltr'><strong>Idem.</strong></span> <span class='ocrx_word' id='word_1_384' title='bbox 1236 1228 1340 1264; x_wconf 76' lang='lat' dir='ltr'><strong>Axes,</strong></span> <span class='ocrx_word' id='word_1_385' title='bbox 1366 1226 1477 1261; x_wconf 71' lang='lat' dir='ltr'><strong>accitis,</strong></span> <span class='ocrx_word' id='word_1_386' title='bbox 1503 1236 1516 1252; x_wconf 89' lang='lat' dir='ltr'><strong>a</strong></span> <span class='ocrx_word' id='word_1_387' title='bbox 1534 1222 1652 1251; x_wconf 87' lang='lat' dir='ltr'><strong>nomine</strong></span> <span class='ocrx_word' id='word_1_388' title='bbox 1669 1219 1795 1259; x_wconf 86' lang='lat' dir='ltr'><strong>quodam</strong></span> <span class='ocrx_word' id='word_1_389' title='bbox 1814 1217 1977 1246; x_wconf 86' lang='lat' dir='ltr'><strong>deducitur</strong></span> <span class='ocrx_word' id='word_1_390' title='bbox 1991 1215 2064 1244; x_wconf 91' lang='lat' dir='ltr'><strong>sub-</strong></span> 
     </span>
     <span class='ocr_line' id='line_1_27' title="bbox 103 1259 2064 1315; baseline -0.009 -12"><span class='ocrx_word' id='word_1_391' title='bbox 103 1275 248 1312; x_wconf 83' lang='lat' dir='ltr'><strong>stantivo,</strong></span> <span class='ocrx_word' id='word_1_392' title='bbox 279 1275 326 1303; x_wconf 85' lang='lat' dir='ltr'><strong>vel</strong></span> <span class='ocrx_word' id='word_1_393' title='bbox 351 1274 514 1309; x_wconf 78' lang='lat' dir='ltr'><strong>adiectivo,</strong></span> <span class='ocrx_word' id='word_1_394' title='bbox 544 1280 577 1303; x_wconf 89' lang='lat' dir='ltr'><strong>ut</strong></span> <span class='ocrx_word' id='word_1_395' title='bbox 599 1274 682 1304; x_wconf 88' lang='lat' dir='ltr'><strong>miles</strong></span> <span class='ocrx_word' id='word_1_396' title='bbox 697 1286 712 1304; x_wconf 87' lang='lat' dir='ltr'><strong>a</strong></span> <span class='ocrx_word' id='word_1_397' title='bbox 729 1275 813 1312; x_wconf 83' lang='lat' dir='ltr'><strong>mile,</strong></span> <span class='ocrx_word' id='word_1_398' title='bbox 843 1285 926 1315; x_wconf 81' lang='lat' dir='ltr'><strong>eques</strong></span> <span class='ocrx_word' id='word_1_399' title='bbox 947 1274 983 1302; x_wconf 89' lang='lat' dir='ltr'><strong>ab</strong></span> <span class='ocrx_word' id='word_1_400' title='bbox 1008 1283 1100 1312; x_wconf 89' lang='lat' dir='ltr'><strong>equ0‚</strong></span> <span class='ocrx_word' id='word_1_401' title='bbox 1132 1272 1261 1313; x_wconf 73' lang='lat' dir='ltr'><strong>arquites</strong></span> <span class='ocrx_word' id='word_1_402' title='bbox 1275 1270 1309 1299; x_wconf 90' lang='lat' dir='ltr'><strong>ab</strong></span> <span class='ocrx_word' id='word_1_403' title='bbox 1326 1279 1399 1298; x_wconf 89' lang='lat' dir='ltr'><strong>arcu</strong></span> <span class='ocrx_word' id='word_1_404' title='bbox 1415 1268 1466 1303; x_wconf 87' lang='lat' dir='ltr'><strong>(cf.</strong></span> <span class='ocrx_word' id='word_1_405' title='bbox 1482 1268 1600 1296; x_wconf 88' lang='lat' dir='ltr'><strong>Festum</strong></span> <span class='ocrx_word' id='word_1_406' title='bbox 1618 1264 1671 1293; x_wconf 87' lang='lat' dir='ltr'><strong>sub</strong></span> <span class='ocrx_word' id='word_1_407' title='bbox 1688 1263 1717 1291; x_wconf 87' lang='lat' dir='ltr'><strong>h.</strong></span> <span class='ocrx_word' id='word_1_408' title='bbox 1730 1265 1773 1296; x_wconf 87' lang='lat' dir='ltr'><strong>v.)</strong></span> <span class='ocrx_word' id='word_1_409' title='bbox 1792 1259 1876 1289; x_wconf 69' lang='lat' dir='ltr'><strong>alites</strong></span> <span class='ocrx_word' id='word_1_410' title='bbox 1893 1259 1928 1288; x_wconf 88' lang='lat' dir='ltr'><strong>ab</strong></span> <span class='ocrx_word' id='word_1_411' title='bbox 1947 1260 2007 1293; x_wconf 83' lang='lat' dir='ltr'><strong>ala,</strong></span> <span class='ocrx_word' id='word_1_412' title='bbox 2034 1263 2064 1287; x_wconf 92' lang='lat' dir='ltr'><strong>et</strong></span> 
     </span>
     <span class='ocr_line' id='line_1_28' title="bbox 103 1301 2064 1356; baseline -0.01 -10"><span class='ocrx_word' id='word_1_413' title='bbox 103 1317 316 1346; x_wconf 79' lang='lat' dir='ltr'><strong>eiusdemmodi</strong></span> <span class='ocrx_word' id='word_1_414' title='bbox 340 1317 405 1347; x_wconf 88' lang='lat' dir='ltr'><strong>alia.</strong></span> <span class='ocrx_word' id='word_1_415' title='bbox 448 1316 482 1345; x_wconf 92' lang='lat' dir='ltr'><strong>Id</strong></span> <span class='ocrx_word' id='word_1_416' title='bbox 503 1327 612 1346; x_wconf 87' lang='lat' dir='ltr'><strong>nomen</strong></span> <span class='ocrx_word' id='word_1_417' title='bbox 632 1317 785 1347; x_wconf 88' lang='lat' dir='ltr'><strong>invenitur</strong></span> <span class='ocrx_word' id='word_1_418' title='bbox 806 1317 882 1346; x_wconf 83' lang='lat' dir='ltr'><strong>infra</strong></span> <span class='ocrx_word' id='word_1_419' title='bbox 900 1327 967 1356; x_wconf 84' lang='lat' dir='ltr'><strong>pag.</strong></span> <span class='ocrx_word' id='word_1_420' title='bbox 984 1319 1032 1348; x_wconf 78' lang='grc'><strong>22.</strong></span> <span class='ocrx_word' id='word_1_421' title='bbox 1056 1316 1084 1344; x_wconf 82' lang='grc' dir='ltr'><strong>1η</strong></span> <span class='ocrx_word' id='word_1_422' title='bbox 1106 1325 1156 1344; x_wconf 87' lang='lat' dir='ltr'><strong>vv.</strong></span> <span class='ocrx_word' id='word_1_423' title='bbox 1171 1314 1246 1343; x_wconf 69' lang='lat' dir='ltr'><strong>Axe</strong></span> <span class='ocrx_word' id='word_1_424' title='bbox 1263 1311 1465 1353; x_wconf 75' lang='lat' dir='ltr'><strong>agglomeraii.</strong></span> <span class='ocrx_word' id='word_1_425' title='bbox 1509 1309 1558 1337; x_wconf 91' lang='lat' dir='ltr'><strong>Sic</strong></span> <span class='ocrx_word' id='word_1_426' title='bbox 1578 1308 1654 1336; x_wconf 77' lang='lat' dir='ltr'><strong>enini</strong></span> <span class='ocrx_word' id='word_1_427' title='bbox 1672 1304 1849 1334; x_wconf 86' lang='lat' dir='ltr'><strong>dicebantur</strong></span> <span class='ocrx_word' id='word_1_428' title='bbox 1869 1302 1978 1330; x_wconf 84' lang='lat' dir='ltr'><strong>milites</strong></span> <span class='ocrx_word' id='word_1_429' title='bbox 1994 1301 2064 1329; x_wconf 86' lang='lat' dir='ltr'><strong>uni·</strong></span> 
     </span>
     <span class='ocr_line' id='line_1_29' title="bbox 102 1343 2064 1399; baseline -0.01 -10"><span class='ocrx_word' id='word_1_430' title='bbox 102 1360 182 1390; x_wconf 90' lang='lat' dir='ltr'><strong>versi</strong></span> <span class='ocrx_word' id='word_1_431' title='bbox 199 1364 327 1396; x_wconf 76' lang='lat' dir='ltr'><strong>stantes,</strong></span> <span class='ocrx_word' id='word_1_432' title='bbox 351 1359 379 1388; x_wconf 91' lang='lat' dir='ltr'><strong>h.</strong></span> <span class='ocrx_word' id='word_1_433' title='bbox 399 1370 424 1389; x_wconf 91' lang='lat' dir='ltr'><strong>e.</strong></span> <span class='ocrx_word' id='word_1_434' title='bbox 442 1359 616 1389; x_wconf 87' lang='lat' dir='ltr'><strong>cohortibus</strong></span> <span class='ocrx_word' id='word_1_435' title='bbox 633 1365 683 1389; x_wconf 84' lang='lat' dir='ltr'><strong>aut</strong></span> <span class='ocrx_word' id='word_1_436' title='bbox 703 1360 887 1399; x_wconf 84' lang='lat' dir='ltr'><strong>legionibus,</strong></span> <span class='ocrx_word' id='word_1_437' title='bbox 916 1364 991 1389; x_wconf 85' lang='lat' dir='ltr'><strong>teste</strong></span> <span class='ocrx_word' id='word_1_438' title='bbox 1006 1359 1103 1387; x_wconf 85' lang='lat' dir='ltr'><strong>Festo.</strong></span> <span class='ocrx_word' id='word_1_439' title='bbox 1149 1356 1229 1393; x_wconf 92' lang='lat' dir='ltr'><strong>Quid</strong></span> <span class='ocrx_word' id='word_1_440' title='bbox 1246 1356 1337 1394; x_wconf 83' lang='lat' dir='ltr'><strong>igitur</strong></span> <span class='ocrx_word' id='word_1_441' title='bbox 1351 1359 1395 1384; x_wconf 89' lang='lat' dir='ltr'><strong>est</strong></span> <span class='ocrx_word' id='word_1_442' title='bbox 1410 1352 1490 1382; x_wconf 86' lang='lat' dir='ltr'><strong>aliud</strong></span> <span class='ocrx_word' id='word_1_443' title='bbox 1508 1351 1585 1380; x_wconf 89' lang='lat' dir='ltr'><strong>illud</strong></span> <span class='ocrx_word' id='word_1_444' title='bbox 1603 1361 1679 1386; x_wconf 65' lang='lat' dir='ltr'><strong>aare,</strong></span> <span class='ocrx_word' id='word_1_445' title='bbox 1703 1348 1758 1377; x_wconf 89' lang='lat' dir='ltr'><strong>nisi</strong></span> <span class='ocrx_word' id='word_1_446' title='bbox 1776 1344 1923 1374; x_wconf 85' lang='lat' dir='ltr'><strong>ablativus</strong></span> <span class='ocrx_word' id='word_1_447' title='bbox 1938 1343 2064 1372; x_wconf 86' lang='lat' dir='ltr'><strong>nominis</strong></span> 
     </span>
     <span class='ocr_line' id='line_1_30' title="bbox 103 1387 2064 1442; baseline -0.01 -10"><span class='ocrx_word' id='word_1_448' title='bbox 103 1403 191 1439; x_wconf 75' lang='lat' dir='ltr'><strong>axis,</strong></span> <span class='ocrx_word' id='word_1_449' title='bbox 214 1402 295 1441; x_wconf 85' lang='lat' dir='ltr'><strong>quod</strong></span> <span class='ocrx_word' id='word_1_450' title='bbox 314 1408 358 1431; x_wconf 87' lang='lat' dir='ltr'><strong>est</strong></span> <span class='ocrx_word' id='word_1_451' title='bbox 375 1407 508 1431; x_wconf 77' lang='lat' dir='ltr'><strong>nostrum</strong></span> <span class='ocrx_word' id='word_1_452' title='bbox 526 1402 634 1432; x_wconf 75' lang='lat' dir='ltr'><strong>achse&#39;?</strong></span> <span class='ocrx_word' id='word_1_453' title='bbox 666 1403 738 1432; x_wconf 87' lang='lat' dir='ltr'><strong>Nam</strong></span> <span class='ocrx_word' id='word_1_454' title='bbox 760 1414 821 1432; x_wconf 77' lang='lat' dir='ltr'><strong>axe</strong></span> <span class='ocrx_word' id='word_1_455' title='bbox 842 1400 1037 1442; x_wconf 76' lang='lat' dir='ltr'><strong>agglomeraii</strong></span> <span class='ocrx_word' id='word_1_456' title='bbox 1053 1400 1132 1429; x_wconf 87' lang='lat' dir='ltr'><strong>haud</strong></span> <span class='ocrx_word' id='word_1_457' title='bbox 1155 1399 1244 1428; x_wconf 87' lang='lat' dir='ltr'><strong>dubie</strong></span> <span class='ocrx_word' id='word_1_458' title='bbox 1266 1399 1424 1427; x_wconf 86' lang='lat' dir='ltr'><strong>dicebatur</strong></span> <span class='ocrx_word' id='word_1_459' title='bbox 1445 1407 1477 1424; x_wconf 93' lang='lat' dir='ltr'><strong>ea</strong></span> <span class='ocrx_word' id='word_1_460' title='bbox 1497 1394 1569 1423; x_wconf 88' lang='lat' dir='ltr'><strong>aciei</strong></span> <span class='ocrx_word' id='word_1_461' title='bbox 1587 1393 1695 1430; x_wconf 79' lang='lat' dir='ltr'><strong>ligura,</strong></span> <span class='ocrx_word' id='word_1_462' title='bbox 1719 1399 1810 1429; x_wconf 90' lang='lat' dir='ltr'><strong>quum</strong></span> <span class='ocrx_word' id='word_1_463' title='bbox 1828 1387 1934 1416; x_wconf 84' lang='lat' dir='ltr'><strong>milites</strong></span> <span class='ocrx_word' id='word_1_464' title='bbox 1951 1391 2064 1415; x_wconf 87' lang='lat' dir='ltr'><strong>starent</strong></span> 
     </span>
     <span class='ocr_line' id='line_1_31' title="bbox 103 1429 2065 1485; baseline -0.008 -12"><span class='ocrx_word' id='word_1_465' title='bbox 103 1445 159 1482; x_wconf 86' lang='lat' dir='ltr'><strong>ita,</strong></span> <span class='ocrx_word' id='word_1_466' title='bbox 189 1450 222 1474; x_wconf 91' lang='lat' dir='ltr'><strong>ut</strong></span> <span class='ocrx_word' id='word_1_467' title='bbox 243 1455 328 1474; x_wconf 86' lang='lat' dir='ltr'><strong>axem</strong></span> <span class='ocrx_word' id='word_1_468' title='bbox 353 1445 470 1474; x_wconf 84' lang='lat' dir='ltr'><strong>efficere</strong></span> <span class='ocrx_word' id='word_1_469' title='bbox 492 1445 683 1484; x_wconf 82' lang='lat' dir='ltr'><strong>viderentur,</strong></span> <span class='ocrx_word' id='word_1_470' title='bbox 713 1446 744 1474; x_wconf 88' lang='lat' dir='ltr'><strong>id</strong></span> <span class='ocrx_word' id='word_1_471' title='bbox 766 1446 847 1485; x_wconf 89' lang='lat' dir='ltr'><strong>quod</strong></span> <span class='ocrx_word' id='word_1_472' title='bbox 866 1444 945 1473; x_wconf 91' lang='lat' dir='ltr'><strong>Galli</strong></span> <span class='ocrx_word' id='word_1_473' title='bbox 966 1444 1104 1473; x_wconf 89' lang='lat' dir='ltr'><strong>hodierni</strong></span> <span class='ocrx_word' id='word_1_474' title='bbox 1122 1443 1227 1472; x_wconf 85' lang='lat' dir='ltr'><strong>dicunt</strong></span> <span class='ocrx_word' id='word_1_475' title='bbox 1241 1454 1273 1470; x_wconf 90' lang='lat' dir='ltr'><strong>en</strong></span> <span class='ocrx_word' id='word_1_476' title='bbox 1292 1439 1422 1470; x_wconf 80' lang='lat' dir='ltr'><strong>calonne.</strong></span> <span class='ocrx_word' id='word_1_477' title='bbox 1468 1438 1551 1466; x_wconf 85' lang='lat' dir='ltr'><strong>Unde</strong></span> <span class='ocrx_word' id='word_1_478' title='bbox 1567 1434 1760 1473; x_wconf 83' lang='lat' dir='ltr'><strong>intelligitur,</strong></span> <span class='ocrx_word' id='word_1_479' title='bbox 1785 1429 1934 1470; x_wconf 89' lang='lat' dir='ltr'><strong>quomodo</strong></span> <span class='ocrx_word' id='word_1_480' title='bbox 1950 1429 2020 1458; x_wconf 71' lang='lat' dir='ltr'><strong>axis</strong></span> <span class='ocrx_word' id='word_1_481' title='bbox 2037 1434 2065 1458; x_wconf 84' lang='lat' dir='ltr'><strong>et</strong></span> 
     </span>
     <span class='ocr_line' id='line_1_32' title="bbox 104 1472 2064 1527; baseline -0.009 -12"><span class='ocrx_word' id='word_1_482' title='bbox 104 1487 252 1526; x_wconf 83' lang='lat' dir='ltr'><strong>stipitem,</strong></span> <span class='ocrx_word' id='word_1_483' title='bbox 274 1488 351 1517; x_wconf 87' lang='lat' dir='ltr'><strong>circa</strong></span> <span class='ocrx_word' id='word_1_484' title='bbox 368 1498 454 1527; x_wconf 88' lang='lat' dir='ltr'><strong>quem</strong></span> <span class='ocrx_word' id='word_1_485' title='bbox 470 1493 536 1517; x_wconf 89' lang='lat' dir='ltr'><strong>rota</strong></span> <span class='ocrx_word' id='word_1_486' title='bbox 554 1490 698 1522; x_wconf 82' lang='lat' dir='ltr'><strong>vertitur,</strong></span> <span class='ocrx_word' id='word_1_487' title='bbox 722 1493 752 1518; x_wconf 90' lang='lat' dir='ltr'><strong>et</strong></span> <span class='ocrx_word' id='word_1_488' title='bbox 767 1488 898 1517; x_wconf 78' lang='lat' dir='ltr'><strong>tabulam</strong></span> <span class='ocrx_word' id='word_1_489' title='bbox 915 1487 1047 1517; x_wconf 86' lang='lat' dir='ltr'><strong>sectilem</strong></span> <span class='ocrx_word' id='word_1_490' title='bbox 1065 1486 1199 1526; x_wconf 87' lang='lat' dir='ltr'><strong>potuerit</strong></span> <span class='ocrx_word' id='word_1_491' title='bbox 1216 1484 1390 1523; x_wconf 83' lang='lat' dir='ltr'><strong>significare.</strong></span> <span class='ocrx_word' id='word_1_492' title='bbox 1436 1481 1535 1517; x_wconf 82' lang='lat' dir='ltr'><strong>Quare</strong></span> <span class='ocrx_word' id='word_1_493' title='bbox 1555 1478 1652 1507; x_wconf 73' lang='lat' dir='ltr'><strong>acrites</strong></span> <span class='ocrx_word' id='word_1_494' title='bbox 1671 1481 1698 1505; x_wconf 87' lang='lat' dir='ltr'><strong>et</strong></span> <span class='ocrx_word' id='word_1_495' title='bbox 1718 1475 1786 1504; x_wconf 88' lang='lat' dir='ltr'><strong>inde</strong></span> <span class='ocrx_word' id='word_1_496' title='bbox 1805 1473 1971 1502; x_wconf 86' lang='lat' dir='ltr'><strong>derivatum</strong></span> <span class='ocrx_word' id='word_1_497' title='bbox 1989 1472 2064 1500; x_wconf 75' lang='lat' dir='ltr'><strong>axi-</strong></span> 
     </span>
     <span class='ocr_line' id='line_1_33' title="bbox 103 1514 2063 1570; baseline -0.009 -12"><span class='ocrx_word' id='word_1_498' title='bbox 103 1530 194 1559; x_wconf 74' lang='lat' dir='ltr'><strong>u&#39;osus</strong></span> <span class='ocrx_word' id='word_1_499' title='bbox 213 1540 268 1569; x_wconf 90' lang='lat' dir='ltr'><strong>per</strong></span> <span class='ocrx_word' id='word_1_500' title='bbox 288 1531 388 1559; x_wconf 89' lang='lat' dir='ltr'><strong>iocum</strong></span> <span class='ocrx_word' id='word_1_501' title='bbox 409 1530 475 1559; x_wconf 86' lang='lat' dir='ltr'><strong>ficta</strong></span> <span class='ocrx_word' id='word_1_502' title='bbox 495 1531 721 1568; x_wconf 85' lang='lat' dir='ltr'><strong>arbitrabimur,</strong></span> <span class='ocrx_word' id='word_1_503' title='bbox 746 1531 831 1570; x_wconf 84' lang='lat' dir='ltr'><strong>quasi</strong></span> <span class='ocrx_word' id='word_1_504' title='bbox 848 1531 877 1559; x_wconf 90' lang='lat' dir='ltr'><strong>in</strong></span> <span class='ocrx_word' id='word_1_505' title='bbox 899 1540 984 1558; x_wconf 82' lang='lat' dir='ltr'><strong>axem</strong></span> <span class='ocrx_word' id='word_1_506' title='bbox 1002 1530 1201 1569; x_wconf 83' lang='lat' dir='ltr'><strong>proeliantes,</strong></span> <span class='ocrx_word' id='word_1_507' title='bbox 1225 1528 1254 1556; x_wconf 92' lang='lat' dir='ltr'><strong>in</strong></span> <span class='ocrx_word' id='word_1_508' title='bbox 1271 1537 1356 1555; x_wconf 86' lang='lat' dir='ltr'><strong>axem</strong></span> <span class='ocrx_word' id='word_1_509' title='bbox 1373 1529 1505 1563; x_wconf 51' lang='lat' dir='ltr'><strong>Qentes,</strong></span> <span class='ocrx_word' id='word_1_510' title='bbox 1530 1520 1661 1557; x_wconf 77' lang='lat' dir='ltr'><strong>dixeris3</strong></span> <span class='ocrx_word' id='word_1_511' title='bbox 1686 1523 1714 1547; x_wconf 90' lang='lat' dir='ltr'><strong>et</strong></span> <span class='ocrx_word' id='word_1_512' title='bbox 1731 1526 1844 1557; x_wconf 86' lang='lat' dir='ltr'><strong>pronus</strong></span> <span class='ocrx_word' id='word_1_513' title='bbox 1860 1514 1897 1543; x_wconf 88' lang='lat' dir='ltr'><strong>ad</strong></span> <span class='ocrx_word' id='word_1_514' title='bbox 1913 1525 1975 1543; x_wconf 86' lang='lat' dir='ltr'><strong>eam</strong></span> <span class='ocrx_word' id='word_1_515' title='bbox 1990 1523 2063 1549; x_wconf 87' lang='lat' dir='ltr'><strong>rem,</strong></span> 
     </span>
     <span class='ocr_line' id='line_1_34' title="bbox 105 1556 2064 1611; baseline -0.009 -11"><span class='ocrx_word' id='word_1_516' title='bbox 105 1571 144 1601; x_wconf 87' lang='lat' dir='ltr'><strong>ad</strong></span> <span class='ocrx_word' id='word_1_517' title='bbox 160 1572 304 1601; x_wconf 82' lang='lat' dir='ltr'><strong>eiusmodi</strong></span> <span class='ocrx_word' id='word_1_518' title='bbox 320 1573 478 1603; x_wconf 87' lang='lat' dir='ltr'><strong>actionem.</strong></span> <span class='ocrx_word' id='word_1_519' title='bbox 525 1574 630 1602; x_wconf 88' lang='lat' dir='ltr'><strong>Glossa</strong></span> <span class='ocrx_word' id='word_1_520' title='bbox 651 1574 743 1611; x_wconf 85' lang='lat' dir='ltr'><strong>igitur</strong></span> <span class='ocrx_word' id='word_1_521' title='bbox 763 1574 819 1602; x_wconf 86' lang='lat' dir='ltr'><strong>erit</strong></span> <span class='ocrx_word' id='word_1_522' title='bbox 840 1583 877 1601; x_wconf 85' lang='lat' dir='ltr'><strong>ex</strong></span> <span class='ocrx_word' id='word_1_523' title='bbox 893 1573 946 1608; x_wconf 90' lang='lat' dir='ltr'><strong>iis,</strong></span> <span class='ocrx_word' id='word_1_524' title='bbox 971 1582 1044 1611; x_wconf 83' lang='lat' dir='ltr'><strong>quae</strong></span> <span class='ocrx_word' id='word_1_525' title='bbox 1063 1572 1099 1600; x_wconf 89' lang='lat' dir='ltr'><strong>ad</strong></span> <span class='ocrx_word' id='word_1_526' title='bbox 1118 1571 1227 1600; x_wconf 92' lang='lat' dir='ltr'><strong>Comici</strong></span> <span class='ocrx_word' id='word_1_527' title='bbox 1242 1570 1368 1607; x_wconf 76' lang='lat' dir='ltr'><strong>alicuius</strong></span> <span class='ocrx_word' id='word_1_528' title='bbox 1386 1568 1545 1596; x_wconf 83' lang='lat' dir='ltr'><strong>dictionem</strong></span> <span class='ocrx_word' id='word_1_529' title='bbox 1564 1561 1771 1602; x_wconf 85' lang='lat' dir='ltr'><strong>explicandam</strong></span> <span class='ocrx_word' id='word_1_530' title='bbox 1789 1562 1939 1597; x_wconf 84' lang='lat' dir='ltr'><strong>spectant,</strong></span> <span class='ocrx_word' id='word_1_531' title='bbox 1962 1556 2064 1596; x_wconf 86' lang='lat' dir='ltr'><strong>quales</strong></span> 
     </span>
     <span class='ocr_line' id='line_1_35' title="bbox 105 1600 1955 1654; baseline -0.009 -11"><span class='ocrx_word' id='word_1_532' title='bbox 105 1614 216 1643; x_wconf 79' lang='lat' dir='ltr'><strong>multae</strong></span> <span class='ocrx_word' id='word_1_533' title='bbox 232 1619 302 1643; x_wconf 80' lang='lat' dir='ltr'><strong>sunt</strong></span> <span class='ocrx_word' id='word_1_534' title='bbox 319 1615 397 1654; x_wconf 86' lang='lat' dir='ltr'><strong>apud</strong></span> <span class='ocrx_word' id='word_1_535' title='bbox 414 1616 542 1644; x_wconf 85' lang='lat' dir='ltr'><strong>Festum.</strong></span> <span class='ocrx_word' id='word_1_536' title='bbox 587 1616 724 1644; x_wconf 85' lang='lat' dir='ltr'><strong>Ceterum</strong></span> <span class='ocrx_word' id='word_1_537' title='bbox 738 1614 851 1644; x_wconf 63' lang='lat' dir='ltr'><strong>Asi-iles</strong></span> <span class='ocrx_word' id='word_1_538' title='bbox 867 1626 903 1643; x_wconf 88' lang='lat' dir='ltr'><strong>m.</strong></span> <span class='ocrx_word' id='word_1_539' title='bbox 922 1616 996 1644; x_wconf 89' lang='lat' dir='ltr'><strong>alios</strong></span> <span class='ocrx_word' id='word_1_540' title='bbox 1016 1614 1158 1643; x_wconf 80' lang='lat' dir='ltr'><strong>exhibere</strong></span> <span class='ocrx_word' id='word_1_541' title='bbox 1175 1614 1266 1642; x_wconf 86' lang='lat' dir='ltr'><strong>libros</strong></span> <span class='ocrx_word' id='word_1_542' title='bbox 1282 1623 1337 1651; x_wconf 89' lang='lat' dir='ltr'><strong>pro</strong></span> <span class='ocrx_word' id='word_1_543' title='bbox 1356 1611 1454 1640; x_wconf 65' lang='lat' dir='ltr'><strong>amites</strong></span> <span class='ocrx_word' id='word_1_544' title='bbox 1469 1606 1611 1641; x_wconf 76' lang='lat' dir='ltr'><strong>mulieres,</strong></span> <span class='ocrx_word' id='word_1_545' title='bbox 1634 1604 1725 1633; x_wconf 84' lang='lat' dir='ltr'><strong>refert</strong></span> <span class='ocrx_word' id='word_1_546' title='bbox 1742 1600 1955 1630; x_wconf 82' lang='lat' dir='ltr'><strong>Gothosredus.</strong></span> 
     </span>
    </p>

    <p class='ocr_par' dir='ltr' id='par_1_8' title="bbox 105 1641 2062 1738">
     <span class='ocr_line' id='line_1_36' title="bbox 269 1641 2062 1697; baseline -0.008 -11"><span class='ocrx_word' id='word_1_547' title='bbox 269 1656 408 1687; x_wconf 79' lang='lat' dir='ltr'><strong>Alites.</strong></span> <span class='ocrx_word' id='word_1_548' title='bbox 455 1658 495 1686; x_wconf 88' lang='lat' dir='ltr'><strong>De</strong></span> <span class='ocrx_word' id='word_1_549' title='bbox 509 1658 651 1697; x_wconf 80' lang='lat' dir='ltr'><strong>Sanquali</strong></span> <span class='ocrx_word' id='word_1_550' title='bbox 674 1663 703 1688; x_wconf 91' lang='lat' dir='ltr'><strong>et</strong></span> <span class='ocrx_word' id='word_1_551' title='bbox 723 1658 900 1687; x_wconf 86' lang='lat' dir='ltr'><strong>immusculo</strong></span> <span class='ocrx_word' id='word_1_552' title='bbox 922 1658 971 1686; x_wconf 84' lang='lat' dir='ltr'><strong>vel</strong></span> <span class='ocrx_word' id='word_1_553' title='bbox 991 1657 1164 1686; x_wconf 85' lang='lat' dir='ltr'><strong>immustulo</strong></span> <span class='ocrx_word' id='word_1_554' title='bbox 1188 1656 1248 1685; x_wconf 87' lang='lat' dir='ltr'><strong>suis</strong></span> <span class='ocrx_word' id='word_1_555' title='bbox 1269 1655 1343 1683; x_wconf 85' lang='lat' dir='ltr'><strong>locis</strong></span> <span class='ocrx_word' id='word_1_556' title='bbox 1366 1653 1477 1682; x_wconf 81' lang='lat' dir='ltr'><strong>videto.</strong></span> <span class='ocrx_word' id='word_1_557' title='bbox 1524 1650 1560 1678; x_wconf 86' lang='lat' dir='ltr'><strong>Et</strong></span> <span class='ocrx_word' id='word_1_558' title='bbox 1578 1648 1652 1677; x_wconf 89' lang='lat' dir='ltr'><strong>Plin.</strong></span> <span class='ocrx_word' id='word_1_559' title='bbox 1679 1647 1728 1675; x_wconf 89' lang='lat' dir='ltr'><strong>lib.</strong></span> <span class='ocrx_word' id='word_1_560' title='bbox 1745 1646 1782 1674; x_wconf 88' lang='lat' dir='ltr'><strong>X.</strong></span> <span class='ocrx_word' id='word_1_561' title='bbox 1803 1653 1868 1682; x_wconf 89' lang='lat' dir='ltr'><strong>cap.</strong></span> <span class='ocrx_word' id='word_1_562' title='bbox 1885 1642 1945 1672; x_wconf 88' lang='lat' dir='ltr'><strong>Vll.</strong></span> <span class='ocrx_word' id='word_1_563' title='bbox 1975 1641 2062 1671; x_wconf 72' lang='lat' dir='ltr'><strong>Ant.</strong></span> 
     </span>
     <span class='ocr_line' id='line_1_37' title="bbox 105 1698 600 1738; baseline 0.006 -11"><span class='ocrx_word' id='word_1_564' title='bbox 105 1699 200 1738; x_wconf 75' lang='lat' dir='ltr'><strong>Aug.</strong></span> <span class='ocrx_word' id='word_1_565' title='bbox 245 1698 320 1727; x_wconf 90' lang='lat' dir='ltr'><strong>Vide</strong></span> <span class='ocrx_word' id='word_1_566' title='bbox 340 1698 467 1728; x_wconf 83' lang='lat' dir='ltr'><strong>Oscines.</strong></span> <span class='ocrx_word' id='word_1_567' title='bbox 511 1700 565 1729; x_wconf 89' lang='lat' dir='ltr'><strong>Da</strong></span> <span class='ocrx_word' id='word_1_568' title='bbox 575 1712 600 1730; x_wconf 93' lang='lat' dir='ltr'><strong>c.</strong></span> 
     </span>
    </p>

    <p class='ocr_par' dir='ltr' id='par_1_9' title="bbox 103 1726 2063 2418">
     <span class='ocr_line' id='line_1_38' title="bbox 159 1726 2063 1787; baseline -0.01 -16"><span class='ocrx_word' id='word_1_569' title='bbox 159 1783 163 1787; x_wconf 92' lang='lat'><strong>.</strong></span> <span class='ocrx_word' id='word_1_570' title='bbox 269 1741 494 1770; x_wconf 70' lang='lat' dir='ltr'><strong>Axamenta.</strong></span> <span class='ocrx_word' id='word_1_571' title='bbox 532 1743 732 1772; x_wconf 87' lang='lat' dir='ltr'><strong>Glossarium:</strong></span> <span class='ocrx_word' id='word_1_572' title='bbox 757 1743 932 1772; x_wconf 64' lang='lat' dir='ltr'><strong>Axamenta</strong></span> <span class='ocrx_word' id='word_1_573' title='bbox 949 1744 1042 1783; x_wconf 79' lang='grc' dir='ltr'><strong><em>στίχοι</em></strong></span> <span class='ocrx_word' id='word_1_574' title='bbox 1057 1742 1102 1773; x_wconf 82' lang='grc' dir='ltr'>ε’πὶ</span> <span class='ocrx_word' id='word_1_575' title='bbox 1116 1743 1234 1772; x_wconf 81' lang='grc' dir='ltr'><strong><em>θυσιῶν</em></strong></span> <span class='ocrx_word' id='word_1_576' title='bbox 1244 1739 1435 1778; x_wconf 82' lang='grc' dir='ltr'><strong><em>Ἡρακλέους.</em></strong></span> <span class='ocrx_word' id='word_1_577' title='bbox 1466 1736 1520 1764; x_wconf 89' lang='lat' dir='ltr'><strong>Ubi</strong></span> <span class='ocrx_word' id='word_1_578' title='bbox 1539 1733 1700 1763; x_wconf 83' lang='lat' dir='ltr'><strong>notandum</strong></span> <span class='ocrx_word' id='word_1_579' title='bbox 1721 1734 1781 1765; x_wconf 87' lang='lat' dir='ltr'><strong>est,</strong></span> <span class='ocrx_word' id='word_1_580' title='bbox 1804 1726 1964 1763; x_wconf 80' lang='lat' dir='ltr'><strong>sacrificia,</strong></span> <span class='ocrx_word' id='word_1_581' title='bbox 1988 1735 2063 1764; x_wconf 89' lang='lat' dir='ltr'><strong>quae</strong></span> 
     </span>
     <span class='ocr_line' id='line_1_39' title="bbox 105 1769 2062 1830; baseline -0.006 -20"><span class='ocrx_word' id='word_1_582' title='bbox 105 1783 176 1830; x_wconf 78' lang='lat' dir='ltr'><strong>Salii</strong></span> <span class='ocrx_word' id='word_1_583' title='bbox 199 1783 360 1819; x_wconf 86' lang='lat' dir='ltr'><strong>faciebant,</strong></span> <span class='ocrx_word' id='word_1_584' title='bbox 390 1795 447 1813; x_wconf 90' lang='lat' dir='ltr'><strong>non</strong></span> <span class='ocrx_word' id='word_1_585' title='bbox 465 1785 567 1823; x_wconf 85' lang='lat' dir='ltr'><strong>Marti,</strong></span> <span class='ocrx_word' id='word_1_586' title='bbox 596 1785 647 1814; x_wconf 86' lang='lat' dir='ltr'><strong>sed</strong></span> <span class='ocrx_word' id='word_1_587' title='bbox 664 1786 785 1815; x_wconf 83' lang='lat' dir='ltr'><strong>Herculi</strong></span> <span class='ocrx_word' id='word_1_588' title='bbox 807 1785 885 1821; x_wconf 68' lang='lat' dir='ltr'><strong>sieri,</strong></span> <span class='ocrx_word' id='word_1_589' title='bbox 916 1796 985 1815; x_wconf 90' lang='lat' dir='ltr'><strong>cum</strong></span> <span class='ocrx_word' id='word_1_590' title='bbox 1002 1791 1099 1814; x_wconf 77' lang='lat' dir='ltr'><strong>tamen</strong></span> <span class='ocrx_word' id='word_1_591' title='bbox 1115 1785 1184 1813; x_wconf 89' lang='lat' dir='ltr'><strong>Salii</strong></span> <span class='ocrx_word' id='word_1_592' title='bbox 1200 1784 1257 1812; x_wconf 89' lang='lat' dir='ltr'><strong>sint</strong></span> <span class='ocrx_word' id='word_1_593' title='bbox 1272 1782 1374 1811; x_wconf 88' lang='lat' dir='ltr'><strong>Martis</strong></span> <span class='ocrx_word' id='word_1_594' title='bbox 1392 1779 1568 1808; x_wconf 73' lang='lat' dir='ltr'><strong>sacerdotes.</strong></span> <span class='ocrx_word' id='word_1_595' title='bbox 1613 1777 1712 1812; x_wconf 90' lang='lat' dir='ltr'><strong>Quare</strong></span> <span class='ocrx_word' id='word_1_596' title='bbox 1728 1772 1856 1811; x_wconf 85' lang='lat' dir='ltr'><strong>scriptor</strong></span> <span class='ocrx_word' id='word_1_597' title='bbox 1873 1769 2062 1798; x_wconf 78' lang='lat' dir='ltr'><strong>doctissimus</strong></span> 
     </span>
     <span class='ocr_line' id='line_1_40' title="bbox 105 1811 2062 1867; baseline -0.008 -14"><span class='ocrx_word' id='word_1_598' title='bbox 105 1825 186 1853; x_wconf 75' lang='lat' dir='ltr'><strong>illius</strong></span> <span class='ocrx_word' id='word_1_599' title='bbox 203 1825 347 1854; x_wconf 73' lang='lat' dir='ltr'><strong>Glossarii</strong></span> <span class='ocrx_word' id='word_1_600' title='bbox 365 1832 485 1856; x_wconf 86' lang='lat' dir='ltr'><strong>secutus</strong></span> <span class='ocrx_word' id='word_1_601' title='bbox 507 1833 549 1856; x_wconf 87' lang='lat' dir='ltr'><strong>est</strong></span> <span class='ocrx_word' id='word_1_602' title='bbox 572 1833 710 1857; x_wconf 84' lang='lat' dir='ltr'><strong>auctores</strong></span> <span class='ocrx_word' id='word_1_603' title='bbox 735 1839 799 1865; x_wconf 76' lang='lat' dir='ltr'><strong>eos,</strong></span> <span class='ocrx_word' id='word_1_604' title='bbox 832 1838 907 1867; x_wconf 90' lang='lat' dir='ltr'><strong>quos</strong></span> <span class='ocrx_word' id='word_1_605' title='bbox 925 1834 954 1857; x_wconf 90' lang='lat' dir='ltr'><strong>et</strong></span> <span class='ocrx_word' id='word_1_606' title='bbox 969 1828 1126 1866; x_wconf 85' lang='lat' dir='ltr'><strong>Virgilius,</strong></span> <span class='ocrx_word' id='word_1_607' title='bbox 1151 1827 1221 1855; x_wconf 88' lang='lat' dir='ltr'><strong>dum</strong></span> <span class='ocrx_word' id='word_1_608' title='bbox 1238 1824 1375 1854; x_wconf 86' lang='lat' dir='ltr'><strong>attribuit</strong></span> <span class='ocrx_word' id='word_1_609' title='bbox 1392 1822 1485 1851; x_wconf 88' lang='lat' dir='ltr'><strong>Salios</strong></span> <span class='ocrx_word' id='word_1_610' title='bbox 1500 1819 1641 1855; x_wconf 74' lang='lat' dir='ltr'><strong>Herculi,</strong></span> <span class='ocrx_word' id='word_1_611' title='bbox 1668 1827 1728 1845; x_wconf 89' lang='lat' dir='ltr'><strong>non</strong></span> <span class='ocrx_word' id='word_1_612' title='bbox 1743 1815 1838 1844; x_wconf 86' lang='lat' dir='ltr'><strong>Marti.</strong></span> <span class='ocrx_word' id='word_1_613' title='bbox 1882 1812 1937 1840; x_wconf 89' lang='lat' dir='ltr'><strong>Sed</strong></span> <span class='ocrx_word' id='word_1_614' title='bbox 1956 1815 1985 1839; x_wconf 86' lang='lat' dir='ltr'><strong>et</strong></span> <span class='ocrx_word' id='word_1_615' title='bbox 2001 1811 2062 1838; x_wconf 83' lang='lat' dir='ltr'><strong>An-</strong></span> 
     </span>
     <span class='ocr_line' id='line_1_41' title="bbox 106 1852 2060 1907; baseline -0.009 -11"><span class='ocrx_word' id='word_1_616' title='bbox 106 1869 206 1896; x_wconf 87' lang='lat' dir='ltr'><strong>tonius</strong></span> <span class='ocrx_word' id='word_1_617' title='bbox 221 1867 316 1907; x_wconf 87' lang='lat' dir='ltr'><strong>Nipho</strong></span> <span class='ocrx_word' id='word_1_618' title='bbox 339 1873 367 1897; x_wconf 94' lang='lat' dir='ltr'><strong>et</strong></span> <span class='ocrx_word' id='word_1_619' title='bbox 383 1870 525 1899; x_wconf 89' lang='lat' dir='ltr'><strong>Octavius</strong></span> <span class='ocrx_word' id='word_1_620' title='bbox 542 1871 706 1900; x_wconf 86' lang='lat' dir='ltr'><strong>llerennius</strong></span> <span class='ocrx_word' id='word_1_621' title='bbox 728 1871 798 1899; x_wconf 86' lang='lat' dir='ltr'><strong>olim</strong></span> <span class='ocrx_word' id='word_1_622' title='bbox 824 1871 1015 1900; x_wconf 82' lang='lat' dir='ltr'><strong>ostenderant</strong></span> <span class='ocrx_word' id='word_1_623' title='bbox 1031 1871 1125 1899; x_wconf 80' lang='lat' dir='ltr'><strong>Salios</strong></span> <span class='ocrx_word' id='word_1_624' title='bbox 1140 1869 1262 1898; x_wconf 82' lang='lat' dir='ltr'><strong>Herculi</strong></span> <span class='ocrx_word' id='word_1_625' title='bbox 1285 1868 1399 1896; x_wconf 78' lang='lat' dir='ltr'><strong>dicatos</strong></span> <span class='ocrx_word' id='word_1_626' title='bbox 1422 1874 1494 1893; x_wconf 87' lang='lat' dir='ltr'><strong>esse.</strong></span> <span class='ocrx_word' id='word_1_627' title='bbox 1538 1863 1630 1891; x_wconf 87' lang='lat' dir='ltr'><strong>Porro</strong></span> <span class='ocrx_word' id='word_1_628' title='bbox 1651 1862 1810 1888; x_wconf 85' lang='lat' dir='ltr'><strong>Axamenta</strong></span> <span class='ocrx_word' id='word_1_629' title='bbox 1833 1856 1913 1884; x_wconf 86' lang='lat' dir='ltr'><strong>dicta</strong></span> <span class='ocrx_word' id='word_1_630' title='bbox 1935 1857 2005 1881; x_wconf 84' lang='lat' dir='ltr'><strong>sunt</strong></span> <span class='ocrx_word' id='word_1_631' title='bbox 2026 1852 2060 1880; x_wconf 84' lang='lat' dir='ltr'><strong>ab</strong></span> 
     </span>
     <span class='ocr_line' id='line_1_42' title="bbox 105 1899 2060 1958; baseline -0.008 -20"><span class='ocrx_word' id='word_1_632' title='bbox 105 1921 210 1958; x_wconf 74' lang='lat' dir='ltr'><strong>astare,</strong></span> <span class='ocrx_word' id='word_1_633' title='bbox 227 1909 285 1939; x_wconf 80' lang='lat' dir='ltr'><strong>hoc</strong></span> <span class='ocrx_word' id='word_1_634' title='bbox 300 1916 356 1946; x_wconf 75' lang='lat' dir='ltr'><strong>est,</strong></span> <span class='ocrx_word' id='word_1_635' title='bbox 381 1917 415 1941; x_wconf 83' lang='lat' dir='ltr'><strong>ut</strong></span> <span class='ocrx_word' id='word_1_636' title='bbox 430 1913 494 1951; x_wconf 84' lang='lat' dir='ltr'><strong>ipse</strong></span> <span class='ocrx_word' id='word_1_637' title='bbox 507 1914 609 1942; x_wconf 62' lang='lat' dir='ltr'><strong>Fesms</strong></span> <span class='ocrx_word' id='word_1_638' title='bbox 627 1914 775 1953; x_wconf 50' lang='lat' dir='ltr'><strong>explicat,</strong></span> <span class='ocrx_word' id='word_1_639' title='bbox 799 1914 961 1943; x_wconf 46' lang='lat' dir='ltr'>nominare·</span> <span class='ocrx_word' id='word_1_640' title='bbox 993 1912 1191 1942; x_wconf 58' lang='lat' dir='ltr'><strong>Glossarium:</strong></span> <span class='ocrx_word' id='word_1_641' title='bbox 1214 1911 1380 1943; x_wconf 51' lang='lat' dir='ltr'><strong>Amnum,</strong></span> <span class='ocrx_word' id='word_1_642' title='bbox 1402 1903 1592 1943; x_wconf 69' lang='grc' dir='ltr'><strong><em>ὀνομάζουσι.</em></strong></span> <span class='ocrx_word' id='word_1_643' title='bbox 1630 1902 1686 1932; x_wconf 90' lang='lat' dir='ltr'><strong>Sed</strong></span> <span class='ocrx_word' id='word_1_644' title='bbox 1702 1911 1761 1937; x_wconf 81' lang='lat' dir='ltr'><strong>non</strong></span> <span class='ocrx_word' id='word_1_645' title='bbox 1777 1899 1868 1936; x_wconf 86' lang='lat' dir='ltr'><strong>magis</strong></span> <span class='ocrx_word' id='word_1_646' title='bbox 1883 1901 1953 1936; x_wconf 89' lang='lat' dir='ltr'><strong>puto</strong></span> <span class='ocrx_word' id='word_1_647' title='bbox 1972 1903 2060 1941; x_wconf 69' lang='lat' dir='ltr'><strong>axare</strong></span> 
     </span>
     <span class='ocr_line' id='line_1_43' title="bbox 104 1936 2059 2000; baseline -0.009 -20"><span class='ocrx_word' id='word_1_648' title='bbox 104 1963 227 2000; x_wconf 75' lang='lat' dir='ltr'><strong>proprie</strong></span> <span class='ocrx_word' id='word_1_649' title='bbox 249 1963 310 1982; x_wconf 78' lang='lat' dir='ltr'><strong>osse</strong></span> <span class='ocrx_word' id='word_1_650' title='bbox 330 1955 495 1992; x_wconf 86' lang='lat' dir='ltr'><strong>nominare,</strong></span> <span class='ocrx_word' id='word_1_651' title='bbox 525 1966 611 1994; x_wconf 85' lang='lat' dir='ltr'><strong>quam</strong></span> <span class='ocrx_word' id='word_1_652' title='bbox 631 1956 712 1996; x_wconf 87' lang='lat' dir='ltr'><strong>apud</strong></span> <span class='ocrx_word' id='word_1_653' title='bbox 729 1957 859 1986; x_wconf 83' lang='lat' dir='ltr'><strong>Graecos</strong></span> <span class='ocrx_word' id='word_1_654' title='bbox 882 1959 1081 1995; x_wconf 76' lang='grc' dir='ltr'><strong><em>στηλιτεῦσαι,</em></strong></span> <span class='ocrx_word' id='word_1_655' title='bbox 1105 1953 1137 1985; x_wconf 78' lang='grc' dir='ltr'><strong>τό</strong></span> <span class='ocrx_word' id='word_1_656' title='bbox 1154 1955 1316 1993; x_wconf 79' lang='grc' dir='ltr'><strong><em>δημεῦσαι,</em></strong></span> <span class='ocrx_word' id='word_1_657' title='bbox 1340 1955 1391 1980; x_wconf 86' lang='lat' dir='ltr'><strong>aut</strong></span> <span class='ocrx_word' id='word_1_658' title='bbox 1407 1947 1438 1980; x_wconf 74' lang='lat' dir='ltr'><strong>td</strong></span> <span class='ocrx_word' id='word_1_659' title='bbox 1455 1947 1595 1988; x_wconf 69' lang='grc' dir='ltr'>ὑβρίζειν.</span> <span class='ocrx_word' id='word_1_660' title='bbox 1640 1945 1696 1974; x_wconf 88' lang='lat' dir='ltr'><strong>Sed</strong></span> <span class='ocrx_word' id='word_1_661' title='bbox 1715 1945 1743 1972; x_wconf 89' lang='lat' dir='ltr'><strong>in</strong></span> <span class='ocrx_word' id='word_1_662' title='bbox 1759 1942 1866 1971; x_wconf 85' lang='lat' dir='ltr'><strong>axibus</strong></span> <span class='ocrx_word' id='word_1_663' title='bbox 1882 1949 1932 1967; x_wconf 84' lang='lat' dir='ltr'><strong>seu</strong></span> <span class='ocrx_word' id='word_1_664' title='bbox 1950 1936 2059 1984; x_wconf 77' lang='lat' dir='ltr'><strong>tabulis</strong></span> 
     </span>
     <span class='ocr_line' id='line_1_44' title="bbox 104 1982 2059 2036; baseline -0.009 -13"><span class='ocrx_word' id='word_1_665' title='bbox 104 1996 155 2024; x_wconf 72' lang='lat' dir='ltr'><strong>illa</strong></span> <span class='ocrx_word' id='word_1_666' title='bbox 173 1996 303 2024; x_wconf 85' lang='lat' dir='ltr'><strong>carmina</strong></span> <span class='ocrx_word' id='word_1_667' title='bbox 321 1997 544 2036; x_wconf 77' lang='lat' dir='ltr'><strong>describebant,</strong></span> <span class='ocrx_word' id='word_1_668' title='bbox 566 2000 634 2028; x_wconf 84' lang='lat' dir='ltr'><strong>ilem</strong></span> <span class='ocrx_word' id='word_1_669' title='bbox 649 2004 682 2028; x_wconf 88' lang='lat' dir='ltr'><strong>ut</strong></span> <span class='ocrx_word' id='word_1_670' title='bbox 697 1999 775 2036; x_wconf 75' lang='lat' dir='ltr'><strong>leges</strong></span> <span class='ocrx_word' id='word_1_671' title='bbox 791 2010 859 2028; x_wconf 84' lang='lat' dir='ltr'><strong>suas</strong></span> <span class='ocrx_word' id='word_1_672' title='bbox 873 2000 979 2028; x_wconf 85' lang='lat' dir='ltr'><strong>Graeci</strong></span> <span class='ocrx_word' id='word_1_673' title='bbox 997 2000 1026 2029; x_wconf 74' lang='grc' dir='ltr'><strong>ἐν</strong></span> <span class='ocrx_word' id='word_1_674' title='bbox 1041 2002 1103 2033; x_wconf 85' lang='grc' dir='ltr'><em>τοῖς</em></span> <span class='ocrx_word' id='word_1_675' title='bbox 1119 1995 1219 2033; x_wconf 60' lang='lat' dir='ltr'><strong>«iigmor.</strong></span> <span class='ocrx_word' id='word_1_676' title='bbox 1265 1996 1342 2031; x_wconf 86' lang='lat' dir='ltr'><strong>Quia</strong></span> <span class='ocrx_word' id='word_1_677' title='bbox 1358 1993 1435 2022; x_wconf 88' lang='lat' dir='ltr'><strong>enim</strong></span> <span class='ocrx_word' id='word_1_678' title='bbox 1450 1991 1580 2029; x_wconf 85' lang='lat' dir='ltr'><strong>legitime</strong></span> <span class='ocrx_word' id='word_1_679' title='bbox 1598 1991 1742 2026; x_wconf 82' lang='lat' dir='ltr'><strong>concepta</strong></span> <span class='ocrx_word' id='word_1_680' title='bbox 1757 1989 1839 2014; x_wconf 82' lang='lat' dir='ltr'><strong>erant</strong></span> <span class='ocrx_word' id='word_1_681' title='bbox 1852 1982 1901 2009; x_wconf 82' lang='lat' dir='ltr'><strong>illa</strong></span> <span class='ocrx_word' id='word_1_682' title='bbox 1914 1989 2059 2028; x_wconf 59' lang='lat' dir='ltr'><strong>carmina,</strong></span> 
     </span>
     <span class='ocr_line' id='line_1_45' title="bbox 104 2027 2058 2086; baseline -0.009 -21"><span class='ocrx_word' id='word_1_683' title='bbox 104 2043 264 2086; x_wconf 67' lang='lat' dir='ltr'><strong>propterea</strong></span> <span class='ocrx_word' id='word_1_684' title='bbox 283 2049 340 2067; x_wconf 88' lang='lat' dir='ltr'><strong>non</strong></span> <span class='ocrx_word' id='word_1_685' title='bbox 359 2040 453 2068; x_wconf 88' lang='lat' dir='ltr'><strong>minus</strong></span> <span class='ocrx_word' id='word_1_686' title='bbox 469 2041 678 2070; x_wconf 85' lang='lat' dir='ltr'><strong>ediscebantur</strong></span> <span class='ocrx_word' id='word_1_687' title='bbox 693 2052 708 2070; x_wconf 90' lang='lat' dir='ltr'><strong>a</strong></span> <span class='ocrx_word' id='word_1_688' title='bbox 725 2042 825 2078; x_wconf 82' lang='lat' dir='ltr'><strong>saliis,</strong></span> <span class='ocrx_word' id='word_1_689' title='bbox 856 2052 943 2080; x_wconf 87' lang='lat' dir='ltr'><strong>quam</strong></span> <span class='ocrx_word' id='word_1_690' title='bbox 960 2053 975 2070; x_wconf 86' lang='lat' dir='ltr'><strong>a</strong></span> <span class='ocrx_word' id='word_1_691' title='bbox 991 2041 1112 2079; x_wconf 82' lang='lat' dir='ltr'><strong>leguleis</strong></span> <span class='ocrx_word' id='word_1_692' title='bbox 1135 2039 1265 2068; x_wconf 84' lang='lat' dir='ltr'><strong>actiones</strong></span> <span class='ocrx_word' id='word_1_693' title='bbox 1286 2042 1314 2066; x_wconf 90' lang='lat' dir='ltr'><strong>et</strong></span> <span class='ocrx_word' id='word_1_694' title='bbox 1328 2036 1474 2065; x_wconf 79' lang='lat' dir='ltr'><strong>formulae</strong></span> <span class='ocrx_word' id='word_1_695' title='bbox 1488 2033 1570 2062; x_wconf 84' lang='lat' dir='ltr'><strong>iuris.</strong></span> <span class='ocrx_word' id='word_1_696' title='bbox 1613 2032 1717 2069; x_wconf 86' lang='lat' dir='ltr'><strong>ltaque</strong></span> <span class='ocrx_word' id='word_1_697' title='bbox 1732 2032 1761 2056; x_wconf 88' lang='lat' dir='ltr'><strong>et.</strong></span> <span class='ocrx_word' id='word_1_698' title='bbox 1774 2027 1878 2054; x_wconf 87' lang='lat' dir='ltr'><strong>Cicero</strong></span> <span class='ocrx_word' id='word_1_699' title='bbox 1895 2027 1935 2051; x_wconf 72' lang='lat' dir='ltr'><strong>ant</strong></span> <span class='ocrx_word' id='word_1_700' title='bbox 1950 2033 1964 2051; x_wconf 88' lang='lat' dir='ltr'><strong>a</strong></span> <span class='ocrx_word' id='word_1_701' title='bbox 1981 2031 2058 2070; x_wconf 71' lang='lat' dir='ltr'><strong>pue-</strong></span> 
     </span>
     <span class='ocr_line' id='line_1_46' title="bbox 105 2070 2059 2122; baseline -0.009 -13"><span class='ocrx_word' id='word_1_702' title='bbox 105 2091 146 2109; x_wconf 78' lang='lat' dir='ltr'><strong>ris</strong></span> <span class='ocrx_word' id='word_1_703' title='bbox 163 2082 355 2119; x_wconf 85' lang='lat' dir='ltr'><strong>praetextatis</strong></span> <span class='ocrx_word' id='word_1_704' title='bbox 372 2092 490 2112; x_wconf 83' lang='lat' dir='ltr'><strong>carmen</strong></span> <span class='ocrx_word' id='word_1_705' title='bbox 505 2085 617 2113; x_wconf 74' lang='lat' dir='ltr'><strong>Saliare</strong></span> <span class='ocrx_word' id='word_1_706' title='bbox 631 2088 770 2122; x_wconf 82' lang='lat' dir='ltr'><strong>tanquam</strong></span> <span class='ocrx_word' id='word_1_707' title='bbox 786 2084 929 2122; x_wconf 80' lang='lat' dir='ltr'><strong>legitimas</strong></span> <span class='ocrx_word' id='word_1_708' title='bbox 947 2084 1088 2112; x_wconf 77' lang='lat' dir='ltr'><strong>formulas</strong></span> <span class='ocrx_word' id='word_1_709' title='bbox 1105 2081 1178 2110; x_wconf 88' lang='lat' dir='ltr'><strong>disci</strong></span> <span class='ocrx_word' id='word_1_710' title='bbox 1198 2081 1328 2110; x_wconf 86' lang='lat' dir='ltr'><strong>solitum.</strong></span> <span class='ocrx_word' id='word_1_711' title='bbox 1372 2078 1427 2106; x_wconf 87' lang='lat' dir='ltr'><strong>Sed</strong></span> <span class='ocrx_word' id='word_1_712' title='bbox 1446 2081 1474 2106; x_wconf 91' lang='lat' dir='ltr'><strong>et</strong></span> <span class='ocrx_word' id='word_1_713' title='bbox 1491 2080 1576 2105; x_wconf 85' lang='lat' dir='ltr'><strong>erant</strong></span> <span class='ocrx_word' id='word_1_714' title='bbox 1591 2074 1645 2102; x_wconf 86' lang='lat' dir='ltr'><strong>alia</strong></span> <span class='ocrx_word' id='word_1_715' title='bbox 1662 2070 1808 2105; x_wconf 84' lang='lat' dir='ltr'><strong>carmina,</strong></span> <span class='ocrx_word' id='word_1_716' title='bbox 1833 2076 1909 2106; x_wconf 89' lang='lat' dir='ltr'><strong>quae</strong></span> <span class='ocrx_word' id='word_1_717' title='bbox 1925 2076 1941 2093; x_wconf 89' lang='lat' dir='ltr'><strong>a</strong></span> <span class='ocrx_word' id='word_1_718' title='bbox 1956 2074 2059 2104; x_wconf 77' lang='lat' dir='ltr'><strong>pueris</strong></span> 
     </span>
     <span class='ocr_line' id='line_1_47' title="bbox 106 2111 2058 2163; baseline -0.009 -12"><span class='ocrx_word' id='word_1_719' title='bbox 106 2123 314 2159; x_wconf 86' lang='lat' dir='ltr'><strong>discebantur,</strong></span> <span class='ocrx_word' id='word_1_720' title='bbox 339 2129 370 2152; x_wconf 85' lang='lat' dir='ltr'><strong>ut</strong></span> <span class='ocrx_word' id='word_1_721' title='bbox 386 2136 505 2154; x_wconf 73' lang='lat' dir='ltr'><strong>carmen</strong></span> <span class='ocrx_word' id='word_1_722' title='bbox 524 2127 603 2155; x_wconf 78' lang='lat' dir='ltr'><strong>Nelei</strong></span> <span class='ocrx_word' id='word_1_723' title='bbox 620 2127 655 2155; x_wconf 90' lang='lat' dir='ltr'><strong>de</strong></span> <span class='ocrx_word' id='word_1_724' title='bbox 671 2127 802 2155; x_wconf 82' lang='lat' dir='ltr'><strong>moribus</strong></span> <span class='ocrx_word' id='word_1_725' title='bbox 816 2133 843 2156; x_wconf 84' lang='lat' dir='ltr'><strong>et</strong></span> <span class='ocrx_word' id='word_1_726' title='bbox 860 2127 975 2155; x_wconf 87' lang='lat' dir='ltr'><strong>similia.</strong></span> <span class='ocrx_word' id='word_1_727' title='bbox 1020 2127 1104 2161; x_wconf 85' lang='lat' dir='ltr'><strong>Quae</strong></span> <span class='ocrx_word' id='word_1_728' title='bbox 1121 2124 1187 2163; x_wconf 91' lang='lat' dir='ltr'><strong>quia</strong></span> <span class='ocrx_word' id='word_1_729' title='bbox 1210 2123 1348 2160; x_wconf 79' lang='lat' dir='ltr'><strong>religiose</strong></span> <span class='ocrx_word' id='word_1_730' title='bbox 1362 2119 1572 2150; x_wconf 79' lang='lat' dir='ltr'><strong>ediscebantnr</strong></span> <span class='ocrx_word' id='word_1_731' title='bbox 1587 2121 1616 2145; x_wconf 89' lang='lat' dir='ltr'><strong>et</strong></span> <span class='ocrx_word' id='word_1_732' title='bbox 1630 2114 1789 2144; x_wconf 86' lang='lat' dir='ltr'><strong>solenniter</strong></span> <span class='ocrx_word' id='word_1_733' title='bbox 1804 2113 1949 2148; x_wconf 85' lang='lat' dir='ltr'><strong>concepta</strong></span> <span class='ocrx_word' id='word_1_734' title='bbox 1965 2111 2058 2155; x_wconf 74' lang='lat' dir='ltr'><strong>erant,</strong></span> 
     </span>
     <span class='ocr_line' id='line_1_48' title="bbox 104 2154 2056 2213; baseline -0.011 -15"><span class='ocrx_word' id='word_1_735' title='bbox 104 2165 180 2213; x_wconf 66' lang='lat' dir='ltr'><strong>nillil</strong></span> <span class='ocrx_word' id='word_1_736' title='bbox 195 2166 319 2205; x_wconf 78' lang='lat' dir='ltr'><strong>impedit</strong></span> <span class='ocrx_word' id='word_1_737' title='bbox 342 2167 470 2204; x_wconf 83' lang='lat' dir='ltr'><strong>legitima</strong></span> <span class='ocrx_word' id='word_1_738' title='bbox 493 2169 560 2197; x_wconf 89' lang='lat' dir='ltr'><strong>dici.</strong></span> <span class='ocrx_word' id='word_1_739' title='bbox 605 2169 654 2197; x_wconf 85' lang='lat' dir='ltr'><strong>Sic</strong></span> <span class='ocrx_word' id='word_1_740' title='bbox 667 2169 888 2206; x_wconf 84' lang='lat' dir='ltr'><strong>Tertullianus,</strong></span> <span class='ocrx_word' id='word_1_741' title='bbox 911 2168 1122 2197; x_wconf 85' lang='lat' dir='ltr'><strong>disertissimus</strong></span> <span class='ocrx_word' id='word_1_742' title='bbox 1140 2172 1228 2205; x_wconf 85' lang='lat' dir='ltr'><strong>atque</strong></span> <span class='ocrx_word' id='word_1_743' title='bbox 1244 2163 1461 2194; x_wconf 87' lang='lat' dir='ltr'><strong>eruditissimus</strong></span> <span class='ocrx_word' id='word_1_744' title='bbox 1477 2161 1622 2199; x_wconf 79' lang='lat' dir='ltr'><strong>scriptor,</strong></span> <span class='ocrx_word' id='word_1_745' title='bbox 1645 2158 1673 2186; x_wconf 88' lang='lat' dir='ltr'><strong>in</strong></span> <span class='ocrx_word' id='word_1_746' title='bbox 1690 2156 1768 2184; x_wconf 86' lang='lat' dir='ltr'><strong>libro</strong></span> <span class='ocrx_word' id='word_1_747' title='bbox 1786 2154 1823 2183; x_wconf 88' lang='lat' dir='ltr'><strong>de</strong></span> <span class='ocrx_word' id='word_1_748' title='bbox 1839 2155 2056 2197; x_wconf 78' lang='lat' dir='ltr'><strong>persecutione,</strong></span> 
     </span>
     <span class='ocr_line' id='line_1_49' title="bbox 105 2192 2057 2249; baseline -0.009 -12"><span class='ocrx_word' id='word_1_749' title='bbox 105 2213 269 2237; x_wconf 78' lang='lat' dir='ltr'><strong>orationem</strong></span> <span class='ocrx_word' id='word_1_750' title='bbox 291 2210 470 2239; x_wconf 77' lang='lat' dir='ltr'><strong>nominicam</strong></span> <span class='ocrx_word' id='word_1_751' title='bbox 494 2211 654 2248; x_wconf 77' lang='lat' dir='ltr'><strong>legitimam</strong></span> <span class='ocrx_word' id='word_1_752' title='bbox 669 2211 789 2239; x_wconf 74' lang='lat' dir='ltr'><strong>vocavit</strong></span> <span class='ocrx_word' id='word_1_753' title='bbox 811 2212 1042 2248; x_wconf 84' lang='lat' dir='ltr'><strong>elegantissime;</strong></span> <span class='ocrx_word' id='word_1_754' title='bbox 1072 2209 1151 2249; x_wconf 89' lang='lat' dir='ltr'><strong>quod</strong></span> <span class='ocrx_word' id='word_1_755' title='bbox 1169 2220 1184 2237; x_wconf 88' lang='lat' dir='ltr'><strong>a</strong></span> <span class='ocrx_word' id='word_1_756' title='bbox 1201 2208 1284 2237; x_wconf 85' lang='lat' dir='ltr'><strong>nobis</strong></span> <span class='ocrx_word' id='word_1_757' title='bbox 1301 2213 1331 2237; x_wconf 88' lang='lat' dir='ltr'><strong>et</strong></span> <span class='ocrx_word' id='word_1_758' title='bbox 1345 2207 1380 2235; x_wconf 91' lang='lat' dir='ltr'><strong>ab</strong></span> <span class='ocrx_word' id='word_1_759' title='bbox 1400 2204 1549 2239; x_wconf 88' lang='lat' dir='ltr'><strong>omnibus,</strong></span> <span class='ocrx_word' id='word_1_760' title='bbox 1573 2201 1624 2240; x_wconf 87' lang='lat' dir='ltr'><strong>qui</strong></span> <span class='ocrx_word' id='word_1_761' title='bbox 1640 2199 1758 2228; x_wconf 88' lang='lat' dir='ltr'><strong>Christo</strong></span> <span class='ocrx_word' id='word_1_762' title='bbox 1775 2199 1993 2226; x_wconf 86' lang='lat' dir='ltr'><strong>sacramentum</strong></span> <span class='ocrx_word' id='word_1_763' title='bbox 2011 2192 2057 2221; x_wconf 81' lang='lat' dir='ltr'><strong>‹h-</strong></span> 
     </span>
     <span class='ocr_line' id='line_1_50' title="bbox 104 2234 2055 2291; baseline -0.007 -12"><span class='ocrx_word' id='word_1_764' title='bbox 104 2256 230 2287; x_wconf 75' lang='lat' dir='ltr'><strong>xerunt‚</strong></span> <span class='ocrx_word' id='word_1_765' title='bbox 254 2255 287 2279; x_wconf 89' lang='lat' dir='ltr'><strong>ut</strong></span> <span class='ocrx_word' id='word_1_766' title='bbox 303 2252 442 2280; x_wconf 79' lang='lat' dir='ltr'><strong>carminis</strong></span> <span class='ocrx_word' id='word_1_767' title='bbox 458 2254 504 2282; x_wconf 82' lang='lat' dir='ltr'><strong>lex</strong></span> <span class='ocrx_word' id='word_1_768' title='bbox 522 2253 666 2291; x_wconf 82' lang='lat' dir='ltr'><strong>quaedam</strong></span> <span class='ocrx_word' id='word_1_769' title='bbox 683 2253 824 2283; x_wconf 85' lang='lat' dir='ltr'><strong>discatur.</strong></span> <span class='ocrx_word' id='word_1_770' title='bbox 848 2252 948 2283; x_wconf 80' lang='lat' dir='ltr'><strong>Scal.</strong></span> <span class='ocrx_word' id='word_1_771' title='bbox 985 2252 1164 2282; x_wconf 75' lang='lat' dir='ltr'><strong>Axamenta</strong></span> <span class='ocrx_word' id='word_1_772' title='bbox 1179 2251 1214 2280; x_wconf 79' lang='lat' dir='ltr'><strong>ab</strong></span> <span class='ocrx_word' id='word_1_773' title='bbox 1229 2251 1315 2286; x_wconf 70' lang='lat' dir='ltr'><strong>axis,</strong></span> <span class='ocrx_word' id='word_1_774' title='bbox 1339 2249 1456 2283; x_wconf 84' lang='lat' dir='ltr'><strong>tabula,</strong></span> <span class='ocrx_word' id='word_1_775' title='bbox 1480 2245 1561 2285; x_wconf 91' lang='lat' dir='ltr'><strong>quod</strong></span> <span class='ocrx_word' id='word_1_776' title='bbox 1577 2244 1607 2272; x_wconf 91' lang='lat' dir='ltr'><strong>in</strong></span> <span class='ocrx_word' id='word_1_777' title='bbox 1623 2241 1734 2271; x_wconf 83' lang='lat' dir='ltr'><strong>tabulis</strong></span> <span class='ocrx_word' id='word_1_778' title='bbox 1751 2239 1910 2277; x_wconf 89' lang='lat' dir='ltr'><strong>descripta.</strong></span> <span class='ocrx_word' id='word_1_779' title='bbox 1948 2234 2055 2264; x_wconf 77' lang='lat' dir='ltr'><strong>Eadem</strong></span> 
     </span>
     <span class='ocr_line' id='line_1_51' title="bbox 103 2275 2055 2334; baseline -0.009 -13"><span class='ocrx_word' id='word_1_780' title='bbox 103 2300 286 2330; x_wconf 75' lang='lat' dir='ltr'><strong>assumento,</strong></span> <span class='ocrx_word' id='word_1_781' title='bbox 310 2294 390 2332; x_wconf 87' lang='lat' dir='ltr'><strong>quod</strong></span> <span class='ocrx_word' id='word_1_782' title='bbox 413 2297 487 2324; x_wconf 75' lang='lat' dir='ltr'><strong>assis</strong></span> <span class='ocrx_word' id='word_1_783' title='bbox 509 2296 645 2324; x_wconf 80' lang='lat' dir='ltr'><strong>dicebant</strong></span> <span class='ocrx_word' id='word_1_784' title='bbox 669 2306 721 2334; x_wconf 81' lang='lat' dir='ltr'><strong>pro</strong></span> <span class='ocrx_word' id='word_1_785' title='bbox 735 2297 813 2324; x_wconf 70' lang='lat' dir='ltr'><strong>axis.</strong></span> <span class='ocrx_word' id='word_1_786' title='bbox 843 2312 885 2318; x_wconf 89' lang='lat'><em>—</em></span> <span class='ocrx_word' id='word_1_787' title='bbox 911 2296 990 2325; x_wconf 82' lang='lat' dir='ltr'><strong>Infra</strong></span> <span class='ocrx_word' id='word_1_788' title='bbox 1013 2305 1068 2334; x_wconf 88' lang='lat' dir='ltr'><strong>pro</strong></span> <span class='ocrx_word' id='word_1_789' title='bbox 1091 2292 1338 2334; x_wconf 69' lang='lat' dir='ltr'><strong>componebantur</strong></span> <span class='ocrx_word' id='word_1_790' title='bbox 1354 2290 1574 2321; x_wconf 80' lang='lat' dir='ltr'><strong>rescribendum</strong></span> <span class='ocrx_word' id='word_1_791' title='bbox 1591 2291 1665 2326; x_wconf 88' lang='lat' dir='ltr'><strong>puto</strong></span> <span class='ocrx_word' id='word_1_792' title='bbox 1679 2282 1866 2314; x_wconf 79' lang='lat' dir='ltr'><strong>canebantur.</strong></span> <span class='ocrx_word' id='word_1_793' title='bbox 1911 2278 1983 2307; x_wconf 86' lang='lat' dir='ltr'><strong>Nam</strong></span> <span class='ocrx_word' id='word_1_794' title='bbox 2000 2275 2055 2304; x_wconf 80' lang='lat' dir='ltr'><strong>fal-</strong></span> 
     </span>
     <span class='ocr_line' id='line_1_52' title="bbox 106 2321 2052 2377; baseline -0.01 -13"><span class='ocrx_word' id='word_1_795' title='bbox 106 2346 169 2364; x_wconf 72' lang='lat' dir='ltr'><strong>sum</strong></span> <span class='ocrx_word' id='word_1_796' title='bbox 184 2341 243 2371; x_wconf 85' lang='lat' dir='ltr'><strong>est,</strong></span> <span class='ocrx_word' id='word_1_797' title='bbox 267 2347 298 2365; x_wconf 86' lang='lat' dir='ltr'><strong>ea</strong></span> <span class='ocrx_word' id='word_1_798' title='bbox 316 2337 445 2365; x_wconf 72' lang='lat' dir='ltr'><strong>can-minu</strong></span> <span class='ocrx_word' id='word_1_799' title='bbox 462 2349 478 2366; x_wconf 85' lang='lat' dir='ltr'><strong>a</strong></span> <span class='ocrx_word' id='word_1_800' title='bbox 492 2338 578 2366; x_wconf 83' lang='lat' dir='ltr'><strong>Saliis</strong></span> <span class='ocrx_word' id='word_1_801' title='bbox 594 2338 684 2366; x_wconf 84' lang='lat' dir='ltr'><strong>fuisse</strong></span> <span class='ocrx_word' id='word_1_802' title='bbox 700 2339 861 2376; x_wconf 84' lang='lat' dir='ltr'><strong>composita</strong></span> <span class='ocrx_word' id='word_1_803' title='bbox 872 2362 879 2374; x_wconf 94' lang='lat'><strong>,</strong></span> <span class='ocrx_word' id='word_1_804' title='bbox 903 2348 978 2377; x_wconf 85' lang='lat' dir='ltr'><strong>quae</strong></span> <span class='ocrx_word' id='word_1_805' title='bbox 994 2337 1066 2375; x_wconf 84' lang='lat' dir='ltr'><strong>ipsis</strong></span> <span class='ocrx_word' id='word_1_806' title='bbox 1082 2338 1169 2366; x_wconf 84' lang='lat' dir='ltr'><strong>etiam</strong></span> <span class='ocrx_word' id='word_1_807' title='bbox 1185 2337 1309 2365; x_wconf 87' lang='lat' dir='ltr'><strong>obscura</strong></span> <span class='ocrx_word' id='word_1_808' title='bbox 1336 2336 1401 2374; x_wconf 85' lang='lat' dir='ltr'><strong>ipso</strong></span> <span class='ocrx_word' id='word_1_809' title='bbox 1417 2332 1507 2361; x_wconf 83' lang='lat' dir='ltr'><strong>Fabio</strong></span> <span class='ocrx_word' id='word_1_810' title='bbox 1525 2334 1598 2360; x_wconf 81' lang='lat' dir='ltr'><strong>teste</strong></span> <span class='ocrx_word' id='word_1_811' title='bbox 1613 2328 1663 2358; x_wconf 89' lang='lat' dir='ltr'><strong>lib.</strong></span> <span class='ocrx_word' id='word_1_812' title='bbox 1676 2327 1696 2356; x_wconf 88' lang='lat'><strong>1.</strong></span> <span class='ocrx_word' id='word_1_813' title='bbox 1715 2336 1740 2355; x_wconf 89' lang='lat' dir='ltr'><strong>c.</strong></span> <span class='ocrx_word' id='word_1_814' title='bbox 1754 2328 1781 2357; x_wconf 90' lang='lat'><strong>6.</strong></span> <span class='ocrx_word' id='word_1_815' title='bbox 1820 2321 1967 2352; x_wconf 83' lang='lat' dir='ltr'><strong>Saliorum</strong></span> <span class='ocrx_word' id='word_1_816' title='bbox 1986 2327 2052 2345; x_wconf 85' lang='lat' dir='ltr'><strong>car-</strong></span> 
     </span>
     <span class='ocr_line' id='line_1_53' title="bbox 106 2363 2041 2418; baseline -0.01 -10"><span class='ocrx_word' id='word_1_817' title='bbox 106 2379 184 2407; x_wconf 83' lang='lat' dir='ltr'><strong>mina</strong></span> <span class='ocrx_word' id='word_1_818' title='bbox 201 2379 256 2408; x_wconf 79' lang='lat' dir='ltr'><strong>vix</strong></span> <span class='ocrx_word' id='word_1_819' title='bbox 270 2378 470 2410; x_wconf 77' lang='lat' dir='ltr'><strong>sacerdoribus</strong></span> <span class='ocrx_word' id='word_1_820' title='bbox 487 2381 546 2409; x_wconf 83' lang='lat' dir='ltr'><strong>suis</strong></span> <span class='ocrx_word' id='word_1_821' title='bbox 564 2382 636 2409; x_wconf 78' lang='lat' dir='ltr'><strong>saris</strong></span> <span class='ocrx_word' id='word_1_822' title='bbox 652 2379 809 2410; x_wconf 73' lang='lat' dir='ltr'><strong>intellecta.</strong></span> <span class='ocrx_word' id='word_1_823' title='bbox 839 2380 891 2409; x_wconf 90' lang='lat' dir='ltr'><strong>Da</strong></span> <span class='ocrx_word' id='word_1_824' title='bbox 901 2392 926 2412; x_wconf 83' lang='lat' dir='ltr'><strong>c.</strong></span> <span class='ocrx_word' id='word_1_825' title='bbox 971 2380 1176 2418; x_wconf 78' lang='lat' dir='ltr'><strong>Axiamema‚</strong></span> <span class='ocrx_word' id='word_1_826' title='bbox 1205 2383 1377 2415; x_wconf 84' lang='lat' dir='ltr'><strong>axamenta,</strong></span> <span class='ocrx_word' id='word_1_827' title='bbox 1401 2375 1437 2405; x_wconf 84' lang='lat' dir='ltr'><strong>ab</strong></span> <span class='ocrx_word' id='word_1_828' title='bbox 1455 2384 1544 2404; x_wconf 84' lang='lat' dir='ltr'><strong>axare</strong></span> <span class='ocrx_word' id='word_1_829' title='bbox 1559 2372 1590 2401; x_wconf 88' lang='lat' dir='ltr'><strong>id</strong></span> <span class='ocrx_word' id='word_1_830' title='bbox 1607 2376 1651 2401; x_wconf 86' lang='lat' dir='ltr'><strong>est</strong></span> <span class='ocrx_word' id='word_1_831' title='bbox 1670 2368 1840 2401; x_wconf 84' lang='lat' dir='ltr'><strong>nominare,</strong></span> <span class='ocrx_word' id='word_1_832' title='bbox 1863 2363 1936 2392; x_wconf 80' lang='lat' dir='ltr'><strong>infra</strong></span> <span class='ocrx_word' id='word_1_833' title='bbox 1955 2366 2041 2387; x_wconf 67' lang='lat' dir='ltr'><strong>axare</strong></span> 
     </span>
    </p>
   </div>
  </div>
 </body>
</html>
