2263 2668
224 121 274 157 18

645 125 790 159 PAULI
814 123 937 160 DlAc.
963 123 1223 160 EXCERI’TA
1248 127 1313 161 Ex
1338 127 1428 162 LIB.
1454 128 1599 164 POMP.
1628 129 1768 165 FESTI

228 216 339 252 Artas
365 228 405 251 ex
432 217 565 252 Graeco
592 218 824 263 appellantur,
851 230 937 263 quos
954 214 965 235 ¹
993 219 1043 252 illi
1068 219 1195 269 ἄρθρα
1214 216 1227 238 ²
1255 220 1387 256 dicunt:
1421 222 1490 257 sive
1517 227 1618 258 artus
1644 223 1743 268 dicti,
1770 225 1865 269 quod
1893 229 2046 263 membra
2074 241 2184 265 mem—

329 269 396 303 bris
422 274 576 302 artentur.

228 321 394 366 Arquites
420 332 499 355 arcu
523 320 746 365 proeliantes,
773 322 832 365 qui
858 333 947 356 nunc
974 322 1129 357 dicuntur
1155 323 1323 370 sagittarii.

228 372 372 406 Arbilla
397 372 528 413 arvina,
555 372 590 405 id
618 377 666 406 est
692 373 867 418 pinguedo
894 375 1055 419 corporis.

228 423 396 468 Artifices
422 423 519 466 dicti,
546 424 640 467 quod
667 425 836 459 scientiam
861 438 954 460 suam
981 438 1043 471 per
1068 430 1157 460 artus
1174 423 1187 443 ³
1213 430 1386 469 exercent,
1412 428 1482 463 sive
1508 430 1603 474 quod
1629 434 1708 476 apte
1735 441 1840 476 opera
1860 429 1873 449 ⁴
1898 431 1982 466 inter
2009 446 2045 468 se
2066 439 2183 478 artent,

329 486 396 518 qua
423 486 463 508 ex
489 487 588 510 causa
616 475 714 509 etiam
742 481 774 511 et
800 475 924 512 artes⁵
949 483 1024 511 sunt
1049 479 1242 524 appellatae
1261 474 1282 511 ⁶.

228 526 426 570 Arytenam
445 523 458 544 ⁷
484 528 553 561 sive
578 532 726 561 artenam
746 526 758 546 Β
785 541 840 562 vas
866 531 910 563 ab
935 529 1122 564 hauriendo
1150 530 1195 564 sic
1222 530 1442 575 appellabant
1462 527 1484 563 ⁹.

228 577 437 624 Amsegetes
457 575 482 596 ¹⁰
507 579 677 623 dicuntur,
703 591 847 624 quorum
871 593 955 628 ager
981 582 1067 616 viam
1087 579 1110 600 1¹
1136 582 1253 627 tangit.

228 630 364 664 Amites
383 626 408 647 ¹²
432 632 581 675 perticae
607 633 797 677 aucupales.

228 681 466 728 Ampendices
483 679 508 700 ¹³
534 683 731 718 dicebantur
764 685 808 719 ab
842 685 1001 729 antiquis,
1045 684 1138 729 quod
1173 684 1487 730 circumpenderent
1514 682 1553 727 ¹⁴,
1598 697 1681 730 quos

329 734 504 778 pellamus.

1704 682 1728 702 ¹⁵
1754 699 1841 723 nunc
1875 690 2091 735 appendices
2118 702 2181 736 ap-

225 785 444 830 Ablegmina
466 782 489 803 ¹⁶
513 790 625 831 partes
652 792 820 830 extorum,
847 800 934 832 quae
960 787 1021 821 diis
1047 787 1263 821 immolantur
1283 783 1315 822 ¹⁷.

224 835 465 880 Ambulacra,
493 838 743 872 ambulationes.

227 887 359 922 Amian
379 886 405 907 ¹⁸
429 901 535 935 genus
559 890 669 935 piscis.

225 940 376 974 Ameria
402 943 480 975 urbs
506 941 540 974 in
566 941 708 975 Umbria
728 938 768 984 ¹⁹,
800 942 843 975 ab
870 942 987 974 Amiro
1012 937 1037 958 ²⁰

1061 942 1108 976 sic
1128 938 1152 958 ²¹

1180 941 1362 986 appellata.

227 991 405 1038 Adsipere
424 990 450 1011 ²²
476 997 508 1027 et
530 993 741 1039 praesipere
767 993 923 1028 dicebant
957 993 1082 1037 antiqui
1115 1005 1135 1026 a
1167 993 1329 1039 sapiendo
1349 989 1393 1034 ²³,
1425 993 1509 1028 sicut
1541 1004 1602 1027 nos
1629 1005 1766 1039 quoque
1793 995 1897 1029 modo
1917 992 1943 1013 ²¹
1971 996 2111 1031 dicimus
2138 997 2181 1030 ab

328 1056 437 1088 aequo
464 1045 630 1090 iniquum,
657 1045 700 1078 ab
711 1042 735 1062 ²⁵
761 1045 953 1089 quaerendo
981 1046 1166 1090 inquirere.

226 1095 455 1130 Admissivae
480 1108 557 1130 aves
585 1096 782 1130 dicebantur
808 1097 851 1130 ab
879 1098 1061 1142 auguribus

1084 1093 1127 1138 ²⁶,
1155 1108 1243 1140 quae
1270 1096 1498 1130 consulentem
1525 1096 1686 1132 iuberent.

226 1147 385 1181 Adulari
412 1152 459 1181 est
484 1149 709 1193 compositum
734 1160 773 1182 ex
799 1148 995 1183 accedendo
1025 1153 1058 1182 et
1085 1147 1280 1182 adludendo
1301 1144 1335 1181 ²⁷.

230 1199 471 1233 Addubanum
488 1196 513 1216 ²⁸
542 1200 680 1233 dubium
701 1196 735 1233 ²⁹.

225 1250 381 1285 Adulter
407 1256 439 1284 et
466 1251 635 1285 adultera
661 1252 832 1292 dicuntur,
860 1252 939 1295 quia
958 1247 983 1268 ³⁰
1011 1255 1043 1285 et
1069 1251 1124 1285 ille
1151 1251 1196 1284 ad
1223 1251 1363 1284 alteram
1391 1254 1423 1284 et
1449 1250 1536 1284 haec
1558 1246 1580 1267 ³¹
1610 1250 1654 1283 ad
1682 1251 1823 1284 alterum
1851 1263 1887 1285 se
1914 1252 2100 1286 conferunt.

225 1302 374 1347 Aquilae
402 1303 496 1336 color
524 1308 572 1336 est
598 1303 709 1337 fuscus
737 1309 770 1337 et
796 1304 973 1349 subniger,
1010 1316 1028 1337 a
1062 1314 1130 1347 quo
1164 1303 1276 1347 aquila
1312 1303 1402 1336 dicta
1436 1314 1505 1335 esse
1538 1301 1686 1344 videtur,
1721 1303 1870 1346 quamvis
1906 1315 1981 1336 eam
2013 1305 2056 1337 ab
2084 1309 2181 1338 acute

327 1354 474 1387 volando
499 1354 622 1390 dictam
648 1355 774 1388 volunt.
801 1374 854 1381 —·
880 1355 1030 1400 Aquilus
1055 1360 1165 1388 autem

1187 1351 1212 1372 :32

1541 1350 1566 1370 33

1239 1355 1334 1389 color
1361 1355 1403 1388 ab
1431 1365 1518 1398 aqua
1593 1358 1640 1387 est
1655 1354 1849 1388 nominatus.
1893 1355 1981 1388 Nam
2000 1367 2104 1399 quum
2120 1367 2181 1388 an-

326 1406 410 1450 tiqui
436 1406 521 1440 duos
548 1406 683 1440 omnino
710 1408 875 1440 naturales
901 1412 1033 1440 nossent
1053 1403 1093 1449 3²,
1121 1407 1157 1440 id
1185 1410 1232 1440 est
1259 1406 1373 1439 album
1401 1411 1434 1439 et
1461 1407 1605 1450 nigrum,
1632 1405 1843 1439 intervenerit
1869 1411 1981 1439 autem
1996 1407 2022 1440 is
2041 1403 2067 1424 ³³
2093 1418 2181 1451 quo-

327 1469 411 1502 que,
438 1459 496 1502 qui
522 1458 567 1491 ita
592 1459 699 1492 neutri
725 1459 838 1492 similis
866 1464 931 1500 est,
959 1464 995 1492 ut
1020 1464 1132 1492 tamen
1159 1459 1202 1491 ab
1230 1463 1373 1502 utroque
1399 1458 1639 1502 proprietatem
1660 1457 1783 1502 trahat,
1811 1458 2021 1502 potissimum
2037 1459 2079 1492 ab
2094 1470 2180 1503 aqua

327 1521 404 1544 eum
432 1510 685 1544 denominarunt
705 1507 747 1553 ³⁶,
775 1511 868 1545 cuius
894 1511 1037 1545 incertus
1065 1515 1112 1544 est
1139 1511 1243 1544 color.

311 1635 341 1677 1)
370 1648 445 1677 quos
463 1637 532 1677 illi]
559 1636 644 1677 quod
662 1637 713 1664 illi
734 1637 766 1666 L.
802 1653 844 1658 —
878 1636 907 1676 2)
929 1635 1047 1677 ἄρθρα]
1074 1637 1183 1665 arthra

227 1679 280 1707 Gu.
305 1683 334 1712 2.
379 1691 436 1710 om.
459 1691 504 1720 pr.
533 1697 574 1703 -—
604 1680 635 1719 3)
659 1679 766 1718 artus]
791 1685 871 1707 (tt-les
894 1680 924 1707 L.
949 1696 992 1701 —
1027 1680 1055 1718 4)
1080 1679 1181 1718 opera]

227 1731 346 1758 operam
366 1723 400 1751 B.
422 1739 463 1744 ——
493 1721 520 1762 5)
545 1725 636 1751 eliam
659 1728 686 1750 et
707 1721 806 1760 artes]
830 1722 879 1751 Sic
901 1722 933 1752 L.
956 1722 989 1750 Β.
1012 1722 1052 1751 Μ.
1077 1724 1133 1751 Gu.
1156 1726 1182 1754 1.

229 1762 322 1802 Vulgo
344 1771 370 1793 et
391 1776 448 1795 om.
500 1765 558 1794 Sed
583 1765 720 1794 similiter
743 1776 764 1794 s.
787 1775 816 1793 v.
837 1765 974 1803 Apricus
997 1775 1034 1794 ex
1063 1765 1182 1804 optimis

229 1806 315 1835 codd.
332 1809 447 1837 restitui
470 1810 562 1837 etiam
584 1814 619 1839 et.
665 1808 732 1838 Vid.
756 1807 830 1837 ibid.
854 1813 915 1837 not.
945 1823 987 1829 —-
1019 1805 1048 1847 6)
1072 1808 1182 1846 appell.

230 1848 318 1886 sunt]
341 1857 409 1878 Sanc
430 1863 498 1890 app.
523 1852 553 1880 L.
574 1851 608 1880 B.
632 1851 689 1879 Gu.
711 1853 739 1883 1.
764 1853 793 1882 2.
823 1868 863 1872 -
898 1851 926 1888 7)
949 1849 1085 1889 Atflten]
1109 1851 1183 1879 Ari-

231 1895 289 1917 test.
314 1891 345 1921 Β.
367 1893 422 1921 Gu.
444 1897 471 1925 2.
500 1894 641 1923 Arithen.
667 1894 767 1924 Gu.1‚
789 1909 832 1915 -
854 1894 885 1930 S)
899 1892 1051 1933 artemam]
1076 1893 1125 1922 sic
1142 1894 1182 1922 M.

230 1942 277 1970 pr.
300 1933 329 1961 S.
371 1933 454 1972 Vulg.
477 1943 644 1966 arletzaezam.
670 1953 705 1958 —
740 1937 770 1971 9)
793 1936 1001 1975 appellabant]
1026 1937 1183 1975 appellant

230 1975 264 2004 Β.
304 1975 360 2004 Gu.
385 1978 411 2006 1.
433 1977 514 2007 addit
536 1977 596 2010 οἷπό
619 1981 674 2009 τοῦ
696 1975 825 2018 ἀρτύειν.
871 1979 942 2008 Cod.
963 1979 1084 2017 quidam
1105 1979 1182 2008 Scal.

233 2013 391 2057 ἐρύεσθαι.
426 2034 462 2040 —
492 2021 539 2055 10)
561 2022 698 2061 Ata-ng]
721 2021 836 2061 Art-seg.
859 2022 892 2050 Β.
917 2022 973 2051 Gu.
1000 2025 1025 2052 1.
1056 2038 1099 2043 —
1135 2020 1182 2062 11)

232 2069 305 2098 ager
321 2058 414 2097 viam]
439 2062 518 2088 viam
533 2072 582 2100 ag.
606 2066 661 2092 Gu.
678 2068 703 2096 1.
726 2081 768 2086 -
800 2066 845 2102 12)
870 2063 1000 2103 Amnes]
1024 2064 1068 2093 lta
1091 2064 1181 2102 vulgo

233 2106 261 2131 et
275 2103 306 2131 in
325 2103 459 2131 omnibus
475 2103 572 2141 codd.‚
594 2105 649 2133 nisi
664 2107 745 2144 quod
762 2108 794 2136 B.
810 2107 842 2135 in
858 2112 946 2136 textu
963 2106 1103 2136 exhibeat
1116 2107 1182 2135 Λιι-

232 2146 322 2181 tices,
344 2144 374 2173 in
397 2145 526 2183 margine
549 2156 619 2174 vero
636 2148 766 2183 Amnes,
789 2155 823 2178 ut
848 2151 947 2189 vulgo.
971 2167 1012 2171 -—
1038 2147 1085 2189 13)
1104 2149 1183 2181 Am-

227 2185 338 2227 pend.]
368 2187 547 2226 Ampedices
570 2188 600 2217 L.
623 2189 678 2218 Gu.
702 2193 728 2220 1.
750 2193 779 2220 S.
809 2209 852 2214 —
890 2194 937 2230 14)
962 2192 1180 2231 circumpend]

227 2228 382 2268 pendendo
405 2230 443 2260 M.
467 2247 506 2251 —-
532 2229 574 2269 15)
597 2230 682 2268 quo-s]
706 2242 783 2268 qua-9
805 2234 836 2262 B.
855 2250 897 2257 --
920 2237 968 2271 16)
986 2234 1181 2274 Ablegmina]

231 2272 281 2301 Sic
303 2272 341 2302 M.
365 2272 420 2303 Gu.
447 2276 475 2304 2.
525 2271 609 2310 Vulg.
635 2272 772 2310 Albegm.
821 2275 886 2305 vid.
919 2278 1025 2316 Scalig.
1051 2283 1111 2308 not.
1139 2293 1182 2300 —

233 2313 279 2355 17)
297 2314 507 2353 immolantur]
531 2314 581 2343 Sic
603 2314 659 2343 Gu.
685 2317 710 2345 1.
733 2316 929 2346 immolabant
947 2321 1043 2349 celeri.
1067 2337 1106 2342 —
1134 2320 1181 2357 18)

231 2357 359 2397 Amian]
384 2358 434 2387 Sic
450 2358 487 2387 M.
520 2357 576 2386 Gu.
600 2360 629 2389 2.
654 2367 699 2396 pr.
743 2356 869 2385 Amiam
891 2360 920 2387 B.
946 2362 1001 2389 Gu.
1020 2365 1047 2391 1.
1093 2362 1179 2400 Vulg.

232 2400 335 2431 Amia.
364 2416 405 2423 —
446 2402 489 2438 19)
513 2402 545 2429 in
571 2399 712 2437 Umbria]
751 2399 927 2428 Umbrariae
949 2402 979 2430 L.
1003 2412 1058 2430 ου).
1081 2404 1114 2432 Β.
1139 2420 1180 2426 —-·

1229 1635 1277 1672 ΒΟ)
1300 1634 1422 1673 Αηιὶνο]
1447 1634 1585 1663 Armis-io
1609 1634 1643 1664 B.
1688 1634 1800 1663 Amet-0
1821 1646 1867 1675 pr.
1895 1651 1938 1658 -
1968 1638 2013 1671 21)
2042 1639 2087 1665 sic
2110 1647 2178 1675 app.

1226 1678 1274 1706 Sic
1297 1678 1329 1708 L.
1353 1677 1393 1708 M.
1418 1677 1475 1706 Gu.
1494 1680 1520 1709 1.
1539 1681 1567 1710 2.
1591 1687 1635 1716 pr.
1658 1678 1686 1706 S.
1724 1677 1811 1716 Vulg.
1834 1688 1893 1708 om.
1915 1680 1968 1709 sic.
1991 1695 2034 1700 —
2055 1678 2101 1719 22)
2114 1678 2181 1708 Ad-

1225 1720 1330 1759 sapcrc]
1356 1720 1412 1749 Gu.
1433 1723 1464 1751 2.
1488 1720 1534 1749 bis
1558 1719 1648 1749 habet
1672 1719 1755 1749 hunc
1778 1720 1954 1759 articulum,
1977 1721 2036 1750 hoc
2061 1721 2128 1750 loco
2152 1726 2182 1751 et

1225 1768 1294 1803 post
1315 1773 1382 1792 voc.
1406 1762 1509 1801 Apud.
1553 1762 1620 1791 Hoc
1639 1763 1708 1792 loco
1731 1774 1789 1794 om.
1813 1773 1863 1792 vv.
1891 1774 1911 1792 a
1932 1762 2095 1803 sapienda,
2120 1774 2182 1794 non

1224 1807 1293 1835 item
1323 1806 1416 1834 altero
1448 1806 1530 1842 loco,
1563 1805 1615 1834 ubi
1643 1806 1730 1835 etiam
1754 1807 1905 1845 pera-[pere
1933 1817 1990 1846 pro
2007 1808 2182 1846 praes-ipen

1224 1848 1322 1878 habet.
1345 1865 1387 1869 --
1416 1849 1461 1885 25)
1485 1859 1505 1875 α
1522 1847 1678 1886 sapiendo]
1702 1859 1760 1877 om.
1783 1848 1822 1879 M.
1848 1848 1904 1880 Gu.
1929 1851 1956 1881 1.
1980 1852 2011 1882 2.
2057 1851 2182 1889 antiqui

1225 1902 1244 1920 a
1259 1902 1326 1930 sap.
1342 1901 1399 1919 om.
1421 1900 1485 1929 pr„
1515 1900 1590 1929 quae
1614 1890 1684 1919 item
1709 1891 1754 1919 bis
1778 1901 1847 1920 cum
1867 1892 1923 1921 Gu.
1940 1895 1972 1924 2.
1993 1891 2083 1922 habet
2099 1892 2179 1922 hunc

1225 1934 1393 1963 articulum.
1426 1949 1463 1955 ‹—
1503 1934 1549 1970 24)
1574 1944 1693 1972 quoque
1719 1933 1830 1973 modo]
1862 1944 1920 1963 oui.
1941 1934 1974 1964 B.
2003 1951 2046 1958 ·-
2083 1937 2135 1973 25)
2159 1946 2180 1963 α

1226 1976 1341 2016 quaem]
1364 1976 1402 2004 ab
1419 1986 1521 2014 quaer.
1540 1976 1572 2005 B.
1596 1976 1634 2007 M.
1659 1976 1714 2007 Gu.
1739 1979 1767 2008 1·
1790 1979 1819 2008 2.
1841 1987 1887 2016 pr.
1909 1993 1952 1999 -—
1973 1979 2019 2015 26)
2041 1988 2113 2007 aue-5*
2132 1975 2178 2005 di-

1226 2020 1283 2048 ceb.
1304 2019 1342 2048 al)
1365 2018 1451 2057 aug]
1475 2018 1535 2048 dc'c.
1555 2018 1594 2046 al)
1618 2030 1693 2058 aug.
1708 2030 1780 2048 avc-5·
1801 2019 1836 2050 B.
1859 2035 1902 2042 —-
1923 2022 1968 2054 27)
1991 2018 2176 2058 adludendo]

1225 2061 1369 2091 allaendo
1389 2062 1426 2090 Μ.
1451 2061 1507 2091 Gu.
1526 2064 1556 2093 2.
1585 2072 1630 2100 pr.
1660 2077 1701 2082 —
1729 2060 1780 2101 28)
1799 2060 2020 2101 Addubanum]
2044 2062 2177 2092 Aduba-

1225 2116 1299 2134 num
1321 2106 1354 2133 L.
1378 2105 1413 2134 B.
1438 2119 1481 2126 --
1501 2104 1550 2141 29)
1574 2103 1713 2143 dubiam]
1737 2104 1787 2133 Sic
1801 2104 1839 2133 M.
1859 2105 1917 2135 Gn.
1936 2107 1966 2136 2.
2011 2105 2094 2144 Vulg.
2108 2106 2178 2134 Da-

1225 2148 1369 2183 nubium,
1392 2146 1473 2186 quod
1488 2146 1594 2175 vitium
1609 2147 1706 2176 simile
1726 2152 1772 2176 est
1790 2147 1832 2184 ei,
1862 2157 1922 2186 quo
1943 2146 2103 2176 Anacreon
2118 2157 2176 2187 pro

1224 2190 1365 2220 Antehac
1388 2190 1421 2218 in
1443 2189 1580 2219 omnibus
1599 2194 1643 2218 est
1664 2189 1753 2219 codd.
1776 2189 1883 2228 Scalig.
1901 2190 2061 2228 legendum
2077 2193 2175 2219 censet

1224 2233 1280 2264 Ad
1300 2233 1480 2268 (labienum,
1503 2231 1547 2260 ατί
1571 2231 1708 2264 dubiam.
1753 2232 1866 2268 Quidni
1885 2232 2115 2268 Addubienum,
2139 2234 2173 2259 ut

1224 2275 1393 2313 addubito,
1419 2274 1560 2305 dicatur?
1589 2274 1673 2304 Unde
1686 2275 1905 2314 praepositione
1919 2274 1964 2303 ad
1977 2275 2007 2304 in
2025 2275 2172 2311 interpre-

1224 2324 1356 2348 tamento
1375 2329 1435 2347 non
1450 2327 1526 2357 opus
1546 2327 1607 2346 esse
1629 2322 1714 2357 puto.
1743 2334 1782 2340 —
1816 2316 1862 2356 30)
1886 2318 1960 2356 quia
1981 2315 2019 2355 et]
2042 2313 2125 2354 quod
2145 2320 2171 2360 ef

1223 2362 1261 2390 M.
1306 2368 1332 2390 et
1355 2372 1414 2391 om.
1439 2361 1469 2389 L.
1502 2377 1538 2381 —
1575 2361 1621 2396 31)
1646 2359 1739 2398 haec]
1770 2360 1828 2388 illa
1849 2360 1882 2387 B.
1919 2375 1955 2380 —-
1990 2359 2034 2395 32)
2056 2361 2170 2394 autem]

1223 2414 1280 2435 om.
1299 2405 1329 2436 L.
1361 2421 1401 2426 —
1431 2402 1477 2441 33)
1501 2401 1605 2441 aqua]
1630 2403 1740 2440 aquila
1762 2402 1795 2430 Β.
1827 2416 1868 2423 —
1895 2399 1943 2435 34)
1963 2398 2096 2438 nos-vent]
2117 2409 2170 2427 ηο-
