2263 2668
505 156 569 190 DE
600 152 986 190 SIGNIFICATIONE
1018 153 1301 190 VERBORUM.
1359 155 1504 189 LIBER
1532 155 1589 189 IV.
1943 157 2018 192 405

238 249 422 278 Deieriae.
467 249 603 278 Deterius
633 259 648 277 a
680 248 819 285 terendo,
856 247 923 286 quia
953 246 1003 275 ille
1032 245 1161 275 deterior
1190 252 1246 283 est,
1285 248 1335 286 qui
1365 248 1457 286 magis
1486 247 1612 277 detritus
1640 252 1692 278 est.
1738 247 1811 277 Vide
1833 249 2017 279 Prisciauum

75 291 150 333 (Lib.
163 292 220 329 ΙΙΙ,
245 296 272 324 1.
297 297 324 323 1.
350 301 412 330 pag.
427 294 497 323 103.
522 292 595 328 Kr.).
623 291 677 319 Da
688 303 713 320 c.
757 291 800 319 Cf.
823 289 989 318 Doederlin.
1012 289 1081 328 Syn.
1105 290 1165 320 Lat.
1184 290 1214 327 Ι,
1237 300 1301 329 pag.
1315 292 1366 322 48.

239 333 429 364 Delibare.
472 333 636 363 Delibrare.
676 334 756 362 MSS.
785 331 921 362 Delirare
943 331 1061 370 optime.
1100 333 1123 360 A
1145 331 1201 361 lira
1224 333 1306 371 quod
1330 333 1438 361 fossam
1460 333 1507 361 vel
1531 333 1646 361 sulcum
1670 332 1830 370 significat,
1852 344 1906 373 per
1929 344 2016 373 quem

75 388 151 417 aqua
175 378 206 406 in
229 378 390 416 quemlibet
413 377 509 405 locum
534 376 701 405 deducitur.
726 377 814 406 Dae.
851 372 942 404 Sulca
965 373 1104 404 derivare.
1134 375 1192 403 Aut
1214 375 1312 414 potius
1336 376 1472 404 conferre
1495 375 1680 404 altitudinem
1704 376 1761 403 loci
1784 376 1862 405 unde
1886 377 2018 416 concipi-

73 426 125 450 tur
148 430 242 459 aqua,
274 431 341 449 cum
364 420 431 448 loco
454 430 512 457 quo
536 418 673 448 ducenda
696 425 749 450 est.
794 417 946 447 Vitruvius
966 417 1048 452 VIII,
1072 428 1095 445 c.
1109 419 1138 448 6.
1162 416 1233 446 hinc
1255 418 1461 446 libramentum
1485 428 1578 457 aquae
1600 418 1680 457 apud
1707 418 1831 447 eundem
1854 424 2018 457 auctorem,

73 463 162 498 VIII,
185 466 253 494 αδ.
279 463 361 497 VIII,
385 473 410 490 c.
424 464 453 492 6.
478 467 507 490 et
530 472 554 490 c.
568 464 597 493 9.
622 462 759 498 libratio,
792 461 868 489 libra
897 459 1027 498 aquaria.
1071 460 1113 488 De
1142 460 1351 489 librationibus
1380 471 1522 499 aquarum
1552 465 1581 490 et
1610 461 1858 499 quemadmodum
1889 463 2018 501 dioptris

75 511 126 535 aut
148 505 232 534 libris
255 505 383 544 aquariis
407 509 456 532 aut
479 503 642 533 chorobate
665 515 693 533 v.
712 503 846 533 eundem.
890 503 982 531 Porro
1007 501 1157 532 Delibrare
1181 503 1239 531 alio
1263 503 1429 541 significatu
1453 504 1597 542 accipitur
1620 503 1699 542 apud
1718 504 1829 532 Colum.
1847 504 1901 541 1V,
1927 515 1951 534 c.
1965 505 2016 537 24.

73 549 218 577 Auctores
241 549 283 576 rei
306 547 434 576 rusticae
458 557 511 585 pro
534 546 643 575 librum
667 547 772 576 tollere
794 557 844 575 seu
866 545 1058 574 decorticare.
1092 545 1133 574 De
1156 556 1214 584 quo
1237 545 1306 575 vide
1327 546 1454 574 Nonium
1478 546 1506 574 in
1529 545 1716 575 Delihratum
1740 546 1817 584 (pag.
1830 549 1880 578 62.
1906 547 2018 587 Merc.).

76 589 180 621 Goth.
211 589 353 619 Delibare
375 601 390 617 a
414 591 526 617 Graeco
548 589 665 629 λείβειν.

239 631 431 661 Delicare.
475 632 532 660 Pro
556 629 691 661 dedicare
714 636 746 660 ut
768 629 897 670 lacryma
919 640 974 669 pro
999 628 1150 670 dacryma.
1174 629 1261 659 Dac.
1308 630 1347 659 Ut.
1368 634 1397 659 et
1419 630 1497 669 apud
1521 631 1647 659 Nonium
1669 641 1725 670 pro
1749 630 1882 669 aperire,
1913 632 2017 670 expla-

73 685 145 704 nare
168 679 197 704 et
218 674 360 704 indicare.
396 673 499 704 Goth.
543 674 586 702 Cf.
610 684 684 713 quae
706 685 796 713 supra
819 672 1023 702 adnotavimus
1046 672 1081 700 ad
1107 683 1132 703 v.
1155 671 1314 701 Dedicare.

238 716 465 758 Deliquium.
511 717 572 745 Iino
597 717 665 756 quia
688 716 860 755 delinquere
883 716 962 753 apud
985 719 1099 743 veteres
1122 720 1186 743 erat
1209 715 1345 744 delicere.
1389 715 1523 743 Tubero:
1553 714 1631 743 Num
1656 713 1798 754 delinquit
1821 723 1871 744 aut
1894 724 2019 755 superest

72 758 189 800 aliquid
212 759 288 788 tibi?
324 760 441 788 Caelius
464 759 493 787 in
516 759 670 788 Historiis:
709 758 872 799 delinquere
883 758 1088 800 frumentum,·
1121 756 1291 787 Sardiniam
1314 757 1408 786 hostes
1431 765 1529 786 tenere.
1554 756 1653 786 Scal.
1698 757 1772 786 Vide
1796 757 1832 785 ad
1855 768 1882 788 v,
1905 757 2019 787 Delin-

71 814 164 842 quere.
210 802 336 832 Glossis:
370 801 541 842 Deliquium
565 801 637 831 solis
657 802 788 840 ἔκλειψις
809 798 905 840 ἡλίου.
954 799 1057 831 Goth.

238 852 485 892 Delinquere.
531 853 654 892 Proprie
683 852 802 892 deficere
831 862 912 880 more
941 851 1078 889 antiquo,
1110 855 1144 879 ut
1173 851 1214 879 ait
1243 851 1363 880 Servius
1386 851 1517 880 Tubero:
1554 849 1633 878 Num
1656 849 1799 891 ‹lc-linquit
1821 858 1872 879 aut
1893 858 2019 890 superest

72 893 189 936 aliquid
212 894 291 925 libi?
313 896 429 924 Caelius
452 896 483 923 in
507 896 661 924 Historiis:
685 894 862 935 Delinquere
875 894 1079 935 frumentum.-
1105 892 1278 922 Sardiniam
1302 893 1397 923 hostes
1419 901 1518 922 tenere.
1554 892 1626 921 Inde
1650 903 1703 931 per
1726 893 1928 931 metaphoram
1949 905 2019 932 pec—

72 949 153 974 care,
176 942 210 966 ut
232 939 357 977 exponit
374 938 494 975 Festus,
517 949 550 967 ea
574 939 725 977 linquere,
749 948 823 975 quae
847 948 905 965 non
929 941 1045 975 oportet
1066 936 1231 975 praeteriri.
1272 937 1295 964 A
1320 935 1500 976 delinquere,
1525 935 1668 971 deficere,
1693 941 1735 964 est
1757 934 1914 976 deliquium
1938 934 2018 972 solis,

70 981 140 1009 solis
163 980 307 1017 desectio,
331 985 361 1009 ut
379 991 396 1008 a
413 982 527 1009 Graeco
545 981 703 1016 ἐκλείπειν,
727 980 874 1017 ἔκλειψις,
897 978 1033 1018 Eclipsis.
1072 979 1150 1007 Male
1171 978 1263 1016 igitur
1286 979 1337 1016 qui
1361 977 1539 1018 deliquanclo
1563 989 1617 1016 pro
1641 976 1813 1018 deliquendo
1837 983 1864 1006 et
1886 976 2019 1018 deliqua-

70 1030 118 1052 ίαν
140 1033 195 1061 pro
219 1021 390 1063 delinquant
412 1023 470 1060 legi
493 1023 668 1060 voluerunt,
691 1033 869 1062 quamquam
896 1023 973 1050 idem
996 1026 1024 1050 et
1040 1021 1142 1050 Varro.
1164 1020 1254 1050 Dae.
1292 1020 1375 1050 Hinc
1397 1020 1536 1061 deliquia.
1576 1020 1649 1049 Vide
1673 1021 1850 1058 Deliquium.
1885 1020 2019 1049 Ceterum

70 1065 100 1093 id
123 1065 246 1094 deducit
270 1076 284 1093 a
308 1065 527 1104 delinquendo,
566 1066 645 1104 quod
669 1071 712 1094 est
735 1064 1017 1104 praetermittendo,
1054 1074 1145 1103 quum
1168 1063 1267 1103 potius
1289 1063 1328 1093 sit
1351 1074 1367 1092 a
1391 1063 1608 1102 delinquendo,
1638 1063 1718 1101 quod
1741 1068 1784 1091 est
1806 1074 1820 1091 a
1845 1062 2017 1092 deficiendo.

69 1107 108 1136 Et
126 1108 258 1137 Glossis:
285 1107 459 1148 Deliquium
482 1111 627 1146 μειοῦσιν.
675 1107 780 1137 Goth.

236 1158 447 1199 Deliquum.
501 1160 622 1188 Plautus
650 1159 679 1187 in
710 1159 829 1187 Casina:
876 1157 947 1187 Sine
974 1165 1068 1194 amet,
1102 1157 1163 1186 sine
1185 1156 1265 1197 quod
1294 1156 1386 1194 lubet,
1427 1156 1459 1186 id
1478 1156 1597 1198 faciet,
1637 1154 1757 1196 quando
1786 1155 1840 1186 tibi
1869 1155 1913 1185 nil
1939 1155 2020 1185 domi

69 1199 231 1241 Deliquum
263 1208 311 1230 est.
344 1202 430 1230 Ant.
452 1201 547 1240 Aug.
599 1202 795 1230 Scribendum
823 1211 875 1240 per
905 1201 926 1228 C
954 1206 1082 1239 quatuor
1111 1201 1309 1238 syllabarum,
1349 1201 1513 1229 Delicuum.
1559 1200 1589 1228 In
1620 1198 1725 1227 casina
1750 1199 1808 1235 (11,
1841 1202 1896 1235 22,
1929 1200 2019 1234 33.):

72 1242 199 1281 Quando
223 1243 267 1272 nil
288 1242 342 1272 tibi
364 1242 445 1273 domi
468 1243 611 1273 delicuum
635 1251 683 1274 est.
729 1245 911 1273 Glossarium
935 1242 1094 1272 Delicuum
1116 1243 1330 1282 interpretatur
1352 1246 1489 1282 πταῖσμα.
1517 1240 1618 1271 Scal.
1664 1242 1758 1269 Locus
1781 1241 1874 1270 Plaut.
1897 1245 1940 1269 est
1966 1241 2019 1268 Ca-

68 1286 122 1316 ain.
140 1289 177 1323 2,
200 1289 229 1317 2.
265 1284 391 1324 Quando
415 1291 467 1317 cit.
510 1287 545 1316 Id
575 1291 634 1316 est:
674 1297 741 1316 cum
765 1287 805 1315 nil
828 1287 880 1315 tibi
904 1286 983 1315 domi
1009 1286 1106 1315 minus
1125 1286 1180 1323 sit,
1217 1296 1284 1315 curn
1309 1285 1352 1314 nil
1374 1286 1428 1315 tibi
1451 1285 1532 1315 domi
1555 1284 1639 1314 desit.
1684 1284 1717 1312 In
1736 1284 1831 1312 Gloss.
1853 1284 1914 1322 lege
1938 1281 2018 1311 deli-

69 1335 155 1358 cium.
199 1328 286 1357 Dac.

231 1378 414 1409 Deiudes.
458 1380 658 1410 Glossarium:
694 1380 840 1417 miudes,
876 1379 1060 1420 μιανθέντες.
1092 1378 1194 1410 Scal.
1241 1380 1264 1409 A
1287 1379 1376 1415 tudo,
1416 1385 1450 1409 ut
1472 1384 1587 1408 veteres
1610 1378 1746 1407 dicebant
1766 1388 1822 1417 pro
1845 1376 1956 1412 tundo,
1987 1381 2019 1404 ut

63 1419 157 1462 fraga
179 1432 235 1461 pro
254 1421 386 1464 frango,
411 1421 529 1452 deludes
545 1423 701 1461 diminuti,
726 1423 848 1453 detonsi.
882 1423 978 1452 Gloss.
998 1421 1146 1459 Deinde-s,
1170 1423 1362 1462 μειωθέντες;
1387 1428 1420 1452 ut
1442 1423 1552 1462 optime
1575 1421 1655 1450 hunc
1677 1421 1775 1450 locum
1799 1419 1930 1449 correxit
1947 1419 2019 1448 Vul-

66 1464 185 1500 canius,
219 1475 285 1493 cum
310 1470 394 1494 antea
415 1465 563 1504 legeretur
585 1467 769 1505 μιανθέντες.
816 1464 974 1495 concutere
996 1470 1109 1502 autem,
1144 1473 1293 1505 percutere
1315 1471 1343 1495 et
1366 1464 1498 1495 decutere
1518 1464 1609 1494 verba
1634 1468 1704 1493 sunt
1727 1474 1742 1492 a
1765 1463 1875 1492 Latinis
1898 1463 1927 1490 in
1949 1466 2019 1490 tex-

65 1510 133 1535 tura
154 1508 281 1536 vestium
305 1512 458 1547 usurpata.
506 1507 663 1538 concutere
685 1514 714 1538 et
733 1516 881 1549 percutere
903 1513 947 1537 est
968 1506 1091 1544 κρούειν
1112 1509 1159 1536 vel
1184 1511 1325 1550 σπαθᾷν,
1362 1509 1447 1537 radio
1477 1508 1568 1536 telum
1591 1512 1759 1546 percutere,
1794 1506 1860 1534 licia
1884 1504 2019 1541 densare,

64 1548 134 1578 inde
164 1560 272 1579 coricus
300 1550 403 1578 radius
430 1551 593 1586 textorius,
630 1556 659 1580 et
690 1559 827 1581 concute-s
849 1550 896 1578 vel
916 1557 1048 1589 percutes
1070 1559 1144 1588 quas
1166 1550 1317 1591 κρουστοὶς
1339 1551 1391 1582 καὶ
1413 1549 1574 1591 σπαθητοὶς
1595 1549 1703 1579 Graeci
1724 1553 1848 1584 vocant,
1881 1547 2018 1576 densatas

67 1595 180 1629 vestes,
208 1592 283 1621 bene
304 1602 468 1631 percussas.
513 1594 646 1623 Iuvenal.
664 1595 735 1631 (ix,
755 1593 837 1630 30.):

683 1643 720 1673 Et
744 1643 812 1673 bene
832 1653 985 1684 percuvsas
1007 1642 1132 1671 textoris
1151 1643 1265 1682 pectine
1285 1642 1378 1674 Galli.

66 1691 119 1720 His
142 1697 337 1731 opponuntur
360 1691 477 1722 deiudes
500 1703 573 1732 quae
596 1699 666 1723 sunt
695 1694 835 1731 detritae,
872 1693 1059 1729 deminutae,
1096 1693 1246 1731 quomodo
1270 1699 1299 1722 et
1322 1694 1429 1724 Graeci
1455 1692 1642 1734 συγκρουστᾶ
1664 1691 1766 1733 ΐμᾶτια
1788 1693 2018 1732 interpretantur

67 1728 110 1764 ὧν
131 1732 148 1766 ο’
171 1733 281 1774 κροκός
302 1733 518 1774 ἆνατέτριπται.
565 1734 707 1766 Concutes
732 1737 790 1765 alio
813 1736 931 1765 nomine
954 1736 1064 1764 Latinis
1088 1735 1231 1764 dicuntur
1252 1735 1434 1766 Pavidenses.
1480 1736 1571 1772 Quod
1593 1736 1666 1765 bene
1686 1736 1806 1776 pavitat
1826 1736 1845 1764 i.
1868 1745 1892 1763 e.
1913 1734 2018 1774 pulsa-

65 1781 132 1814 tae,
156 1787 322 1815 percussae.
361 1778 475 1814 Quibus
499 1780 663 1808 contrariae
686 1778 859 1816 levidenses,
883 1789 957 1818 quae
980 1779 1084 1807 leviter
1108 1778 1245 1807 densatae
1269 1784 1338 1807 sunt
1362 1784 1391 1808 et
1413 1790 1474 1808 non
1497 1779 1571 1807 aliae
1594 1784 1663 1808 sunt
1686 1788 1775 1817 quam
1798 1775 1923 1808 deiude-3.
1961 1776 2018 1805 Isi-

66 1818 130 1847 dor.
152 1819 204 1849 lib.
218 1820 308 1857 XIX,
332 1830 357 1849 e.
371 1822 439 1853 23.:
470 1820 642 1851 Levidensis
663 1823 748 1851 vestis
770 1821 867 1859 dicta,
898 1820 979 1862 quod
999 1832 1066 1850 raro
1080 1819 1141 1860 filo
1164 1822 1218 1857 sit,
1245 1820 1413 1860 panidensis
1435 1822 1584 1852 contraria
1607 1819 1761 1857 levidensi,
1784 1818 1865 1860 quod
1885 1819 2016 1859 graviter

63 1872 164 1900 pressa
185 1869 272 1902 atque
293 1861 420 1892 calcata.
454 1863 529 1892 Vide
552 1864 727 1893 Salmasium
750 1865 787 1893 ad
810 1864 927 1894 Trebel.
949 1864 1114 1892 Pollionem
1137 1864 1167 1892 in
1192 1864 1223 1892 D.
1248 1864 1387 1893 Claudio.
1410 1864 1499 1894 Dac.
1530 1866 1688 1893 Detonsos.
1724 1863 1877 1892 Detonaes.
1909 1859 2013 1892 Goth.

229 1912 395 1942 Delania
405 1925 448 1944 re.
493 1913 659 1946 Dilaniare.
693 1919 716 1945 A
739 1916 822 1951 lana,
845 1915 925 1954 quod
941 1925 956 1943 a
973 1915 1087 1943 Graeco
1111 1917 1216 1951 λᾶνος,
1242 1915 1347 1944 Dorice
1369 1926 1424 1954 pro
1446 1918 1555 1953 λῆνος,
1578 1915 1653 1944 lana.
1691 1913 1763 1943 Inde
1785 1913 1898 1942 laniare
1921 1916 1950 1940 et
1970 1911 2015 1940 la-

64 1955 158 1989 nista,
180 1960 214 1983 ut
236 1956 316 1993 apud
339 1960 452 1985 veteres
473 1957 629 1986 dicebatur
650 1958 692 1995 is,
717 1959 767 1996 qui
790 1959 886 1986 lanam
911 1958 1046 1993 carebat,
1069 1957 1088 1986 i.
1105 1967 1128 1986 e.
1154 1958 1352 1992 carminabat,
1376 1960 1534 1997 carpebat,
1559 1958 1628 1987 inde
1651 1956 1749 1987 lanius
1766 1960 1794 1984 et
1811 1954 1943 1984 laniena.-
1971 1954 2014 1982 sic

64 1998 140 2027 enim
162 1997 318 2036 legendum
339 1998 370 2026 in
392 1999 492 2027 verbis
514 2000 593 2029 Festi
616 2011 671 2039 pro
695 1999 816 2030 lacinia.
841 2000 929 2029 Dae.
967 2000 1105 2030 Lacinia.
1144 2000 1279 2029 Laniena.
1327 1999 1431 2031 Goth.

229 2046 474 2088 Delapidaia.
519 2050 641 2080 Glossae
660 2050 849 2091 delapidata,
872 2049 1068 2088 λιθόστρωτα.
1103 2050 1279 2089 Delapidare
1303 2056 1347 2080 est
1370 2051 1520 2090 lapidibus
1542 2056 1683 2081 sternere·
1714 2048 1902 2086 Quandffllue
1923 2045 2011 2073 etiam

62 2089 177 2129 lapides
199 2091 333 2128 auferre,
356 2091 503 2130 lapidibus
525 2103 661 2130 purgare.
685 2093 773 2123 Dac.
814 2093 934 2134 Lapide
954 2099 1057 2122 strata.
1093 2093 1143 2121 Sic
1165 2093 1195 2121 iu
1218 2094 1236 2122 l.
1252 2097 1279 2125 1.
1303 2095 1369 2132 §.2
1394 2094 1430 2124 de
1452 2095 1500 2123 via
1524 2094 1653 2134 publica.
1701 2090 1807 2121 Goth.

227 2142 414 2170 Dextans.
459 2142 532 2170 Vide
555 2141 620 2171 Bes.
667 2144 756 2175 Dae.

225 2190 369 2221 Deluit.
413 2192 521 2230 Solvit,
544 2199 662 2232 purgat.
708 2195 804 2223 Gloss.
829 2193 944 2232 Belua,
973 2192 1176 2234 ἆπολούομαι.
1225 2193 1330 2225 Goth.

226 2241 416 2272 Dilectus.
459 2243 503 2272 Ita
526 2254 658 2283 semper,
687 2256 747 2274 nou
770 2245 922 2281 delectus,
952 2246 981 2274 in
1005 2246 1154 2274 veteribus
1179 2244 1262 2274 libris
1286 2251 1338 2276 est.
1384 2246 1433 2275 Sic
1455 2246 1485 2274 in
1509 2243 1644 2274 Pandect.
1667 2241 1784 2270 floren·
1808 2240 1896 2269 tilulo
1918 2239 1955 2268 de
1977 2249 2007 2267 re

59 2283 200 2318 militari,
229 2296 293 2324 cap.
306 2289 335 2316 4.
382 2285 424 2314 lta
448 2287 534 2314 etiam
557 2288 747 2316 scribendum
770 2293 830 2325 est,
867 2288 953 2316 titulo
977 2289 1127 2317 communi
1150 2287 1243 2317 divid.
1269 2298 1332 2328 cap.
1346 2289 1430 2324 XX.,
1461 2287 1509 2315 ubi
1532 2285 1670 2315 delictum
1694 2284 1888 2323 scripserunt.
1934 2280 2006 2309 Vide

59 2325 162 2355 Lacus
183 2325 333 2356 Lucrinus
355 2333 384 2356 et
406 2327 575 2367 Neglegens.
606 2330 690 2359 Ant.
713 2331 805 2370 Aug.
850 2331 977 2360 Militum
1005 2332 1130 2360 dilectus
1154 2331 1199 2359 vel
1223 2331 1373 2368 delectu-13
1411 2339 1478 2358 nam
1500 2327 1573 2358 haec
1597 2328 1655 2356 duo
1678 2331 1792 2356 veteres
1815 2336 1873 2355 non
1896 2323 2004 2352 distin-

60 2368 203 2406 guebant‚
235 2380 251 2397 ὅ
275 2370 410 2407 legend&
458 2371 550 2401 Varro
572 2372 671 2401 lib-V·
697 2373 769 2410 (VI,
791 2375 906 2412 p.243.
931 2374 1011 2411 Sp.):
1047 2373 1085 2402 ab
1108 2371 1228 2413 legendo
1252 2371 1327 2412 legio
1349 2380 1376 2401 et
1398 2370 1522 2411 diligens
1544 2378 1569 2400 et
1593 2369 1727 2399 delectus.
1772 2369 1845 2397 Item
1869 2366 2001 2409 dilectus,

61 2420 121 2449 quo
143 2416 288 2441 armatum
310 2412 524 2452 significamus,
557 2425 573 2443 a
598 2413 766 2455 diligendo,
804 2415 886 2454 quod
908 2426 924 2444 a
947 2414 1082 2456 legendo,
1119 2415 1189 2455 quia
1212 2425 1279 2445 eum
1301 2416 1425 2455 legimus
1447 2424 1534 2453 quem
1556 2423 1696 2442 amamus.
1741 2411 1899 2446 Utramque
1923 2414 2002 2434 voms
