2263 2668
215 172 290 207 346
639 170 983 205 COMMENTARH
1008 170 1057 203 IN
1083 170 1227 204 PAULI
1254 170 1451 206 DIACONI
1476 172 1731 206 EXCERPTA

215 265 321 294 Lucilii
342 273 460 293 versum
482 263 585 290 Festus
609 263 792 301 explanavit,
818 263 867 291 ubi
890 263 926 291 de
949 262 1057 301 puerili
1080 267 1212 293 stercore
1234 264 1377 302 loquitur.
1401 263 1488 295 Dac.
1525 264 1652 293 Videtur
1675 265 1716 293 sic
1739 263 1839 303 potius
1862 265 2003 303 legendus
2025 267 2075 296 hic
2098 278 2164 298 ver-

215 319 278 338 sus:
312 306 398 336 Haec
421 313 446 334 ie
468 303 650 342 imhabinat,
680 313 711 333 at
735 313 838 335 contra
861 313 886 334 te
908 304 1076 334 imbulbitat
1097 322 1140 327 —
1161 324 1210 335 —.
1255 307 1298 335 ltu
1320 312 1353 335 ut
1375 307 1609 345 antepenultima
1632 307 1662 336 in
1684 317 1712 336 v.
1735 305 1900 336 imbubinat
1923 310 2113 346 producatur.

377 347 568 377 Bucerum.
607 349 806 377 Glossarium:
829 347 992 385 Bucerum,
1015 348 1145 388 γέννημα
1163 347 1239 389 βιός.
1271 350 1360 387 Lege:
1384 346 1467 389 βοός.
1493 349 1595 380 Scal.
1624 350 1783 388 Eleganter
1799 350 2031 389 Luc1·et.„lib.V.
2049 352 2164 393 (864.):

747 390 967 431 Lanigeraeque
990 390 1080 420 simul
1096 390 1221 431 pecudes
1243 399 1269 420 et
1293 391 1397 421 bucera
1420 390 1507 421 secla.

216 435 252 462 Et
275 433 360 462 Ovid.
384 432 434 460 lib.
449 431 496 460 Vt.
520 431 717 471 Metamorph.
742 434 856 472 (395.):

749 475 969 515 Lanigerosque
987 487 1103 515 greges,
1136 484 1322 517 armentaque
1346 475 1450 506 bucera
1471 477 1564 517 pavit.

217 518 310 546 Gloss.
334 515 500 545 Philoxeni:
525 515 690 553 Bucerum,
714 517 844 558 γέννημα
867 517 949 557 βοός.
992 518 1082 555 Lege:
1108 518 1253 548 Bucerum
1275 518 1392 548 seclum.
1415 519 1505 549 Dac.
1536 520 1570 548 In
1592 520 1664 549 meis
1687 519 1808 557 glossis:
1831 517 1993 555 Bucerum,
2017 529 2078 548 vox
2100 520 2164 549 ine-

214 565 274 599 pta.
309 558 486 595 Buces-inae,
512 565 653 588 armenta.
683 561 719 589 Et
740 561 835 589 Nouio
859 560 1017 597 Buceriaffi
1040 561 1129 590 boum
1152 571 1264 600 greges.
1297 562 1378 597 Quid
1399 561 1529 599 Buceta,
1552 562 1615 591 dixi
1638 563 1675 591 ad
1689 563 1854 591 Varronem
1878 572 1915 590 ex
1930 562 2035 591 Gellio.
2060 559 2165 591 Goth.

377 601 542 630 Busium.
587 602 630 630 Ab
654 602 711 631 hoc
734 604 952 642 inauspicatum
975 613 1066 641 genus
1089 604 1189 633 avium
1209 603 1444 634 Ambustaneum
1468 604 1581 633 dictum
1605 605 1750 644 putarim,
1780 604 1863 644 quod
1887 605 1965 634 circa
1989 603 2075 633 busta
2095 613 2166 633 ver-

215 649 304 673 setur.
340 644 537 673 Glossarium:
566 644 807 682 4»ῖίιηὸιιείοιηιῖιιε,
831 644 909 682 εἶδος
931 643 1046 685 ὀρνέου.
1089 648 1183 684 Lego:
1212 646 1440 677 Ambustaneus.
1476 647 1515 676 Ut
1540 646 1680 677 Circanea.
1703 648 1776 679 avis.
1813 648 1928 686 Eaeque
1950 647 2167 676 Ambustaneae

215 697 284 715 aves
306 686 402 715 dictae
424 687 577 723 videntur,
615 698 689 726 quae
710 689 746 717 de
768 689 853 717 busto
876 699 928 718 seu
950 699 1022 726 rogo
1046 689 1159 728 aliquid
1189 690 1217 717 in
1248 694 1325 718 tecta
1353 689 1526 718 deferebant
1553 695 1582 718 et
1609 691 1780 720 incendium
1809 689 2036 728 portendebant.
2081 689 2167 718 Unde

215 729 412 758 incendiariae
435 740 503 758 aves
526 730 555 758 in
579 732 711 768 augurali
736 732 901 770 disciplina.
946 732 1067 761 Servius
1090 734 1122 760 in
1144 733 1341 770 Fragmentis:
1380 731 1459 761 Sane
1482 731 1573 770 bubo,
1605 734 1631 762 si
1653 734 1735 762 cuius
1755 731 1841 761 aedes
1862 731 1997 761 insederit
2019 739 2045 760 et
2067 742 2166 761 vocem

215 773 339 808 miserit,
377 779 495 800 mortem
526 773 692 812 significare
719 773 837 805 dicitur.
883 773 918 803 Si
945 782 1040 803 autem
1064 774 1099 803 cle
1124 774 1206 803 busto
1229 773 1329 804 sudem
1350 773 1391 803 acl
1414 782 1519 804 tectum
1542 774 1691 813 detulerit,
1728 774 1883 804 incendam
1905 773 2025 803 aedibus
2045 781 2166 814 porten-

216 813 288 842 dere.
322 815 401 849 Quin
423 815 544 843 eandem
569 816 790 854 Spinturnicem
813 817 903 845 fuisse
924 827 991 845 cum
1012 817 1208 853 incendiaria,
1232 827 1293 845 non
1315 817 1428 846 dubito.
1465 818 1578 847 Graeco
1603 820 1679 847 enim
1701 818 1820 847 nomine
1843 818 1923 846 dicta
1945 821 1990 846 est
2011 813 2093 856 παρὰ
2114 814 2168 847 τὸν

216 858 386 895 σπινθῆρα,
420 858 501 895 quod
526 859 682 888 carbonem
707 870 743 888 ex
768 870 840 897 rogo
865 864 916 888 aut
942 870 979 888 ex
1000 859 1086 889 altari
1109 861 1140 889 in
1162 860 1249 888 aedes
1272 860 1404 889 inferret.
1449 858 1593 900 Σπινθὴρ
1617 866 1659 889 est
1680 863 1819 889 strictura
1841 860 1927 898 ignis.
1970 859 2072 898 Neque
2093 869 2166 887 vero

214 899 526 938 praetermittendum,
550 901 631 939 quod
655 902 690 931 de
711 902 829 930 Usu-ina
852 902 901 931 hic
925 902 1052 939 dicitur,
1075 908 1243 942 separatam
1265 903 1426 941 aliquando
1449 914 1466 932 a
1487 904 1644 942 sepulcro,
1669 903 1830 942 aliquando
1853 903 2044 932 coniunctam
2066 901 2166 931 fuisse.

215 942 283 970 Ideo
307 941 363 970 hoc
387 943 547 971 cavebatur
569 954 584 971 a
609 945 767 973 veteribus.
814 945 892 980 Quin
917 950 945 973 et
967 945 1016 973 lex
1040 946 1227 974 monimentis
1250 946 1477 984 applicabatur,
1503 951 1536 974 ut
1557 946 1630 975 licet
1651 951 1753 975 notare
1774 947 1806 974 in
1828 945 1958 983 antiquis
1980 944 2097 973 duobus
2119 954 2167 972 sa-

214 985 262 1012 xis
287 985 408 1013 Romae:
438 984 554 1017 HUIG.
578 986 864 1017 MONIMENTO.
895 986 1138 1017 USTRINUM.
1163 987 1413 1019 APPLICARI.
1436 987 1537 1018 NON.
1560 988 1700 1019 LICET.
1745 989 1835 1017 Item:
1863 988 1937 1017 AD.
1959 985 2057 1016 HOC.
2081 984 2167 1016 MO-

215 1026 472 1056 NIMENTUM.
501 1027 745 1059 USTRINUM.
769 1029 1022 1060 APPLICARI.
1046 1029 1146 1059 NON.
1169 1029 1307 1060 LICET.
1353 1031 1445 1060 Vetus
1470 1031 1669 1060 Glossarium:
1698 1031 1836 1068 Usu-ina,
1857 1028 2000 1071 πυρκαϊά.
2037 1029 2167 1066 Usu-ina,

215 1067 348 1108 καύστρα
371 1072 493 1109 νεκρῶν.
528 1072 623 1100 Servii
647 1073 833 1109 Fragmenta:
861 1073 1036 1112 Apparatus
1058 1081 1236 1102 mortuorum
1250 1072 1349 1114 funus
1372 1072 1433 1103 dici
1455 1072 1546 1113 sole13
1574 1075 1736 1103 exstructio
1759 1073 1921 1113 lignorum,
1947 1084 2048 1112 rogus5
2070 1070 2167 1100 subie-

215 1113 273 1141 ctio
297 1113 373 1151 ignis
392 1124 481 1153 pyra3
519 1116 658 1143 crematio
683 1114 833 1144 cadaveris
856 1115 986 1152 bustum,-
1026 1114 1123 1152 locus,
1154 1116 1282 1153 ustrina,
1316 1117 1410 1156 operis
1433 1117 1628 1154 constructio,
1658 1115 1841 1156 sepulcrum,·
1870 1117 2042 1155 inscriptum
2065 1124 2168 1142 nomen

214 1156 425 1195 memoriaque,
448 1156 665 1186 monimentum.
700 1158 841 1186 Publicae
864 1163 961 1186 autem
987 1158 1120 1186 ustrinae
1140 1163 1223 1187 erant
1244 1159 1274 1186 in
1298 1159 1454 1197 exquiliis,
1477 1159 1576 1198 inquit
1600 1161 1688 1188 Acro.
1713 1158 1812 1189 ScaZ.
1850 1158 1984 1187 Bustum.
2014 1157 2092 1185 Area
2113 1155 2168 1184 soli

214 1196 244 1224 in
268 1207 325 1235 qua
348 1208 459 1236 corpus
483 1203 632 1228 crematur
655 1204 682 1227 et
703 1201 858 1239 sepelitur,
899 1200 977 1229 unde
1007 1205 1034 1229 et
1063 1201 1149 1229 bu>ta
1173 1202 1243 1229 olim
1266 1202 1404 1240 sepulcra
1427 1201 1507 1230 dicta
1530 1206 1608 1232 sunt.
1653 1202 1728 1231 Vide
1750 1202 1830 1230 infra
1853 1202 1885 1230 in
1907 1198 2083 1240 sepulcrum.
2127 1199 2168 1227 Et

217 1240 319 1268 Cicero
342 1241 374 1268 in
395 1241 431 1268 Π.
456 1240 491 1268 de
514 1241 624 1277 legibus
649 1241 727 1282 (cap.
742 1243 849 1272 XXVI.
868 1243 917 1271 ubi
941 1243 1008 1272 vide
1027 1243 1144 1280 Goer.):
1167 1255 1261 1283 poena
1284 1252 1325 1272 est
1346 1245 1373 1273 si
1394 1245 1458 1284 quis
1482 1243 1613 1280 bustum,
1636 1244 1692 1273 hoc
1714 1251 1754 1272 est
1777 1243 1910 1285 rymbon,
1934 1250 1985 1271 aut
2006 1241 2168 1271 monimen—

216 1289 276 1310 tum
298 1281 425 1313 violarit.
458 1283 569 1320 Locus,
592 1284 645 1313 ubi
668 1296 794 1325 corpora
818 1286 970 1314 combusta
993 1290 1061 1314 sunt
1084 1296 1138 1314 nec
1161 1287 1291 1324 sepulta,
1316 1287 1427 1315 ustrina
1451 1287 1570 1316 dicitur.
1599 1287 1680 1327 Pyra
1703 1287 1852 1324 lignorum
1876 1285 2034 1324 congeries.
2064 1282 2169 1322 Rogas

216 1329 275 1361 est,
299 1334 366 1353 cum
389 1326 445 1354 iam
470 1326 574 1355 ardere
597 1328 703 1366 coepit.
741 1329 841 1366 virgil.
867 1327 951 1369 (Aen.
966 1329 1024 1365 XI,
1052 1330 1152 1366 185.):
1179 1327 1355 1358 Constituere
1374 1340 1462 1368 pyras
1484 1346 1525 1350 ——-
1547 1346 1589 1350 —
1615 1330 1670 1358 Ter
1694 1330 1803 1358 circum
1827 1339 1965 1358 accensos
1988 1327 2079 1357 cincti
2095 1324 2168 1366 sul-

213 1366 347 1406 gerziibus
369 1369 460 1397 armis
483 1369 640 1398 Decurrere
662 1381 757 1409 rogos.
804 1370 1027 1399 Monumentum
1052 1375 1095 1399 est
1117 1371 1235 1410 lapidea
1258 1376 1409 1400 structura
1432 1372 1573 1410 sepulcro
1596 1371 1750 1410 imposita,
1791 1371 1839 1400 cui
1862 1371 1899 1399 ad
1922 1369 2093 1398 memoriam
2116 1367 2167 1396 de-

216 1411 325 1438 mortui
348 1411 500 1450 quidpiam
525 1411 752 1443 inscribebatur.
778 1414 838 1442 Cic.
854 1414 872 1442 l.
896 1413 1016 1442 'sus-cul.
1041 1415 1118 1452 (cap.
1134 1414 1208 1451 14.).
1235 1414 1424 1442 monumenta
1447 1415 1655 1453 sepulcrorum
1679 1423 1716 1442 ex
1739 1414 1853 1452 vulgari
1874 1413 1988 1442 scilicet
2009 1421 2093 1447 saxo,
2117 1414 2168 1438 aut

217 1462 254 1481 ex
275 1463 436 1489 marmore,
461 1454 569 1492 quibus
592 1455 795 1484 inciderentur
818 1456 919 1484 laudes
943 1456 1110 1493 demortui,
1134 1461 1166 1485 ut
1189 1461 1406 1494 propagaretur
1429 1457 1491 1485 eius
1513 1457 1662 1486 memoria.
1691 1456 1776 1485 Dae.
1818 1456 1946 1485 Ustrina.
1987 1455 2026 1483 Ea
2049 1462 2166 1492 separa-

215 1494 303 1524 batur
325 1497 499 1535 plerumque
523 1507 538 1525 a
561 1499 717 1536 sepulcl'0‚
750 1499 840 1537 idque
863 1499 994 1537 sepulcri
1018 1499 1144 1527 tabellae
1166 1499 1349 1530 indicabant.
1399 1498 1501 1528 Galli.

386 1538 508 1568 Buteo,
553 1541 714 1579 Accipitris
738 1552 838 1580 genus.
873 1543 954 1577 Quae
978 1541 1131 1579 subiungit
1148 1542 1267 1578 Festus,
1291 1552 1323 1570 ea
1345 1542 1453 1570 refellit
1469 1542 1598 1570 Vossius.
1636 1542 1709 1570 Nam
1733 1551 1801 1569 cum
1824 1540 1887 1569 avis
1909 1539 2096 1569 timidissima
2119 1537 2166 1573 sit,

219 1590 284 1608 cum
308 1581 452 1620 accipitre
477 1583 615 1620 congredi
638 1594 697 1611 non
721 1586 825 1616 andet;
862 1584 971 1612 nedum
994 1584 1038 1612 illi
1062 1584 1158 1612 cibum
1183 1584 1303 1622 eripiat,
1340 1594 1396 1612 nec
1418 1584 1566 1613 vastitatis
1587 1586 1688 1613 'caussa
1713 1588 1772 1621 est,
1808 1593 1876 1611 cum
1898 1584 1937 1611 sit
1957 1582 2028 1610 boni
2051 1580 2167 1616 ominis,

218 1627 249 1650 ut
272 1628 351 1661 patet
375 1635 411 1652 ex
435 1624 547 1661 Plinio,
581 1626 630 1663 qui
655 1631 683 1654 et
707 1627 846 1655 familiam
870 1637 905 1654 ex
931 1637 964 1655 co
989 1627 1225 1664 cognominatam
1248 1627 1337 1663 dicit,
1366 1637 1434 1654 cum
1456 1637 1600 1666 prospero
1623 1626 1759 1665 auspicio
1782 1625 1867 1654 ducis
1890 1625 1922 1654 in
1944 1625 2013 1653 navi
2037 1623 2168 1652 sedisset.

218 1664 306 1695 Dac.
338 1666 411 1695 Vide
434 1677 524 1705 supra
547 1668 654 1697 Alites.
705 1668 807 1698 Goth.

382 1708 561 1739 Buccina.
606 1712 694 1749 Lege:
728 1709 833 1740 Graeci
854 1709 1005 1739 Bucanen.
1037 1709 1141 1739 Scal.
1186 1710 1211 1739 A
1233 1711 1346 1740 Graeco
1369 1708 1502 1751 ssvnoirrl,
1531 1716 1564 1740 ut
1590 1712 1698 1749 optime
1721 1710 1853 1740 correxit
1875 1710 2022 1748 Scaliger,
2046 1720 2060 1737 a
2083 1707 2169 1737 simi—-

221 1748 344 1779 litudine
368 1752 448 1788 soni,
480 1752 548 1790 quia
573 1752 643 1790 ὄοιι,
670 1753 726 1783 hou
751 1754 844 1790 canit,
878 1758 909 1781 ut
932 1753 1022 1782 sentit
1045 1754 1133 1782 etiarn
1156 1753 1251 1782 Varro
1274 1754 1385 1784 lib.1V.
1408 1754 1444 1782 de
1467 1754 1499 1782 L.
1522 1754 1553 1783 L.
1598 1755 1694 1783 Etiam
1716 1754 1894 1783 buccinator
1917 1764 1932 1780 a
1958 1753 2040 1781 vocis
2061 1750 2169 1780 simili-

221 1792 321 1820 tudine
344 1798 371 1821 et
394 1799 481 1822 cantu
506 1795 623 1825 dicitur.
650 1796 735 1826 Dac.
776 1795 961 1825 Buclzianon.
996 1796 1053 1824 Alii
1075 1795 1209 1833 Buclzia,
1233 1796 1282 1824 alii
1305 1796 1455 1825 Rucanen.
1502 1795 1606 1825 Goth.

384 1835 582 1867 Bulimam.
628 1839 701 1877 [iege
724 1838 886 1868 Bulimum.
932 1839 992 1876 Ego
1021 1838 1052 1867 id
1083 1836 1185 1875 πάθος
1212 1838 1331 1868 invenio
1354 1839 1514 1867 Furcillam
1537 1839 1664 1875 dictum,
1701 1850 1716 1868 a
1740 1843 1839 1868 vetere
1863 1838 2023 1867 collectore
2046 1836 2168 1864 Glossa-

225 1883 297 1920 rum.
328 1876 474 1914 Furcilffl,
498 1878 657 1919 βούλιμος,
682 1878 696 1911 ὁ
720 1882 808 1922 μέγας
830 1877 923 1920 λιμός.
951 1882 985 1909 In
1008 1881 1139 1910 Isidoro:
1166 1880 1313 1919 Camilla,
1337 1880 1486 1921 oppilago.
1516 1882 1551 1910 Et
1575 1886 1692 1911 contra:
1721 1879 1888 1921 Ορρὶἷαςο,
1911 1879 2046 1910 curcilla.
2079 1877 2169 1915 Quod

225 1920 263 1942 ³st
286 1916 320 1944 de
343 1921 486 1955 particula
510 1925 593 1961 βου,
621 1925 745 1952 miratus
769 1935 833 1953 sum
857 1935 870 1951 a
893 1924 1057 1952 Iustiniano
1080 1925 1261 1963 imperatore
1284 1924 1480 1964 βουπόνηρον
1504 1925 1701 1963 compositum
1726 1935 1798 1953 esse.
1834 1923 1959 1952 Novella
1981 1922 2030 1952 VI.
2051 1917 2169 1962 βουπό-

225 1969 318 1995 νηρον
340 1962 470 2002 πορξίαν.
517 1965 607 1994 Porro
631 1966 781 2006 βούπαιδα
805 1967 963 2003 dicebant,
992 1977 1079 2005 quem
1104 1967 1199 1996 Latini
1225 1965 1434 1996 Catulastrum.
1479 1967 1677 1996 Glossarium:
1713 1965 1891 2003 Catulusier,
1915 1963 2055 2005 βούπαις.
2087 1964 2169 1993 Aliae

227 2000 360 2047 Glossae:
386 2002 557 2042 (laudarer,
582 2019 675 2047 pupa,
698 2010 829 2048 pupula,
854 2008 975 2048 πάλληξ.
1018 2008 1202 2039 Catulastros
1225 2014 1310 2038 vetus
1334 2014 1376 2037 est
1400 2009 1485 2038 lectio
1509 2010 1590 2048 apud
1615 2011 1782 2039 Vitruvium
1806 2009 1882 2038 libro
1902 2008 1986 2045 Vlll,
2006 2008 2036 2039 4.
2079 2006 2170 2042 Quod

226 2053 240 2069 a
266 2042 350 2091 nobis
379 2043 534 2076 admodum
565 2052 798 2081 adolescentibus
828 2052 899 2080 olim
929 2053 1166 2081 animadversum
1196 2052 1260 2082 fuit.
1292 2050 1394 2081 Scal.
1441 2053 1562 2090 Coriige
1589 2063 1656 2081 cuin
1681 2054 1828 2090 scaligero
1852 2050 2018 2086 Bulimum,
2057 2050 2169 2078 Graece

225 2085 384 2134 fionhpeoq,
420 2090 600 2135 alparticula
625 2094 758 2131 epitatica
782 2096 868 2134 βου,
904 2105 917 2122 a
941 2095 1027 2124 bovis
1050 2095 1265 2134 magnitudine,
1295 2095 1375 2123 unde
1397 2096 1554 2135 βουλιμία,
1587 2092 1750 2136 βούπεινα,
1778 2092 1939 2135 βούγαιος,
1967 2090 2166 2133 βούγλωσσος,

226 2129 374 2165 βουπαις,
394 2129 559 2171 Ὗβουσυκον.
604 2136 640 2163 Et.
662 2137 716 2164 alia
740 2138 841 2166 multu.
885 2137 939 2165 Da
950 2149 976 2167 c.

256 2207 262 2215 β
388 2168 576 2203 Bubleum.
621 2176 766 2207 Theocrit.
791 2180 899 2218 Eidyll.
913 2180 992 2209 XIV.
1023 2179 1141 2218 Byblini
1165 2179 1226 2208 vini
1249 2179 1321 2208 facit
1342 2179 1531 2210 mentionem.
1554 2180 1641 2210 Ant.
1663 2180 1756 2220 Aug.
1792 2181 1828 2209 Et
1852 2177 2022 2208 Buhlinum.
2057 2177 2168 2206 Graece

226 2211 378 2250 βυβλινος.
412 2212 537 2244 Theocr.
560 2216 644 2255 Idyll.
669 2218 764 2258 (XIV,
791 2224 868 2260 15,);

842 2280 884 2285 —
903 2280 945 2285 —
966 2281 1008 2286 —
1032 2282 1069 2285 —-
1091 2261 1203 2306 Ἀνῷξα
1226 2262 1258 2295 δὲ
1278 2261 1426 2305 βύβλινον
1448 2261 1550 2300 αὐτοῖς

384 2336 401 2343 ..
460 2339 465 2345 .
841 2303 952 2345 Εύώδη
974 2305 1103 2345 τετόρων
1125 2307 1223 2337 εἰεέων.

230 2334 316 2365 Dae.
344 2336 402 2365 Aln
429 2337 597 2378 Biblinum,-
620 2340 784 2382 βεύβλινος.
806 2347 923 2376 llcsiod.
949 2349 1037 2387 (Opp
1058 2350 1090 2377 D.
1107 2348 1194 2389 539.)
1219 2348 1324 2379 Goth.
1361 2349 1402 2377 De
1426 2348 1639 2387 orthographia
1664 2348 1731 2377 vide
1753 2348 1884 2387 interpp.
1907 2346 1946 2376 ad
1966 2345 2089 2375 Theocr.
2110 2343 2166 2372 l.c.

227 2418 242 2429 Η
391 2377 642 2421 Bucephalus.
687 2385 795 2414 Contra
818 2389 933 2418 Festum
957 2391 1135 2419 Scholiastes
1154 2391 1360 2430 Aristophanis
1383 2390 1432 2431 (ad
1452 2391 1647 2431 munem),
1672 2388 1707 2421 οὐ
1731 2388 1803 2430 γάρ,
1825 2389 1936 2428 inquit,
1959 2383 2166 2428 βουκεφᾶλους

229 2431 340 2456 ιππθυς
360 2424 510 2463 καλοῦμεν
533 2423 581 2455 διὰ
605 2424 636 2457 τὸ
659 2425 782 2468 μορφήν
804 2428 944 2470 τοιαύτην
967 2429 1076 2469 αὐτοὺς
1099 2433 1186 2472 ἔχειν,
1221 2430 1294 2463 ἀλλὰ
1317 2432 1366 2464 διοὶ
1387 2433 1419 2465 τὸ
1446 2432 1542 2471 οὕτως
1571 2429 1802 2474 ἐγκεχαράχθαι,
1839 2429 1881 2468 ὦς
1902 2430 1952 2461 καὶ
1972 2426 2165 2468 Ἀλεξάνδρου
