2263 2668
403 215 475 249 180
1025 212 1164 245 SEXTI
1190 212 1387 247 POMPEII
1416 213 1556 248 FESTI

268 316 374 341 ·f.rem·1
402 309 469 340 sive
501 305 592 349 quod
628 305 833 338 columbaria
862 305 895 338 in
922 317 1006 339 nave
1029 307 1242 351 appellantur
1270 321 1327 349 ea,
1377 308 1496 351 quibus
1523 319 1592 341 rem
1619 308 1813 353 geminent*
1835 309 1901 342 sive
1927 312 2019 354 quod
2047 313 2179 346 colum—

262 350 374 375 emicant.
401 359 568 391 bariorum
595 362 747 399 quaestus
773 358 964 391 temerarius
989 357 1206 402 incertusque.
1260 360 1506 392 Nassiterna
1534 365 1581 392 est
1607 371 1712 404 genus
1738 360 1821 392 vasis
1847 363 1960 404 aquari
1987 366 2106 406 ansati,
2147 371 2180 399 et

401 409 559 453 patentiS,
598 409 698 452 quale
726 414 773 441 est
800 421 866 452 quo
896 409 972 453 equi
998 410 1157 454 perfundi
1185 411 1300 443 solent.
1354 411 1492 444 Plautus
1520 412 1553 443 in
1573 411 1823 445 Bacchidibus:

240 474 378 508 ·f.Ecquis
501 459 609 493 haec
633 460 754 503 quis*
775 466 927 494 evocat
954 472 1044 495 cum
1071 462 1325 503 nassiterna,
1355 468 1510 500 etcum
1540 474 1644 506 aqua
1671 465 1799 496 istum
1827 464 2178 508 impurissimum?

399 518 430 544 et
457 513 489 544 in
516 512 730 544 Nervolaria:

500 564 658 606 Ecquis
685 563 767 597 huc
795 563 927 596 effert
955 564 1234 597 nassiternam
1263 577 1356 598 cum
1385 577 1491 608 aqua
1517 566 1607 599 sine
1634 566 1876 610 suffragio?

398 619 431 647 et
458 613 543 647 Cato
570 615 602 647 in
622 626 660 647 ea
687 615 853 655 oratione,
881 627 981 658 quam
1003 616 1190 660 composuit
1217 616 1249 647 in
1278 616 1320 657 Q.
1346 617 1551 662 Sulpicium:
1580 617 1762 658 Quoties
1790 617 1879 649 vidi
1905 619 2063 653 truilos
2089 631 2177 652 nas-

227 667 587 707 ·t'.pertusossiternas
615 667 838 710 perfusos*
871 667 1041 710 aqualis
1076 668 1272 700 matellas
1300 668 1386 701 sine
1420 669 1534 701 ansis.
1588 670 1715 701 Nassa
1751 674 1798 702 est
1832 669 2049 714 piscatoria**
2078 671 2177 714 vasi†

243 710 380 769 ''s‘tg‘jssica‘
399 729 523 762 genus,
558 729 624 760 quo
659 729 735 751 cum
758 718 888 750 intravit
921 718 1035 762 piscis,
1086 720 1173 752 exire
1210 731 1276 751 non
1308 725 1417 763 potest
1455 721 1609 753 Plautus:

249 778 372 808 †t·.vasis
500 770 730 813 Numquam
762 769 944 803 hercule
979 781 1026 803 ex
1057 770 1137 803 ista
1171 782 1289 804 nassa
1317 771 1449 804 hodie
1477 783 1555 816 ego
1596 783 1733 806 escam
1762 776 1911 815 petam.

562 821 753 865 Napuras
781 822 964 863 nectito,
1005 831 1081 854 cum
1109 822 1189 855 dixit
1213 822 1383 864 Pontifex,
1417 823 1554 856 funiculi
1582 835 1620 855 ex
1649 824 1832 855 stramentis
1859 823 1950 855 fiunt.
2004 823 2175 856 Nausti—

225 871 536 904 ‘t'.videlicetbulum
562 873 728 905 vocabant
754 873 878 916 antiqui
908 885 963 905 vas
991 874 1074 906 alvei
1101 874 1205 906 simile
1232 873 1333 906 vide*
1355 887 1374 906 a
1402 875 1491 908 navis
1518 875 1739 909 similitudine.
1798 875 1933 907 Navia
1967 878 2014 906 est
2041 885 2106 907 uno
2135 875 2176 907 li-

394 934 463 967 gno
491 924 667 968 exculpto,
709 929 743 957 ut
769 925 875 966 navis,
916 936 982 968 quo
1010 930 1142 958 utuntur
1169 926 1264 958 alveo
1292 926 1326 958 in
1353 926 1529 958 vindemia.
1557 927 1639 959 ficus
1667 934 1802 970 quoque
1829 927 1862 958 in
1890 926 2025 959 comitio
2053 925 2175 970 appel-

394 974 482 1007 latur
507 976 612 1007 Navia
636 976 678 1008 ab
705 977 798 1008 Attio
826 976 934 1008 Navio
963 988 1099 1021 augure.
1153 978 1239 1009 Nam
1263 989 1339 1011 cum
1367 978 1566 1021 Tarquinius
1589 978 1720 1012 Priscus
1746 977 1905 1010 institutas
1932 977 2034 1009 tribus
2061 990 2080 1009 a
2101 978 2175 1010 Ro-

395 1026 487 1058 mulo
517 1032 642 1060 mutare
671 1028 786 1067 vellet,
814 1028 1102 1072 deterrereturque
1129 1028 1171 1061 ab
1192 1029 1285 1061 Attio
1312 1040 1375 1073 per
1401 1030 1594 1074 augurium,
1623 1034 1658 1062 ut
1686 1029 1837 1062 eluderet
1864 1030 1931 1061 eius
1952 1029 2174 1072 prudentiam,

273 1085 306 1110 Ὗ.
325 1084 368 1110 ille
395 1077 610 1123 interrogavit
637 1090 731 1120 eum,
772 1091 813 1111 an
841 1079 910 1112 fieri
938 1080 1040 1124 possit
1066 1080 1119 1120 id,
1160 1080 1252 1123 quod
1279 1081 1388 1113 animo
1415 1083 1644 1126 proposuisset
1671 1092 1748 1119 suo;
1783 1081 1836 1114 cui
1860 1080 1945 1112 illo*
1964 1081 2174 1125 permittente

396 1130 536 1173 augurio
552 1142 627 1164 cum
651 1131 874 1174 respondisset
901 1131 990 1165 effici
1016 1143 1128 1176 posse3
1158 1132 1247 1164 iussit
1266 1132 1341 1165 Rex
1356 1137 1483 1174 cotem,
1511 1145 1550 1167 ac
1568 1130 1588 1182 Η
1603 1133 1799 1166 novaculam
1823 1131 1978 1178 proferri
1998 1143 2068 1177 qua
2092 1130 2172 1177 [18]

392 1181 550 1225 prolata,
566 1182 805 1226 interrogalus
832 1194 953 1227 augur
980 1195 1021 1215 an
1048 1194 1104 1216 cos
1130 1183 1188 1216 illa
1210 1188 1330 1228 posset
1350 1185 1530 1229 praecidi,
1553 1185 1855 1230 respondissetque
1873 1195 1998 1229 possm
2021 1194 2174 1217 novacu-

396 1232 463 1264 lam
497 1233 604 1265 subito
634 1234 824 1278 praecidit.
861 1245 926 1279 quo
950 1234 1058 1280 sacto
1091 1236 1210 1268 statim
1236 1235 1392 1269 Navium
1428 1248 1468 1269 ex
1496 1248 1552 1279 eo,
1600 1236 1787 1280 Tarquinio
1820 1235 1907 1268 nihil
1939 1246 2024 1268 auso
2051 1238 2174 1268 contra

396 1284 548 1328 amplius
565 1284 708 1329 fucere,
736 1286 941 1318 novaculam
967 1287 1066 1319 illam
1095 1298 1139 1319 ac
1166 1290 1276 1319 cotem
1302 1287 1365 1320 sub
1393 1288 1506 1321 locum
1534 1293 1782 1328 consecratum,
1810 1287 1933 1319 defodi
1958 1286 2115 1324 iussisse3
2142 1290 2175 1318 et

382 1334 501 1381 ficum
529 1335 574 1368 ab
602 1347 641 1369 eo
666 1341 784 1370 satam
810 1337 857 1370 ibi
884 1349 954 1370 esse
980 1338 1063 1370 intra
1089 1338 1128 1371 id
1153 1339 1306 1383 spatium
1333 1339 1417 1380 loci,
1464 1341 1523 1384 qui
1550 1343 1726 1373 contentus
1738 1338 1822 1385 fine
1848 1349 1942 1371 sacro
1969 1338 2025 1376 sit;
2075 1348 2172 1370 eam-

395 1398 461 1431 que
483 1388 513 1420 si
540 1388 680 1432 qucmdo
708 1399 871 1422 arescere
897 1390 1117 1434 contigisset,
1157 1390 1300 1432 subseri,
1340 1391 1492 1436 sumique
1519 1403 1563 1424 esc
1589 1403 1633 1423 ca
1659 1390 1817 1423 surculos
1843 1390 1989 1422 iussisse.
2021 1400 2087 1433 quo
2103 1388 2173 1433 fu—

396 1443 468 1479 cto,
495 1444 602 1471 tantos
625 1440 718 1473 intra
744 1441 911 1485 temporis
938 1445 1089 1482 tructus,
1118 1452 1195 1474 curn
1224 1442 1320 1474 uliae
1345 1442 1379 1474 in
1403 1454 1442 1475 eo
1466 1443 1544 1477 loeo
1567 1443 1764 1486 complures
1779 1440 1880 1487 ficus
1901 1443 2029 1473 enatae
2051 1443 2172 1481 essent,

394 1493 499 1534 atque
526 1502 592 1524 eae
618 1493 750 1524 evulsae
777 1492 904 1526 deinde
932 1494 977 1525 (le
1002 1503 1106 1526 sacro
1134 1493 1193 1525 illo
1221 1493 1296 1526 loco
1323 1494 1496 1527 radicitus
1521 1497 1796 1527 removerentur:
1829 1503 1946 1525 omnes
1972 1502 2063 1536 quae
2089 1490 2173 1524 inibi

392 1544 474 1574 tunc
500 1543 666 1588 temporis
693 1548 801 1581 erant,
845 1544 947 1577 ficum
973 1548 1120 1589 praeter
1146 1555 1252 1577 unum
1280 1545 1396 1586 illam,
1445 1546 1574 1578 eiectas
1590 1545 1720 1590 juisse,
1764 1544 1938 1576 admonitu
1954 1542 2091 1588 fatali,
2129 1553 2174 1575 ac

392 1593 485 1626 iussu
513 1594 546 1626 in
569 1595 697 1639 primis
724 1596 942 1639 aruspicum,
983 1601 1015 1628 et
1043 1596 1164 1628 divinis
1191 1597 1295 1628 etium
1323 1598 1497 1641 responsis
1518 1595 1801 1642 promittentibus
1827 1594 1984 1640 quandiu
2011 1605 2055 1627 ea
2079 1593 2173 1627 vive-

392 1649 458 1685 ret,
505 1645 701 1679 libertatem.
723 1647 849 1691 populi
875 1647 919 1680 R.
947 1647 1153 1680 incolumem
1180 1658 1393 1689 mansuram,
1443 1649 1588 1692 ideoque
1616 1649 1682 1682 coli
1710 1651 1743 1680 et
1767 1645 1902 1680 subseri
1929 1657 1973 1679 ex
1998 1645 2058 1678 illo
2084 1648 2172 1678 tem-

389 1707 478 1740 pore
504 1701 675 1742 coeptam.
729 1699 907 1731 Nauscit
939 1710 1015 1731 cum
1043 1710 1187 1743 granum
1204 1698 1324 1744 sabae
1349 1710 1387 1732 se
1413 1701 1529 1744 aperit
1554 1699 1725 1733 nascendi
1750 1698 1874 1743 gratia,
1921 1696 2013 1741 quod
2041 1708 2106 1729 non
2133 1697 2173 1729 sit

391 1747 556 1781 dissimile
580 1749 681 1782 navis
697 1749 857 1794 formae.
916 1750 1101 1783 Navitas
1136 1751 1317 1783 secundum
1346 1751 1580 1797 incorruptam
1607 1750 1888 1785 consuetudinem
1915 1749 2044 1789 dictos,
2088 1759 2172 1792 quos

391 1810 478 1833 nunc
505 1811 565 1833 nos
590 1805 719 1834 nautas
746 1802 911 1842 dicimus,
938 1802 1034 1834 testis
1061 1807 1112 1835 est
1135 1801 1220 1835 Cato
1246 1802 1279 1834 in
1306 1814 1363 1844 ea,
1391 1814 1491 1846 quam
1513 1804 1664 1848 scripsit,
1693 1814 1771 1836 cum
1793 1802 1828 1834 in
1847 1800 2061 1846 Hispaniam
2083 1810 2171 1845 pro—

381 1849 616 1895 ficisceretur,
644 1864 719 1886 cum
748 1854 808 1885 ait:
836 1854 964 1885 navitae
990 1854 1083 1898 quod
1109 1865 1226 1886 secum
1248 1858 1483 1898 portaverant
1509 1855 1621 1888 vinum
1648 1860 1748 1898 atque
1775 1853 1906 1893 oleum,
1933 1863 2015 1885 usus
2036 1855 2171 1884 tantum

396 1912 433 1933 eo
466 1914 552 1935 sum.
611 1904 829 1937 Naevium
863 1905 1022 1937 silvam
1056 1905 1233 1938 vocitatam
1269 1911 1360 1938 extra
1393 1905 1514 1939 urbem
1549 1907 1600 1940 ad
1632 1906 1823 1939 miliarium
1857 1908 2038 1949 quartum,
2077 1902 2171 1946 quod

395 1952 510 1986 Naevii
537 1955 723 1988 cuinsdum
749 1956 797 1989 ibi
831 1956 955 1989 domus
976 1956 1111 2001 fuerit,
1165 1969 1188 1989 a
1224 1968 1290 2002 quo
1324 1969 1462 1990 nemora
1496 1955 1647 1991 Naevia1
1686 1957 1869 2002 appellata
1906 1955 2013 1988 etiam
2042 1953 2170 1999 fuisse,

402 2001 541 2037 Ter-rius
568 2007 628 2040 ait:
664 2019 764 2051 quam
792 2008 967 2052 obprobrii
993 2008 1072 2042 loco
1099 2007 1201 2041 obiici
1228 2008 1274 2041 ab
1301 2010 1452 2054 antiquis
1477 2010 1606 2051 solere,
1634 2009 1725 2053 quod
1753 2009 1786 2041 in
1813 2019 1853 2040 ea
1879 2006 2002 2039 morari
2029 2006 2169 2039 adsues—

395 2057 468 2084 sent
490 2057 624 2098 perditi
649 2070 694 2091 ac
720 2070 871 2104 nequam
897 2060 1063 2102 homines,
1108 2060 1196 2092 testis
1222 2065 1270 2093 est
1295 2060 1347 2096 M.
1371 2060 1456 2094 Cato
1483 2061 1517 2094 in
1545 2073 1605 2102 ea,
1653 2071 1758 2106 qnam
1785 2059 1925 2104 scripsit
1951 2058 1986 2091 in
2011 2056 2061 2090 M.
2083 2056 2169 2090 cae-

396 2101 474 2134 lium
502 2106 526 2136 si
551 2118 585 2139 se
612 2111 860 2154 appellavisset.
919 2111 1030 2144 Orsus
1057 2112 1124 2144 iter
1150 2123 1249 2144 eram
1270 2124 1289 2144 a
1308 2117 1406 2156 porta
1426 2113 1554 2145 Naevia
1582 2118 1680 2157 atque
1703 2111 1827 2145 exinde
1849 2111 1885 2143 in
1904 2106 2167 2143 nemoraNae-

396 2154 453 2185 viu
470 2151 490 2202 Η
506 2167 528 2187 α
542 2157 642 2191 domo
664 2163 791 2204 procul
805 2162 955 2197 Naevia.
994 2163 1096 2196 Unde
1111 2163 1230 2196 dicunt
1241 2164 1460 2208 proverbium
1482 2169 1604 2197 nutum
1633 2175 1723 2205 esse,
1743 2175 1767 2196 a
1787 2162 1892 2195 domo
1908 2160 2059 2201 Naevia,
2087 2156 2166 2204 [19]

395 2206 487 2247 quod
515 2208 652 2241 refertur
668 2224 685 2242 a
702 2213 830 2246 Verrio.
884 2214 1060 2248 Nudius
1086 2215 1251 2248 tertius
1276 2215 1417 2248 videtur
1442 2216 1667 2261 compositum
1696 2226 1736 2248 ex
1761 2225 1848 2248 nunc
1874 2217 1907 2246 et
1934 2212 1993 2245 die
2016 2209 2116 2243 tertio
2159 2235 2165 2241 .

394 2254 435 2288 N
484 2284 490 2290 .
547 2285 554 2292 .
608 2287 614 2292 .
667 2262 830 2297 dicuntur
854 2265 888 2298 in
914 2277 999 2310 agro
1026 2277 1111 2311 quos
1165 2292 1171 2298 .
1228 2295 1234 2301 .
1290 2267 1362 2300 alio
1388 2268 1524 2301 nomine
1550 2268 1728 2313 appellant
1754 2278 1773 2299 a
1799 2268 1896 2310 parte
1921 2266 2029 2297 totum
2053 2261 2166 2305 signi-

398 2361 515 2395 pturam
529 2359 653 2398 propius
670 2362 851 2400 accedemus,
868 2375 943 2404 quae
958 2371 1011 2404 est,
1025 2378 1084 2395 rem
1096 2369 1257 2406 geminent.
1301 2378 1373 2398 vum
1396 2380 1411 2397 a
1433 2368 1527 2406 chao,
1551 2368 1632 2397 unde
1658 2366 1757 2396 omnia
1782 2370 1846 2394 orta
1857 2388 1864 2400 ‚
1888 2369 1919 2392 et*
1930 2374 1945 2391 a
1959 2371 2033 2391 cavo
2052 2361 2164 2390 caelum

405 2399 481 2428 ΠΝ·
495 2417 537 2422 --
562 2401 590 2441 1)
608 2402 748 2442 Naevia]
771 2405 858 2439 Quod
874 2413 942 2445 post
959 2409 1108 2437 lVaeviam
1123 2410 1260 2449 sequitur
1302 2411 1421 2441 dictum.
1454 2412 1532 2440 Urs.
1556 2428 1596 2432 —
1619 2408 1648 2450 Q)
1671 2407 1824 2449 νύμφην
1847 2407 1910 2435 Sine
1931 2414 1958 2434 V·
1980 2402 2071 2433 νέαν
2093 2403 2164 2432 ven·

398 2441 593 2480 fragmentum
638 2467 644 2473 .
689 2467 696 2474 .
740 2451 789 2474 tur
805 2449 921 2476 caelum
937 2460 972 2478 ca
1003 2473 1008 2479 .
1047 2473 1052 2479 .
1084 2474 1089 2479 .
1119 2462 1179 2490 quo
1192 2463 1259 2491 per·
1301 2454 1347 2482 Sc.
1376 2470 1418 2475 —
1448 2452 1478 2494 3)
1503 2475 1507 2480 .
1533 2475 1540 2483 .
1563 2477 1569 2483 .
1596 2452 1682 2489 ἐξαπι
1711 2474 1718 2480 .
1748 2471 1755 2477 .
1787 2472 1793 2478 .
1820 2473 1825 2478 .
1858 2453 1886 2476 et
1908 2469 1914 2475 .
1936 2470 1943 2477 .
1969 2469 1975 2474 -
1999 2468 2005 2475 -
2039 2444 2164 2476 Gtve‘mv

399 2483 506 2522 tinent,
529 2485 643 2525 ignoro.
667 2487 761 2517 Varro
787 2489 836 2517 lib.
857 2493 881 2521 1.
912 2490 948 2519 de
966 2492 1047 2529 Ling.
1069 2493 1131 2523 Lat.
1156 2494 1195 2522 ait
1212 2504 1259 2522 ca·
1305 2519 1309 2524 ,
1336 2517 1341 2523 .
1427 2495 1500 2522 nihil
1533 2494 1676 2533 amplius,
1709 2492 1780 2520 Ven.
1804 2492 1849 2518 Sc.
1879 2506 1918 2510 -—
1955 2487 1983 2527 4)
2012 2488 2163 2526 Numera]

1369 2516 1393 2531 ¹,
