2263 2668
485 166 549 200 DE
575 166 964 201 SIGNIFICATIONE
991 165 1276 202 VERBORUM.
1330 170 1474 206 LIBER
1501 172 1624 206 XVIII.
1958 174 2032 210 153

87 259 230 294 &tudites
256 259 368 292 mallei
395 271 415 292 a
440 259 613 293 tundendo
640 261 730 295 dicti.
782 256 899 299 Inde³⁴
922 265 954 294 et
981 260 1116 295 cuidam
1143 273 1334 307 cognomen
1358 265 1528 299 Tuditano
1556 266 1617 299 fuit
1627 262 1664 307 ³⁵,
1698 266 1792 310 quod
1819 272 1921 311 caput
1947 270 2033 302 mal-

186 311 241 344 leo
269 307 410 344 similem
429 310 594 345 habuerit.

88 362 218 396 Tullios
245 363 300 395 alii
326 359 472 395 dixere³⁷
493 375 562 396 esse
589 363 728 404 silanos,
767 363 822 396 alii
849 363 953 405 rivos,
988 363 1044 396 alii
1071 363 1284 398 vehementes
1306 367 1528 410 proiectiones
1552 369 1718 414 sanguinis
1743 370 1902 404 arcuatim
1924 371 2032 405 fluen-

183 414 239 455 tis,
274 414 389 458 quales
415 418 488 447 sunt
509 415 630 448 Tiburi
655 415 688 447 in
714 415 850 448 Aniene.
903 415 1029 448 Ennius
1039 411 1080 448 3¹³:

453 485 504 490 —
530 465 720 511 Sanguine
729 462 754 483 ³⁹
773 466 883 512 tepidi
891 463 916 483 ⁴⁰
939 461 1062 499 tulliiss
1086 464 1284 512 efflantes*2
1306 466 1468 505 volant⁴³.

88 512 262 561 Topperss
284 517 369 558 cito,
411 522 446 550 ut
471 517 555 550 illud
582 518 695 551 Nelei:

456 568 595 614 Topper
610 568 786 614 fortunae
811 564 1103 602 commutantur-⁴⁵
1123 568 1325 603 hominibus.

87 616 237 650 Torrens
263 623 295 651 et
319 619 531 664 participium
559 625 607 653 est
634 626 667 654 et
692 617 855 653 nomenffi.

86 667 235 702 Torrum
247 666 271 686 ⁴⁷
293 670 453 704 torridum
464 698 473 713 ‚
509 672 640 705 aridum
651 669 684 704 ⁴⁵³.

86 719 218 753 Turma
245 722 392 764 equitum
419 723 525 764 dicta,
553 724 646 766 quasi
672 724 805 765 terima,
839 722 931 766 quod
958 727 1009 755 ter
1032 722 1108 756 deni
1135 723 1261 766 equites
1289 735 1330 756 ex
1355 724 1458 756 tribus
1468 720 1493 741 ⁴¹⁹
1512 725 1662 759 tribubus
1689 727 1885 760 Titiensium
1895 725 1930 771 ⁵⁰,
1957 729 2028 762 Ra-

183 773 307 805 mnium
319 769 354 814 ⁵¹,
398 774 566 808 Lucerum
594 771 760 807 fiebant⁵².
820 774 937 818 ltaque
968 773 1068 818 primi
1102 774 1307 819 singularum
1335 775 1544 809 decuriarum
1572 777 1768 812 decuriones
1796 778 1892 820 dicti,
1935 780 1992 824 qui
2003 776 2028 797 ⁵³

183 834 223 856 ex
250 836 290 857 eo
316 825 450 870 singulis
476 827 591 859 turmis
617 831 690 859 sunt
717 822 937 860 etiamnunc⁵⁴
959 826 1043 858 terni
1053 822 1087 860 ⁵⁵.

85 873 227 908 Tor-reri
238 872 262 892 ⁵⁸
285 888 303 909 a
325 881 416 909 torro
427 873 452 893 ⁵⁷
472 878 655 912 deductum
666 874 691 894 ⁵⁸
713 879 851 922 proprie
878 877 1043 923 significat
1068 878 1192 912 siccare
1209 881 1309 921 atque
1330 878 1518 920 arefacere,
1558 880 1617 912 sed
1641 885 1833 924 usurpatum
1857 887 1905 914 est
1925 882 1991 915 iam
2001 879 2026 900 ⁵⁹

179 938 243 971 pro
272 939 329 970 eo,
361 929 453 971 quod
481 930 520 962 sit
547 930 626 974 igne
652 926 792 964 urereffl'.

81 975 267 1011 Tam-anim
290 980 421 1014 Etrusci
447 980 526 1014 dicti
552 993 572 1013 a
598 981 751 1014 Turreno
763 977 788 998 ⁶²
811 980 897 1014 duce
923 979 1115 1024 Lydorum,
1163 992 1183 1012 a
1209 980 1301 1014 cuius
1327 980 1435 1026 gentis
1462 982 1644 1027 praecipua

181 1031 310 1074 tyranni
336 1038 408 1064 sunt
435 1028 556 1066 dictim.

81 1079 241 1114 Torvitas
266 1094 286 1115 a
312 1082 437 1116 ferocia
462 1088 633 1116 taurorum
659 1083 753 1126 quasi
778 1082 863 1115 tauri
890 1083 1049 1116 acerbitas
1077 1087 1124 1116 est
1150 1087 1279 1118 vocata.

83 1130 290 1166 anhelasffi
310 1135 401 1179 apud
425 1135 579 1168 Plautum
606 1131 756 1167 turbas‘56
778 1133 953 1179 significat.

82 1182 245 1218 'Putulum
272 1185 427 1219 dicebant
454 1186 712 1220 Flaminicarum
740 1186 858 1230 capitis
884 1190 1114 1219 ornamentum
1140 1185 1220 1219 vitta
1246 1196 1419 1230 purpurea
1445 1185 1561 1218 innexa
1590 1186 1732 1219 crinibus
1760 1195 1793 1220 et
1818 1188 1852 1221 in
1876 1189 2025 1223 altitudi-

178 1247 254 1269 nem
281 1242 487 1271 exstructum.
540 1238 680 1270 Ennius:

445 1286 638 1322 Fictores⁶⁷
658 1288 803 1334 Argeos
813 1284 838 1305 ⁶⁵³
861 1292 894 1321 et
921 1288 1098 1321 tutulatos.

82 1337 175 1372 Tuor
200 1339 299 1372 video
310 1336 345 1381 ⁶⁹,
384 1337 516 1373 tueor⁷⁰
539 1339 698 1374 defendo.

79 1388 210 1423 Tuscus
235 1391 325 1425 vicus
352 1391 483 1425 Romae
509 1397 557 1425 est
584 1392 709 1432 dictus,

175 1453 252 1475 sena
278 1448 513 1478 remanserunt.

79 1491 180 1526 Tusci
203 1506 221 1526 a
243 1494 357 1527 Tusco
380 1506 462 1540 rege
488 1495 559 1527 filio
585 1493 741 1528 Herculis
767 1499 840 1527 sunt
866 1493 962 1533 dicti,
990 1493 1044 1526 vel
1054 1489 1078 1510 ⁷¹
1102 1505 1121 1526 a
1143 1492 1362 1527 sacrificando
1391 1491 1554 1533 studiose,
1586 1488 1653 1524 et⁷²
1676 1504 1715 1526 ex
1742 1493 1876 1527 Graeco
1904 1492 2024 1529 venit⁷³

174 1543 394 1587 ovoauo'mfl,
428 1547 481 1580 vel
509 1542 578 1579 ut⁷5
600 1546 787 1579 Tusculum
815 1542 987 1587 dictumw,
1021 1544 1114 1589 quod
1142 1545 1268 1578 aditum
1297 1543 1472 1577 difficilem
1500 1543 1640 1584 habeat,
1674 1544 1710 1577 id
1739 1550 1787 1578 est
1814 1542 2021 1585 ὃύςκολονπ.

1654 978 1679 999 ⁶³
1704 982 1900 1017 crudelitate
1927 985 2025 1019 etiam

757 1391 848 1435 quod
874 1391 921 1424 ibi
945 1390 1181 1424 habitaverunt
1207 1389 1329 1431 Tusci,
1379 1389 1436 1433 qui
1463 1389 1643 1423 recedente
1668 1390 1712 1423 ab
1739 1390 1912 1425 obsidione
1937 1393 2024 1427 Por-

75 1680 136 1708 cuti
151 1679 237 1708 codd.
254 1689 355 1708 sumus
371 1685 399 1709 et
415 1680 484 1710 edit.
500 1681 594 1719 princ.
618 1696 659 1702 —
681 1680 728 1718 39)
752 1681 918 1718 sanguine]
942 1689 1028 1718 prae-
1071 1682 1115 1717 61)
1140 1678 1290 1717 Turrani]
1314 1679 1362 1706 Sic
1379 1678 1434 1706 Gu.
1447 1680 1476 1709 2.
1514 1677 1673 1706 Turranm'
1684 1678 1722 1706 M.
1740 1678 1796 1709 Gu.
1813 1681 1841 1711 1.
1880 1680 2023 1710 Turanni

70 1727 190 1761 ponunt
210 1722 315 1750 iidem:
348 1723 433 1751 Aiax
452 1725 553 1751 misso.
585 1740 623 1744 —
655 1722 700 1761 40)
731 1722 845 1761 tepidi]
869 1723 900 1751 L.
925 1722 979 1750 Gu.
997 1724 1027 1753 2.
1070 1732 1115 1761 pr.
1165 1722 1286 1759 Ίῇννεηί
1302 1721 1332 1748 L.
1376 1721 1511 1748 tirranni
1526 1720 1558 1750 B.
1604 1721 1738 1749 Ceterum
1760 1731 1814 1750 nos
1828 1722 1953 1760 glossam
1970 1724 2021 1753 de-

72 1763 173 1803 tepido
188 1764 267 1802 vulg.
294 1780 329 1786 —-
354 1766 400 1802 41)
423 1766 518 1803 tullii]
544 1766 616 1793 tulli
632 1766 663 1793 L.
677 1776 723 1804 pr.
745 1781 787 1787 -—-
809 1767 854 1802 42)
883 1764 1026 1803 fflantes]
1071 1764 1170 1793 dimus
1187 1774 1202 1793 e
1218 1763 1304 1791 codd.
1323 1767 1353 1791 et
1369 1762 1437 1791 edit.
1454 1762 1549 1801 princ.
1567 1763 1643 1791 Scal.
1659 1764 1816 1803 exscripsit
1830 1764 1955 1794 schedas
1968 1766 2023 1795 Fe-

73 1807 220 1845 ufflanteae
243 1808 299 1835 Gu.
316 1810 341 1838 1.
368 1824 402 1828 —
427 1807 473 1847 43)
496 1807 618 1846 rolant]
641 1808 689 1836 Sic
708 1808 740 1836 B.
757 1807 795 1836 M.
814 1807 869 1836 Gu.
885 1811 912 1838 1.
929 1810 959 1838 2.
981 1817 1026 1846 pr.
1070 1809 1116 1835 sti.
1166 1806 1330 1844 Zyrrlzenos
1353 1805 1516 1834 secundum
1538 1803 1662 1834 schedas
1680 1806 1774 1835 edidit
1794 1806 1884 1837 idem.
1907 1824 1949 1830 —
1972 1809 2020 1847 62)

74 1850 216 1878 volabant
234 1849 264 1878 L.
308 1850 427 1877 evolant
442 1851 522 1889 vulg.
547 1868 585 1872 —-
611 1853 655 1886 44)
686 1849 807 1888 Topper]
837 1851 928 1888 Toper
945 1850 975 1877 L.
990 1850 1025 1879 B.
1076 1850 1226 1884 Turreno]
1258 1848 1307 1876 Sic
1327 1847 1365 1876 M.
1389 1848 1444 1875 Gu.
1459 1849 1486 1879 2.
1537 1848 1650 1876 Tureno
1672 1849 1704 1878 Β.
1754 1849 1899 1887 Tyrrheno
1918 1850 1949 1880 L.
1970 1861 2018 1890 pr.

79 1893 195 1931 Tupper
211 1892 267 1922 Gu.
284 1894 308 1922 1.
331 1908 373 1913 —
395 1891 441 1932 45)
465 1893 702 1930 commutantur]
729 1894 913 1920 comitantur
929 1893 960 1920 L.
982 1908 1023 1914 —-
1074 1891 1225 1920 Turrlteno
1247 1891 1328 1928 vulg.
1356 1905 1399 1911 —-
1426 1890 1474 1927 63)
1492 1890 1679 1929 praecipua]
1695 1897 1844 1931 perpetua
1863 1893 1895 1922 L.
1918 1893 1975 1922 Gu.
1991 1896 2017 1924 1.

71 1933 120 1975 46)
134 1935 249 1973 partic.
263 1939 305 1962 est
317 1939 342 1961 et
358 1937 448 1971 nom.]
464 1937 512 1964 Sic
526 1936 583 1966 Gu.
593 1939 620 1968 2.
660 1937 774 1974 partic.
790 1941 815 1963 et
833 1946 910 1963 nom.
928 1939 969 1962 est
982 1934 1022 1963 M.
1065 1944 1110 1973 pr.
1138 1950 1178 1955 -—
1208 1935 1252 1967 64)
1283 1934 1408 1970 tyranni
1428 1938 1499 1961 sunt
1521 1932 1612 1972 dicti]
1636 1934 1684 1962 Sic
1705 1934 1737 1965 L.
1754 1934 1791 1963 M.
1808 1934 1865 1964 Gu.
1880 1937 1908 1966 1.
1923 1938 1953 1967 2.
1970 1946 2017 1975 pr.

72 1983 113 2005 est
132 1988 188 2006 om.
204 1977 281 2006 L.B.
299 1977 354 2004 Gu.
372 1980 396 2008 1.
411 1988 456 2016 pr.
479 1994 521 2000 —-
541 1976 588 2018 47)
618 1978 754 2017 Torrum]
778 1979 888 2006 Torum
905 1978 933 2007 S.
970 1977 1022 2004 Tu-

71 2031 127 2048 ron
142 2020 173 2048 L.
193 2036 235 2041 —
258 2021 302 2056 48)
326 2024 398 2049 lorr.
415 2019 514 2058 arid.]
537 2020 643 2050 tom-id.
661 2026 686 2048 et
704 2019 782 2049 arid.
799 2021 829 2048 L.
844 2021 876 2048 Β.
921 2024 947 2047 et
964 2024 1023 2046 tor-

71 2062 176 2091 ridum
198 2061 278 2090 arld.
303 2061 359 2092 Gu.
374 2064 400 2092 1.
426 2078 468 2084 —
497 2065 544 2103 49)
567 2063 683 2099 trihus]
707 2073 763 2091 om.
781 2063 810 2090 L.
835 2078 876 2084 -—
899 2063 944 2098 50)
974 2062 1024 2089 Τι’-

70 2105 172 2143 tiens]
203 2105 330 2133 Tutiene.
348 2103 380 2132 L.
411 2121 443 2125 —
477 2104 522 2143 51)
546 2105 732 2141 Ramnium]
755 2106 910 2133 Ramnum
926 2103 958 2132 B.
981 2120 1023 2125 —

69 2146 116 2188 52)
127 2147 261 2186 fiebant]
277 2145 375 2185 fiebat
390 2146 420 2175 L.
435 2147 469 2176 B.
485 2147 522 2177 M.
541 2148 596 2176 Gu.
614 2151 639 2179 1.
655 2150 685 2179 2.
714 2163 754 2169 -
783 2150 827 2183 53)
853 2148 924 2185 qui]
949 2147 1023 2184 quia

68 2191 99 2219 Β.
137 2189 220 2229 quod
235 2190 265 2218 L.
312 2189 447 2218 Ceterum
464 2190 495 2217 in
509 2191 588 2229 sing.
603 2191 713 2218 turmis
728 2189 802 2218 Scal.
819 2205 861 2210 ——
883 2189 928 2225 54)
951 2194 1023 2216 sunt

69 2231 257 2270 etiamnunc]
286 2233 377 2259 etlam
398 2237 469 2259 sunt
490 2243 571 2260 nunc
591 2233 623 2263 B.
670 2237 742 2260 sunt
763 2237 789 2259 et
809 2242 888 2259 nunc
909 2240 955 2269 pr.
981 2247 1023 2252 —

69 2280 115 2310 55)
138 2274 234 2314 terni]
252 2275 328 2302 trini
348 2274 379 2304 B.
405 2274 461 2303 Gu.
478 2277 505 2306 1.
529 2285 573 2313 pr.
619 2275 737 2302 tribuni
755 2274 784 2302 L.
811 2291 844 2295 —
871 2272 916 2311 56)
943 2273 1021 2301 Tor-

69 2320 145 2354 rert']
170 2318 218 2346 Sic
234 2317 271 2345 M.
291 2317 382 2348 Gu.1.
394 2319 424 2347 2.
440 2327 486 2356 pr.
536 2317 640 2345 Tw‘eri
658 2317 688 2345 L.
736 2316 861 2345 Torrere
877 2315 958 2353 vulg.
981 2331 1023 2338 —

69 2363 114 2399 57)
138 2358 234 2398 torro]
258 2359 305 2388 Sic
320 2359 358 2388 M.
377 2359 468 2391 Gu.2.
513 2365 607 2387 torreo
627 2360 706 2397 vulg.
751 2358 825 2387 Vide
843 2359 944 2387 Dacer.
962 2363 1022 2388 not.

71 2419 104 2425 —
122 2401 169 2443 58)
187 2401 364 2440 deductum]
379 2400 493 2430 dictam
508 2402 538 2430 B.
562 2419 595 2423 —
618 2402 662 2438 59)
679 2401 754 2440 iam]
771 2403 862 2429 etiam
876 2400 913 2429 M.
931 2400 1022 2433 Gu.1.

71 2447 98 2476 S.
123 2462 163 2468 -·
186 2448 234 2481 60)
257 2446 325 2483 igne
346 2443 446 2482 urere]
471 2446 618 2482 [gne-scere
641 2445 670 2472 L.
687 2445 719 2473 B.
739 2444 795 2473 Gu.
814 2447 841 2475 1.
866 2453 912 2482 pr.
930 2444 958 2474 S.
982 2460 1022 2465 —

122 2507 285 2535 Gnnmmr.
311 2514 374 2532 mr.
397 2503 430 2531 ll.

1066 1982 1138 2004 sunt
1158 1975 1234 2003 dieti
1252 1976 1369 2003 tiranni
1384 1975 1416 2003 B.
1434 1991 1477 1997 —
1499 1975 1546 2003 65)
1572 1976 1732 2015 Tarbelos]
1761 1976 1917 2005 furhellas
1934 1978 1967 2008 L.
1983 1979 2016 2008 B.

1067 2019 1124 2048 Gu.
1140 2021 1165 2050 1.
1186 2019 1213 2046 S.
1245 2035 1283 2038 —
1315 2020 1359 2052 66)
1382 2017 1507 2056 turbas]
1529 2018 1652 2046 turbam
1666 2028 1712 2058 pr.
1741 2035 1783 2040 —
1812 2021 1858 2056 67)
1873 2020 2015 2060 fictores]

1066 2062 1115 2090 Sic
1135 2061 1166 2091 L.
1183 2061 1215 2089 B.
1231 2059 1269 2088 M.
1288 2060 1343 2090 Gu.
1359 2063 1384 2091 1.
1403 2061 1430 2088 S.
1475 2066 1600 2089 sectores
1623 2061 1678 2090 Gu.
1694 2064 1724 2093 2.
1742 2065 1771 2090 et
1791 2061 1873 2100 vulg.
1901 2079 1941 2084 —
1971 2066 2016 2098 68)

1065 2103 1194 2142 Argeos]
1217 2103 1320 2142 algeos
1334 2102 1364 2130 L.
1380 2102 1436 2132 Gu.
1450 2105 1476 2134 1.
1489 2113 1535 2142 pr.
1556 2119 1597 2125 —
1620 2103 1667 2141 69)
1697 2104 1776 2132 Tuor
1790 2103 1888 2144 video]
1910 2116 1967 2136 om.
1983 2106 2014 2135 L.

1066 2147 1105 2176 M.
1128 2162 1170 2167 -
1193 2143 1239 2184 70)
1261 2144 1360 2183 tueor]
1384 2151 1453 2173 tuor
1472 2145 1511 2174 M.
1539 2162 1582 2168 -—
1607 2143 1654 2186 71)
1676 2146 1741 2185 vel]
1767 2156 1823 2177 om.
1840 2157 1884 2186 pr.
1907 2164 1949 2170 ——
1970 2150 2016 2186 72)

1067 2188 1108 2227 et]
1138 2198 1194 2217 om.
1213 2188 1244 2216 L.
1260 2188 1292 2216 Β.
1307 2187 1344 2216 Μ.
1359 2188 1387 2216 S.
1416 2205 1458 2209 —
1488 2188 1536 2225 73)
1565 2188 1661 2226 venit]
1691 2188 1759 2219 add.
1782 2190 1830 2218 Gu
1843 2192 1872 2221 2.
1902 2206 1939 2212 —
1970 2189 2015 2229 74)

1065 2227 1229 2268 θυοσκόοι]
1253 2230 1301 2258 Sic
1324 2230 1430 2269 scripsi
1452 2241 1467 2259 e
1489 2230 1603 2268 Gu.2.‚
1639 2231 1689 2270 qui
1713 2231 1835 2261 exhibet
1857 2233 2012 2272 thysikooi.

1065 2271 1196 2304 θυσκόοι
1210 2273 1284 2303 Scal.
1330 2273 1399 2311 tlov
1417 2283 1479 2312 pru,
1509 2278 1543 2302 ut
1565 2273 1643 2311 vulg.
1661 2272 1741 2304 θύω.
1785 2275 1849 2304 Om.
1868 2276 2012 2304 Graecum

1066 2317 1097 2345 L.
1111 2316 1144 2345 B.
1161 2316 1197 2344 M.
1214 2316 1270 2344 Gu.
1287 2317 1313 2346 1.
1339 2331 1379 2336 —
1401 2317 1446 2350 75)
1469 2315 1514 2354 ut]
1539 2315 1656 2354 tlzytren
1675 2317 1742 2347 add.
1758 2317 1791 2346 B.
1825 2317 1960 2356 thynk-ool
1973 2316 2010 2344 M.

1065 2375 1106 2381 —
1128 2356 1175 2398 76)
1198 2357 1326 2397 dictum]
1350 2364 1392 2386 est
1409 2358 1475 2387 add.
1489 2359 1521 2387 B.
1543 2374 1585 2381 —-
1607 2358 1653 2397 77)
1674 2359 1710 2387 id
1723 2365 1766 2388 est
1780 2357 1936 2394 δύσκολον]
1953 2368 2009 2387 om.

1066 2402 1096 2430 L.
1132 2402 1214 2432 δνσκ.
1230 2411 1287 2430 om.
1305 2402 1361 2430 Gu.
1377 2404 1403 2433 1.
1420 2411 1466 2440 pr.
1511 2403 1603 2440 quasi
1617 2401 1773 2430 discholon
1791 2402 1823 2430 B.

1568 2495 1601 2527 U
