2263 2668
365 202 438 235 220
988 201 1128 236 SEXTI
1155 203 1354 238 POMPEII
1383 204 1521 238 FESTI

194 295 226 319 Ὗ·
250 294 353 319 edicun-
353 294 535 341 februarii
557 294 591 326 in
621 295 730 329 Curia
759 306 783 327 a
806 295 905 339 Rege
932 295 1127 330 dicuntur*:
1155 309 1218 332 eae
1245 310 1326 332 vero
1353 312 1376 332 ιι
1392 300 1509 332 multis
1535 299 1762 343 scriptoribus
1789 300 1929 333 traditae
1952 307 2034 336 sunt.
2061 313 2143 334 nam

243 332 300 354 Μ’
363 358 428 391 quo
455 346 513 377 die
534 345 614 378 Rea¹
640 346 674 378 in
702 346 886 380 Comitium
913 347 1022 388 venit,
1050 349 1122 382 eius
1149 361 1225 394 pars
1253 352 1402 384 anterior
1429 351 1531 396 nefas
1556 350 1717 384 habetur.
1745 355 1868 384 contra
1889 357 2004 386 autem
2028 360 2145 398 poste-

364 399 430 429 rior
446 395 532 441 sas:
573 398 655 441 qnia
681 399 795 431 sacris
813 399 974 442 peractis
1001 399 1083 432 inde
1109 400 1190 436 abit.
1220 403 1313 446 quod
1338 403 1363 435 si
1391 403 1462 445 quis
1490 403 1571 435 alius
1599 413 1661 446 pro
1690 403 1787 447 Rege
1816 414 1855 436 eo
1883 404 1941 436 die
1967 405 2000 436 in
2029 405 2145 439 Comi-

231 455 267 479 ·f.
288 454 309 478 is
363 449 408 480 tio
425 446 579 492 fecerit,
619 453 711 493 puta
738 450 913 491 Pontifex,
951 455 1021 482 tum
1046 451 1120 484 liis*
1142 453 1212 486 dies
1240 458 1330 486 tolus
1358 458 1408 487 est
1423 453 1557 498 fastus.
1616 453 1803 500 Quando
1830 453 2025 489 stercusl
2048 456 2144 489 dela-

207 498 245 554 ‘V
260 496 334 543 sedes
363 505 452 539 tum,
482 499 540 532 fas.
569 500 693 533 eodem
722 501 825 534 modo
852 502 885 533 in
902 501 1016 546 fastis
1042 507 1183 537 notatur
1207 506 1296 546 dies,
1324 506 1380 548 qui
1404 506 1474 538 talis
1495 511 1560 546 est,
1588 512 1623 538 ut
1644 505 1746 539 aedis
1767 507 1895 539 vestis*
1918 517 1956 539 eo
1980 507 2038 539 die
2057 518 2144 552 pur-

206 536 350 589 ·ftessffveum
361 554 487 595 ἑξρὶαν,
516 555 709 595 stercusque
736 553 768 584 in
796 553 932 585 alvum*
956 553 1185 598 Capitolinum
1215 568 1258 589 er
1285 557 1376 589 aede
1404 557 1529 590 Vestae
1556 557 1751 602 deseratur.
1781 569 1855 591 cum
1884 558 1918 590 id
1945 559 2070 591 factum
2094 559 2143 599 sit,

361 605 442 634 tunc
464 603 629 646 praetori
656 603 760 637 liceat
776 604 862 649 fari
889 605 958 637 tria
987 605 1100 641 verba.
1157 608 1359 648 Quaestores
1387 606 1613 649 dicebantur,
1657 609 1750 652 quod
1777 614 1986 654 quaererent
2014 610 2060 642 de
2085 621 2142 643 re—

361 653 424 686 bus
451 654 648 698 capitalibus
676 656 763 689 unde
792 657 850 700 qui
876 657 968 690 talia
994 663 1182 702 quaerant,
1236 658 1449 705 Quae-stores
1478 661 1633 705 paricidi
1667 660 1891 706 appellantur.
1959 661 2144 707 Quando

359 716 437 737 cum
464 706 574 749 gravi
601 717 683 739 voce
704 708 960 752 pronuntiatur,
1002 709 1165 754 significat
1192 711 1303 754 qaod,
1346 712 1526 756 quoniam,
1567 716 1597 745 et
1626 717 1675 745 est
1703 713 1911 753 coniunctio,
1948 718 1983 745 ut
2007 713 2142 746 Plautus

358 756 390 788 in
419 756 676 791 Menaechmis:

462 808 567 841 Ideo
594 810 694 854 qaia
721 822 923 851 mensam,
965 813 1132 854 quando
1162 813 1260 854 edo,
1291 810 1312 862 Η
1338 814 1559 860 detergeo.
2059 814 2138 861 [68]

358 864 391 892 et
418 859 450 891 in
471 860 657 894 Pseudolo:

461 911 599 953 Dabo,
641 913 809 956 quando
838 915 926 948 erit.
959 915 1120 955 ducito,
1167 916 1334 958 quando
1363 916 1556 951 habebis.

358 967 391 995 et
417 962 542 996 Ennius
569 964 626 996 lib.
647 965 736 999 xvi.

460 1015 550 1047 Nox
577 1016 747 1059 quando
776 1016 925 1049 mediis
953 1018 1087 1062 signis
1114 1020 1369 1063 praecincta
1397 1020 1575 1052 volabit.

226 1066 257 1090 's-
280 1066 300 1090 E
355 1065 388 1097 in
415 1066 488 1098 Xll.
517 1067 652 1110 quidem
682 1079 756 1101 cum
785 1072 827 1101 c*
851 1069 959 1101 littera
987 1069 1101 1102 ultima
1129 1071 1297 1112 scribitur,
1339 1072 1497 1115 idemque
1525 1072 1697 1116 significat.
1761 1071 1979 1112 Quadrata
2007 1071 2139 1104 Roma

357 1117 388 1148 in
415 1118 545 1150 Palatio
581 1125 656 1151 ante
690 1120 854 1163 templum
882 1121 1048 1164 Apollinis
1085 1122 1224 1163 dicitur,
1271 1123 1327 1156 uhi
1362 1124 1507 1168 reposita
1535 1128 1624 1163 sunt,
1670 1134 1757 1166 quae
1784 1123 1889 1155 solent
1915 1123 1995 1155 boni
2023 1123 2138 1156 ominis

355 1169 463 1213 gratia
497 1170 529 1201 in
565 1171 646 1203 urbe
681 1171 857 1205 condenda
892 1172 1063 1213 adhiberi,
1109 1175 1184 1217 quia
1218 1185 1295 1207 saxo
1331 1176 1472 1208 munitus
1501 1180 1548 1208 est
1574 1176 1668 1208 initio
1695 1175 1728 1208 in
1755 1175 1901 1218 speciem
1931 1174 2136 1217 quadratam.

183 1226 216 1249 ‘11
236 1227 347 1252 meminit
357 1220 425 1253 eius
453 1221 519 1254 loci
546 1222 680 1257 Ennius,
710 1227 778 1258 ιιι*
802 1235 876 1257 cum
905 1225 966 1256 ait:

182 1277 345 1304 ·f.extiterat
459 1277 500 1305 et
526 1273 615 1315 quis
644 1278 701 1306 est
728 1279 844 1307 erat*
872 1275 1032 1308 Romae
1058 1287 1239 1320 regnare
1266 1278 1515 1320 quadratae.

356 1323 654 1364 Quadrurbem
685 1326 834 1359 Athenas
855 1328 977 1361 Accius
1005 1327 1204 1371 appellarit,
1234 1328 1325 1371 quod
1354 1330 1481 1362 scilicet
1507 1340 1547 1361 ex
1575 1329 1649 1361 llll.
1678 1328 1813 1361 urbibus
1839 1329 1871 1360 in
1899 1340 1998 1361 unam
2026 1328 2137 1360 domi-

355 1375 429 1407 cilia
451 1377 679 1416 contulerunt,
707 1377 899 1419 Braurone,
927 1378 1099 1418 Eleusine,
1128 1380 1263 1421 Piraeo,
1292 1381 1405 1414 Sunio.
1452 1381 1639 1421 QuaesO,
1665 1385 1702 1412 ut
1722 1379 1886 1424 significat
1907 1379 2015 1419 idem,
2044 1380 2136 1422 quod

354 1437 459 1470 rogo,
492 1427 535 1459 ita
563 1439 771 1470 quaesere
798 1431 933 1474 ponitur
960 1431 1002 1463 ab
1030 1431 1169 1473 antiquis
1197 1443 1260 1475 pro
1288 1444 1468 1475 quaerere,
1505 1438 1540 1464 ut
1567 1438 1615 1464 est
1643 1431 1734 1476 apud
1761 1431 1914 1466 Ennium.
1943 1431 1997 1464 lib.
2019 1431 2060 1463 Il.

454 1477 575 1511 Ostia
604 1481 764 1514 munita
792 1489 853 1515 est
880 1482 991 1514 idem
1019 1482 1115 1515 loca
1143 1484 1317 1516 navibus
1345 1483 1545 1527 pulchris

199 1532 341 1558 ·f.Munda
455 1530 634 1562 mundo*
662 1532 788 1573 facit,
833 1534 1057 1577 nautisque
1085 1535 1187 1566 mari
1215 1536 1521 1578 quaesentibus
1549 1534 1686 1567 vitam.

198 1584 231 1607 ·s.
248 1584 323 1609 Cres-
353 1585 385 1612 et
410 1581 441 1613 in
463 1580 716 1627 Chresponte*:

213 1618 313 1650 P¹¹⁰¹¹²⁶²
454 1633 572 1666 ducit
600 1646 659 1667 me
688 1646 855 1667 uxorem
886 1635 1120 1669 liberorum
1149 1637 1228 1669 sibi
1256 1637 1546 1680 quaesendum
1575 1636 1723 1680 gratia.

353 1688 385 1715 et
412 1683 444 1716 iu
468 1684 704 1720 Andromeda:

456 1736 638 1770 liberum
666 1738 951 1781 quaesendum
980 1749 1108 1772 causa
1136 1739 1328 1772 familiae
1355 1745 1530 1773 matrem
1558 1745 1659 1773 tuae.

355 1785 624 1826 Quadrantal
651 1790 817 1823 vocabant
844 1789 988 1833 antiqui,
1015 1802 1116 1833 quam
1141 1802 1180 1823 ex
1201 1791 1335 1826 Graeco
1358 1792 1559 1836 amphoram
1581 1792 1713 1831 dicunt,
1741 1788 1833 1832 quod
1857 1798 1912 1820 vas
1932 1786 2028 1832 pedis
2049 1798 2134 1831 qua—

355 1836 439 1869 drati
466 1845 543 1873 octo
572 1846 604 1873 et
630 1841 701 1874 XL.
729 1842 820 1886 capit
845 1842 1009 1875 sextarios.
1064 1842 1199 1875 Plautus
1226 1844 1259 1875 in
1281 1844 1501 1878 Curculione:

456 1891 566 1924 Anus
593 1892 698 1926 haec
724 1894 836 1934 sitit,
873 1893 1134 1936 quantillum
1162 1895 1276 1927 sitit?
1311 1896 1480 1929 modica
1509 1899 1587 1937 est,
1623 1893 1738 1937 capit
1765 1889 2030 1935 quadrantal.

356 1943 388 1969 et
410 1938 492 1972 Cato
521 1949 635 1976 contra
659 1944 830 1989 Oppium:
878 1945 1027 1978 Vinum
1055 1945 1301 1989 redemisti,
1346 1947 1523 1991 praedia
1557 1957 1630 1990 pro
1664 1944 1749 1977 vini
1775 1940 2133 1986 quadrantalibus

203 1992 236 2018 ·s.
262 1993 573 2034 publi-sexaginta
608 1996 645 2028 in
680 1997 817 2040 pulli*
846 1996 1024 2037 dedisti,
1073 1997 1206 2030 vinum
1241 2009 1318 2031 non
1346 1998 1512 2031 dedisti.
1575 1998 1817 2038 Quaxare**
1844 2005 1942 2026 ranae
1969 1993 2132 2032 dicuntur,

200 2036 346 2091 ’'f.c‹3iioa-
357 2049 431 2071 cum
453 2053 568 2077 vocem
592 2047 735 2083 mittunt.
791 2048 1041 2089 Quartarios
1070 2049 1287 2092 appellabant
1314 2051 1439 2094 antiqui
1467 2051 1628 2083 muliones
1651 2046 1890 2086 mercenarios,
1918 2043 2010 2088 quod
2030 2055 2132 2087 quar—

242 2104 302 2121 xare
354 2094 420 2121 tam
448 2100 575 2134 partem
601 2105 753 2140 quaestus
780 2100 966 2144 capiebant.
1019 2100 1185 2134 Lucilius:

458 2142 589 2178 Porro
616 2148 804 2184 homines
832 2163 1011 2195 nequam
1046 2152 1176 2185 malus
1212 2158 1253 2184 ut
1282 2153 1528 2196 quartarius
1557 2152 1711 2195 cippos
1738 2148 1954 2192 colligere
1981 2157 2129 2179 omnes.

356 2191 572 2231 Quatenus
599 2198 777 2242 significat,
817 2214 884 2246 qua
909 2204 995 2243 fine,
1034 2208 1070 2236 ut
1097 2203 1277 2243 hactenus,
1321 2204 1387 2238 hac
1414 2205 1490 2240 fine.
1544 2205 1588 2237 At
1615 2202 1831 2246 quatinus,
1876 2198 2044 2242 qumstam·
2070 2196 2131 2230 sed

182 2243 479 2287 ‘Lquatenosantiqui
506 2252 739 2288 quatenoc*
767 2253 942 2296 dicebant,
978 2260 1012 2287 ut
1036 2251 1130 2304 Seii}
1146 2256 1205 2300 pio
1228 2256 1405 2290 Africanus
1431 2257 1464 2289 in
1492 2267 1530 2288 ea
1557 2255 1725 2296 oratione,
1760 2263 1861 2296 quam
1887 2250 2015 2294 scripsit
2049 2245 2128 2294 [69]

355 2342 447 2371 sacris
468 2344 632 2376 Nonalibus
654 2349 683 2377 in
698 2360 779 2387 arce,
804 2354 883 2390 quod
902 2360 974 2383 tunc
997 2356 1088 2384 serias
1105 2357 1215 2394 primas
1261 2357 1330 2395 quia
1361 2357 1402 2385 sic
1437 2357 1466 2385 in
1496 2357 1590 2384 Fastis
1623 2355 1673 2383 hic
1709 2354 1771 2383 dies
1805 2356 1933 2382 notatur.
1981 2350 2059 2395 Uss-
2082 2362 2125 2394 -ᾕ

355 2390 539 2432 menstruus,
564 2399 639 2428 quae
662 2391 779 2421 suturae
796 2394 853 2423 sint
875 2406 909 2424 eo
928 2407 1040 2432 mense,
1065 2399 1128 2426 Rex
1153 2399 1217 2427 edi·
1262 2402 1288 2434 1)
1309 2398 1441 2437 Quando
1465 2398 1599 2436 stercus]
1623 2398 1678 2426 Hic
1701 2405 1821 2435 quoque
1837 2394 1944 2432 opinor
1962 2389 2125 2419 ,ἅεειάεῑετι

353 2432 394 2455 cit
409 2430 531 2468 populo.
555 2437 628 2470 puto
651 2439 749 2463 autem
766 2436 801 2471 Q.
819 2436 852 2465 R.
873 2438 903 2467 C.
919 2438 950 2468 F.
969 2439 1003 2466 ιἰἰ
1023 2445 1063 2466 est
1084 2441 1216 2477 Quando
1262 2447 1391 2479 quatuor
1414 2442 1479 2470 illas
1512 2446 1612 2476 notas,
1642 2449 1716 2477 quae
1738 2439 1770 2466 in
1792 2436 1885 2465 Fastis
1906 2433 2060 2462 habentur.
2085 2430 2122 2466 Q.

356 2470 419 2498 Rex
446 2474 627 2511 comitiam,
662 2476 738 2512 Fa&
776 2489 791 2506 a
826 2478 909 2507 Festo
939 2482 1081 2519 scriptum
1118 2483 1216 2518 fuisse,
1262 2484 1316 2512 ST.
1344 2484 1376 2511 Ι).
1403 2484 1430 2510 F.
1455 2489 1481 2512 et
1505 2484 1623 2511 Festum
1646 2482 1686 2509 ita
1708 2479 1870 2517 scripsisse·
1900 2476 1935 2510 Q·
1958 2474 2011 2502 ST·
2036 2474 2066 2502 D·
2091 2473 2123 2507 F·
