2263 2668
284 159 334 194 82

511 253 583 288 Hic
608 264 690 287 vero
715 253 827 286 victus
852 250 1033 298 genitor¹,·

287 304 366 338 alibi
393 305 480 338 enim
507 310 539 338 et
566 305 672 337 brevis
698 305 876 337 invenitur:

741 159 887 195 PROBI
911 158 1302 196 INSTITUTIONUM
1329 161 1768 199 GRAMMATICARUM

519 356 570 389 Tu
597 356 700 388 modo
727 367 811 400 quos
837 356 872 389 in
897 367 994 401 spem
1024 360 1157 389 statues
1182 356 1384 391 submittere
1408 355 1557 404 'genti-3².

286 407 323 441 R
348 407 457 441 littera
480 408 571 440 finita
599 406 758 440 adverbia
784 419 916 452 semper
942 408 1078 440 brevem
1104 407 1249 448 habent,

511 458 660 503 Semper
687 469 811 503 equos,
838 463 943 504 atque
970 470 1075 492 arma
1100 455 1256 498 vit-unffi,-

288 514 337 543 et:

511 560 687 593 Lucerum
715 561 905 594 crudeliter
931 572 995 594 ora
1007 558 1030 597 ⁴.

1276 413 1328 443 ut:

289 609 320 644 S
343 611 450 644 littera
477 612 569 644 finita
596 612 754 645 adverbia
780 625 913 657 semper
938 614 1073 646 brevem
1100 613 1279 657 recipiunt,
1307 618 1359 647 ut:

517 662 620 709 Quae
645 668 757 697 totam
783 665 877 698 luctu
904 666 1073 698 concussit
1089 665 1258 710 funditus

287 716 338 746 etz

510 765 655 799 Mallius
681 770 714 799 et
739 767 838 800 solito
864 763 1049 800 mutrumss.

293 813 326 847 V
347 814 457 849 littera
483 816 574 849 finita
600 818 759 851 adverbia
786 831 918 862 semper
945 819 1082 862 longam
1109 817 1290 862 recipiunt,
1317 822 1371 851 ut:

1284 665 1407 699 urbem
1415 662 1427 683 ⁵
1437 676 1449 704 ς

2092 815 2225 865 [1425]

511 867 675 913 Namque
701 870 762 902 diu
789 870 943 910 luctans,
972 871 1129 914 lenloque
1154 869 1187 901 ἰη
1215 871 1324 914 stirpe
1350 865 1536 902 ⁷110rc1t1187.

288 916 445 951 Omnium
471 925 581 953 autem
611 921 882 965 praecedentium
910 922 1112 965 syllabarum
1138 926 1268 954 naturas
1293 922 1453 966 magistra
1479 921 1617 955 docebit
1643 921 1829 955 auctoritas.

719 1049 920 1082 Smnx.
984 1048 1070 1082 De
1113 1045 1797 1083 Coniunctionibusss.

453 1139 487 1173 1.

541 1139 760 1184 copulativae
788 1143 1053 1176 coniunctiones:

1106 1142 1174 1182 Et,
1206 1141 1303 1189 Que,
1334 1140 1407 1177 Ac⁹
1433 1143 1588 1176 brevibus
1613 1142 1748 1187 syllabis
1776 1145 1943 1185 constant,
1969 1147 2020 1176 ut:

515 1191 673 1225 Fortuna
700 1194 913 1238 omnipotens
939 1198 973 1228 et
999 1194 1222 1228 ineluctabile
1237 1192 1404 1241 salumw.

288 1241 388 1275 Item:

515 1293 664 1338 Iamque
691 1296 900 1328 catervatim
910 1291 943 1327 ¹¹.

453 1343 674 1379 Disiunctivae
702 1347 962 1380 coniunctiones:
988 1357 1051 1388 ne,
1077 1359 1155 1389 nee,
1183 1359 1310 1392 neque,
1336 1348 1409 1389 vel,
1436 1348 1500 1381 sed
1509 1344 1550 1390 ¹²,
1585 1358 1699 1381 omnes
1726 1351 1897 1392 correptas
1922 1345 2065 1391 syllabas
2090 1345 2227 1379 habent.

290 1392 346 1427 Ne
372 1395 559 1429 coniunctio
587 1408 627 1429 eo
655 1397 813 1430 adverbio
842 1398 1023 1441 discrepat,
1051 1400 1143 1443 quod
1170 1399 1257 1434 haec

516 1447 573 1480 Ne
598 1448 684 1481 mihi
710 1453 782 1482 lum
808 1449 929 1483 molles
940 1446 981 1487 13,-

289 1497 524 1531 coniunctionis
550 1500 756 1544 exemplum,
784 1506 837 1534 ut:

519 1550 719 1584 Coniuuxne
750 1552 884 1585 Creusa
891 1547 925 1583 ¹⁴.

1283 1400 1480 1445 corripiatur
1506 1404 1539 1433 et
1565 1399 1761 1433 adverbium
1788 1399 2012 1444 producatur,
2039 1402 2091 1431 ut:

292 1598 363 1632 Aut
390 1600 594 1642 coniunctio,
622 1603 778 1646 quoniam
807 1603 1024 1648 diphthongo
1052 1603 1155 1641 valet,
1181 1603 1284 1648 longa
1312 1608 1377 1645 est,
1404 1608 1455 1637 ut:

519 1653 620 1686 Nunc
646 1659 767 1687 manet
789 1655 956 1700 insontem
986 1655 1113 1699 gravis
1140 1655 1269 1695 eritas,
1298 1660 1358 1688 aut
1391 1667 1459 1700 ego
1486 1655 1560 1688 veri
1570 1651 1603 1687 ¹5.

456 1718 490 1750 2.
542 1720 739 1764 Expletivae
765 1723 1027 1756 coniunctiones:
1052 1723 1212 1767 quidem,
1238 1723 1416 1768 equidem,
1443 1735 1594 1769 quoque,
1622 1728 1755 1767 tumen,
1782 1734 1916 1769 nempe.
1965 1722 2118 1770 Quidem
2142 1721 2227 1755 dua-

293 1767 356 1800 bus
379 1768 532 1802 brevibus
559 1777 703 1812 constat,
730 1779 783 1806 ut:

288 1855 289 1858 Ἰ
519 1821 596 1854 Istu
623 1824 763 1867 quidem
789 1825 870 1869 quia
895 1828 979 1857 notu
1004 1821 1132 1858 mihim.

295 1867 471 1914 Equidem
495 1873 597 1906 tribus
624 1875 777 1908 brevibus
805 1880 948 1917 constat,
975 1881 1026 1909 ut:

383 1979 410 2016 1)
439 1980 517 2019 Virg.
544 1981 615 2011 Aen.
645 1983 689 2019 II,
713 1987 784 2016 699,
816 2000 858 2006 —-
907 1984 937 2020 Ξ)
967 1983 1139 2013 Submiuere
1170 1984 1243 2015 Cod.

299 2023 473 2052 summittere
501 2024 566 2053 Asc.
593 2026 623 2056 P.
676 2027 770 2054 Locus
800 2031 843 2055 est
874 2026 953 2063 Virg.
981 2027 1085 2065 Georg.
1114 2028 1166 2062 ΙΙΙ,
1190 2029 1241 2059 73.

300 2077 342 2084 --
384 2063 412 2102 3)
438 2066 515 2103 Virg.
546 2069 617 2096 Aen.
645 2069 704 2105 IX,
732 2072 803 2100 777.
834 2085 873 2091 -·-
924 2072 955 2104 4)
986 2069 1065 2106 Virg.
1096 2070 1166 2099 Aen.
1194 2070 1241 2107 Vl,

301 2104 374 2136 495.
397 2123 438 2128 —
480 2112 509 2144 5)
533 2109 611 2147 Virg.
635 2111 705 2139 Aen.
736 2111 800 2147 XII,
827 2111 896 2143 594.
927 2127 967 2132 -
1012 2110 1039 2148 6)
1065 2111 1143 2149 Virg.
1169 2112 1242 2142 Aen.

301 2146 370 2184 Vll,
394 2150 464 2180 357.
508 2152 540 2179 In
567 2153 637 2182 eod.
664 2159 724 2183 ost:
757 2153 876 2182 mollius
904 2161 929 2181 et
952 2151 1038 2182 solito
1065 2161 1113 2181 mt.
1166 2155 1241 2192 Ergo

302 2196 427 2218 ῃπαίιήηι
451 2192 566 2229 addidi,
597 2197 673 2232 quod
698 2197 778 2224 deest
803 2197 834 2224 in
859 2199 922 2226 Asc.
948 2200 978 2223 et
1001 2196 1029 2223 P.
1054 2195 1137 2230 Vide,
1169 2207 1242 2234 quae

302 2232 403 2269 paullo
419 2239 486 2262 ante
499 2236 534 2263 de
557 2238 656 2265 eodem
673 2239 739 2266 loco
762 2239 865 2266 notavi
886 2237 1068 2276 paragrapho
1089 2241 1136 2268 10.
1152 2237 1242 2268 huius

304 2284 391 2311 segm-
416 2290 457 2299 ·—
501 2277 531 2315 7)
556 2278 633 2317 Virg.
654 2282 723 2309 Aen.
746 2281 819 2317 XII,
837 2283 906 2312 781.
930 2298 973 2303 ——
1022 2279 1051 2318 8)
1083 2280 1161 2308 llaec
1192 2282 1241 2309 in-

304 2317 427 2356 scriptio
456 2329 550 2357 neque
583 2321 614 2348 in
645 2323 714 2351 Cod.
744 2333 839 2361 neque
867 2323 947 2362 apud
983 2322 1046 2351 Asc.
1082 2329 1241 2360 comparet.

304 2373 346 2380 —
387 2363 414 2394 9)
442 2361 493 2389 Ac
521 2363 622 2391 addidi
655 2375 669 2392 e
695 2366 765 2395 Cod.
788 2371 817 2393 ct
839 2366 906 2396 Asc.
957 2364 1045 2401 Quod
1075 2366 1242 2402 exemplum

305 2411 366 2429 nou
396 2402 567 2443 subiicitur,
599 2415 632 2434 ea
658 2408 741 2435 nulla
770 2418 873 2436 caussa
907 2412 968 2446 est,
999 2418 1051 2436 cur
1079 2407 1241 2436 omittatur.

1284 2000 1326 2006 —
1372 1986 1415 2021 10)
1448 1984 1528 2023 Virg.
1552 1984 1623 2013 Aen.
1645 1985 1723 2021 VIII,
1741 1984 1813 2017 334.
1843 2000 1885 2006 --
1934 1985 1978 2020 11)
2011 1985 2090 2024 Virg.
2121 1986 2228 2024 Georg.

1285 2027 1341 2063 Ill,
1365 2029 1435 2059 556.
1459 2044 1501 2049 —
1545 2031 1586 2065 12)
1610 2026 1709 2067 Neque
1730 2026 1784 2058 vel.
1809 2026 1870 2056 Sul
1892 2038 1997 2057 omues.
2043 2027 2088 2057 lta
2114 2029 2230 2066 [KVc-

1284 2080 1351 2099 rum
1374 2075 1453 2098 reete
1476 2070 1577 2098 Codex
1604 2070 1681 2098 linea
1709 2080 1798 2108 supra
1829 2080 1857 2099 v.
1883 2069 1934 2098 sed
1961 2070 2049 2099 ducta
2079 2070 2231 2099 adnume-

1284 2117 1331 2141 rat
1369 2112 1652 2148 coniunctionibus,
1691 2122 1765 2150 quac
1806 2117 2008 2142 recensentur.
2075 2113 2229 2142 consentit

1284 2155 1350 2184 Asc.
1374 2171 1409 2176 —
1460 2155 1505 2191 13)
1530 2155 1608 2192 Virg.
1631 2156 1734 2191 Georg.
1754 2155 1801 2189 Ill,
1823 2155 1896 2186 435.
1920 2171 1963 2176 -
2011 2155 2051 2189 14)
2074 2155 2139 2184 Hoc
2163 2156 2229 2184 loco

1285 2198 1454 2226 coniunxne
1474 2197 1506 2225 in
1529 2198 1599 2226 cod.
1622 2197 1739 2235 quicum
1765 2197 1878 2225 faciunt
1900 2198 1966 2226 Asc.
1988 2201 2016 2225 et
2038 2197 2066 2225 P.
2086 2198 2128 2226 Cf.
2149 2197 2230 2236 Virg-

1285 2240 1356 2267 Aen.
1378 2240 1421 2275 ΙΙ,
1444 2241 1515 2271 597.
1564 2240 1664 2268 Paullo
1694 2244 1760 2267 ante
1789 2238 1977 2279 exemplum
2005 2239 2070 2267 dedi
2103 2250 2140 2268 ex
2164 2242 2229 2269 Asc.

1284 2281 1434 2321 exempla
1458 2282 1527 2310 cod.
1551 2287 1580 2310 et
1604 2283 1631 2310 P.
1660 2298 1702 2303 —
1756 2286 1798 2318 15)
1825 2283 1903 2319 Virg.
1931 2282 1998 2311 Aen.
2023 2282 2068 2319 X,
2095 2284 2166 2314 630.
2189 2298 2231 2306 ν·-

1286 2322 1329 2361 16)
1354 2324 1433 2361 Virg.
1457 2324 1530 2352 Aen.
1545 2325 1611 2361 ΧΙΙ,
1631 2326 1702 2355 808.
1726 2341 1766 2345 —
1812 2323 1857 2364 17)
1885 2324 1960 2362 Virg.
1979 2323 2052 2353 Aen.
2070 2325 2137 2361 XH,
2158 2326 2231 2358 931.

1284 2364 1455 2395 Protendes
1477 2366 1549 2396 Cod.
1573 2367 1603 2398 P,
1642 2366 1699 2395 Sed
1718 2366 1891 2406 protendens
1912 2370 1992 2395 recte
2014 2368 2081 2397 Asc.
2102 2382 2140 2388 —
2186 2366 2231 2405 115)

1285 2407 1367 2446 Virg.
1387 2409 1460 2437 Aen.
1481 2408 1543 2446 VH,
1569 2412 1596 2440 1.
1620 2425 1660 2431 —
1705 2409 1748 2449 19)
1773 2409 1851 2447 Virg.
1870 2408 1944 2442 Aen.
1957 2409 1997 2445 X,
2017 2411 2087 2441 276.
2113 2425 2154 2431 —
2182 2407 2231 2447 20)
