2263 2668
485 138 548 172 DE
573 138 961 174 SIGNIFICATIONE
989 140 1271 178 VERBORUM.
1325 146 1468 180 LIBER
1493 146 1600 180 xvll.
1947 152 2020 186 149

74 233 253 267 Sectarius
277 227 452 272 vervex⁴²‚
492 232 550 275 qui
575 244 718 278 gregem
744 244 910 278 agnorum
936 234 1141 278 praecedens
1169 237 1272 273 ducit.

73 285 288 330 Secespitam
315 283 370 315 alii
396 284 554 325 securim,
596 285 650 317 alii
677 285 853 318 (lolabram
880 297 1035 326 aeneam,
1076 287 1132 320 alii
1159 289 1331 323 cultellum
1361 301 1429 324 esse
1439 287 1463 308 ⁴³
1484 295 1610 335 putant.

72 331 286 371 Sicilicum⁴⁴
310 335 453 375 dictum,
493 335 587 379 quod
614 337 814 371 semunciam
840 342 938 371 secet.

72 388 289 423 Secessiones
315 387 526 419 narrationes.

71 435 262 474 Sicilices⁴5
283 438 451 471 hastarum
477 438 605 483 spicula
630 438 708 473 lata.
757 439 898 473 Ennius:

440 489 578 523 Incedit
603 491 697 524 veles
721 491 831 537 vulgo
857 490 1044 525 sicilicibus
1070 490 1160 525 latis.

71 543 187 577 Sectio
213 541 400 586 persecutio
425 540 511 575 iuris.

71 594 257 629 Secundae
282 605 334 626 res
359 603 425 625 non
452 605 471 625 a
495 602 633 625 numero
661 592 829 636 dicuntur,
865 593 923 627 sed
950 593 1045 637 quia,
1076 597 1112 625 ut
1138 592 1296 637 velimus,
1332 602 1517 639 sequantur.

71 646 263 680 Sinciniam
290 645 477 679 cantionem
487 641 511 661 ⁴⁸
532 643 720 676 solitariam.

70 698 231 732 Sectores
257 702 291 730 et
316 697 372 739 qui
398 700 509 729 secant
536 695 688 728 dicuntur
715 700 747 728 et
773 696 829 738 qui
857 700 970 740 empta
996 706 1054 727 sua
1078 693 1366 740 persequuntur⁴⁷.

69 749 234 794 Sicyonia
261 760 368 794 genus
395 747 611 782 calciamenti.
662 746 825 780 Lucilius:

437 798 486 831 Et
507 798 660 843 pedibus
686 799 791 831 laeva
816 796 971 841 sicyonia
997 796 1105 830 demit
1132 796 1288 831 honesta.

70 851 240 885 Simultas
265 849 300 883 id
328 845 408 882 est⁴⁸
431 846 580 883 οιίἰιιιι]49
603 849 692 882 dicta
719 861 758 883 ex
785 849 968 890 contrario,
1017 849 1094 892 quia
1127 849 1261 883 minime
1287 847 1382 883 sint⁵⁰
1404 851 1517 889 simul3

172 903 262 937 dicta
289 901 479 942 existimari,
520 901 598 945 quia
625 898 810 934 simulata-²³¹
833 901 1012 944 loquuntur
1039 900 1082 933 ad
1108 900 1260 934 invicem.

68 949 323 988 Sementivae⁵²
345 953 448 986 feriae
475 953 605 987 fuerant
630 952 812 994 institutae,
845 952 937 996 quasi
962 963 1002 985 ex
1027 948 1097 984 iis⁵³
1124 949 1273 997 fruges⁵⁴
1295 953 1517 998 grandescere
1543 953 1681 997 possint.

69 1006 267 1052 Simpulum
293 1016 351 1037 vas
378 1005 552 1049 parvulum
562 1001 586 1021 ⁵⁵
607 1016 673 1037 non
700 1004 858 1038 dissimile
885 1003 1024 1048 cyatho,
1052 1014 1119 1047 quo
1147 1004 1258 1038 vinum
1285 1005 1318 1038 in
1341 1005 1507 1039 sacrificiis
1529 1000 1745 1042 libabatur⁵⁶;
1771 1004 1861 1038 unde
1881 1008 1914 1037 et
1936 1015 2010 1036 mu-

168 1059 264 1091 lieres
291 1057 388 1089 rebus
413 1056 529 1088 divinis
558 1056 691 1089 deditae
717 1056 956 1101 simpulatrices
982 1051 1180 1090 dicuntur⁵⁷.

67 1110 281 1143 Senaculum
309 1108 401 1142 locus
428 1113 625 1140 senatorum.

66 1161 251 1195 Sentinare
276 1166 444 1204 satagere,
471 1158 596 1192 dictum
624 1171 643 1191 a
669 1157 794 1190 sentina
820 1157 926 1198 navis,
953 1169 1054 1201 quam
1082 1157 1171 1201 quis,
1198 1161 1234 1189 ut
1261 1168 1348 1201 aqua
1374 1158 1510 1199 liberet,
1538 1167 1700 1191 evacuare
1727 1155 1914 1193 contendit3
1947 1155 2007 1187 ita-

165 1224 230 1257 que
255 1212 431 1245 sentinare
457 1206 538 1243 est⁵⁹
560 1210 721 1242 subtiliter
746 1210 934 1253 periculum
961 1210 1074 1242 vitare.
1126 1208 1306 1242 Caecilius:

438 1260 543 1306 Capit
571 1261 767 1302 consilium,
805 1265 995 1306 postquam
1021 1261 1172 1295 sentinat
1197 1260 1294 1295 satis.

390 1313 561 1346 Afranius:

435 1359 588 1411 Quam⁵⁹
608 1363 779 1397 senticosa
801 1362 912 1397 verba
933 1366 1142 1408 pertorquet
1163 1361 1292 1396 turba!

163 1417 231 1450 hoc
258 1421 306 1449 est
331 1412 506 1459 spinosaffl.
991 1410 996 1412 .

64 1468 214 1503 Scensas
223 1464 246 1484 ‘³¹
269 1467 384 1501 Sabini
417 1478 536 1501 coenas
569 1466 734 1499 dicebant.

163 1520 273 1554 coenis
299 1530 475 1563 vespernas
502 1518 726 1563 appellabant.

63 1572 227 1617 Segnitia
254 1570 390 1611 dicitur,
433 1570 525 1613 quod
553 1566 626 1603 sit⁸³
650 1569 719 1601 sine
745 1567 881 1600 nitendo
908 1567 990 1610 quid
1001 1563 1025 1583 ⁸¹
1047 1566 1128 1600 utile
1155 1571 1211 1600 aut
1236 1566 1425 1599 honestum.
1476 1562 1671 1596 Terentius:

431 1621 637 1661 Enimvero,
677 1620 800 1660 Dave,
839 1618 927 1651 nihil
953 1618 1020 1651 loci
1047 1622 1096 1652 est
1106 1614 1132 1635 ⁶⁵
1152 1618 1329 1663 segnitiae
1353 1626 1464 1661 neque
1489 1609 1718 1648 socordiaessss.

63 1673 222 1718 Signure
246 1672 411 1717 significat
437 1673 540 1705 modo
567 1672 727 1713 scribere,
767 1670 871 1703 modo
899 1670 1021 1702 annulo
1048 1666 1176 1715 signaffl
1196 1669 1388 1714 imprimere
1398 1664 1434 1708 ⁶⁸,
1474 1665 1577 1699 modo
1604 1675 1730 1709 pecora
1755 1663 1855 1707 signis
1882 1666 2006 1694 notare.

1565 855 1676 895 potest
1703 854 1734 883 et
1760 862 1779 883 a
1805 851 2010 884 simulatione

65 1316 186 1349 Sentes
212 1314 336 1359 spinae.

796 1465 893 1507 Quae
927 1469 1038 1498 autem
1065 1475 1153 1499 nunc
1177 1464 1320 1510 prandia
1347 1466 1437 1503 sunt,
1486 1456 1641 1496 coenas⁶²
1665 1459 1837 1498 dicebant,
1887 1462 1919 1491 et
1945 1467 2008 1501 pro

61 1776 139 1805 unde
155 1778 245 1804 etiam
264 1776 295 1806 B.
319 1792 359 1797 —
381 1776 425 1814 33)
450 1774 559 1814 quadr.
577 1777 661 1814 app.]
686 1775 734 1803 Sic
752 1775 808 1804 Gu.
824 1777 852 1805 2.
897 1784 966 1812 app.
981 1786 1009 1813 q.
1055 1774 1111 1802 Gu.
1128 1777 1153 1804 1.
1170 1783 1216 1812 pr.
1241 1789 1280 1794 —-
1304 1774 1348 1809 48)
1372 1771 1408 1799 id
1423 1770 1482 1808 est]
1505 1780 1562 1799 om.
1580 1769 1611 1799 B.
1639 1786 1672 1791 -
1699 1769 1744 1803 49)
1769 1766 1885 1804 odium]
1909 1767 2007 1794 laten-5

61 1820 141 1857 vulg.
170 1835 211 1840 —
238 1818 286 1856 34)
308 1817 388 1857 Sive]
413 1818 461 1846 Sic
481 1819 536 1846 Gu.
552 1820 580 1849 2.
626 1818 674 1845 vel
687 1818 768 1855 vulg.
790 1833 832 1839 —
853 1818 899 1854 35)
923 1818 1010 1845 inve-

61 1864 233 1890 niunlur—
247 1861 377 1899 antiqui]
400 1862 551 1889 invenitur
563 1877 597 1882 -
610 1862 753 1899 antiquos
768 1860 800 1888 B.
822 1876 864 1881 —
886 1860 935 1896 36)
958 1860 1010 1896 61,-

61 1903 179 1942 binam]
204 1903 352 1931 Sabinam
368 1903 398 1931 L.
443 1904 581 1931 Sibinam
601 1903 633 1931 B.
650 1913 696 1942 pr.
741 1902 888 1931 Sabinam
910 1902 966 1931 Gu.
984 1904 1010 1933 1.

60 1964 98 1969 --
122 1949 169 1983 37)
193 1945 360 1985 appellant]
385 1946 577 1984 appellabant
596 1946 627 1975 L.
656 1962 698 1966 —
724 1945 772 1984 38)
796 1944 913 1982 Illyrii]
938 1944 1010 1981 Illy-

60 1991 117 2017 rici
130 1990 159 2017 L.
177 1989 207 2017 B.
227 1988 291 2027 (qui
309 1987 386 2016 idem
403 1998 471 2016 mox
488 1989 529 2017 ita
544 1988 677 2025 exhibet)
693 1988 721 2017 S.
744 2004 787 2009 --
808 1989 854 2024 39)
877 1986 949 2024 SAR]
968 1987 1010 2013 si-

59 2033 118 2062 bin.
137 2032 174 2061 M.
220 2030 282 2060 sab.
301 2031 354 2058 Gu.
372 2033 398 2062 1.
421 2047 462 2051 —
483 2029 528 2069 40)
554 2030 748 2068 Sicilie-ulam]
773 2030 820 2058 Sic
836 2030 869 2057 L.
884 2030 913 2058 S.
960 2030 1009 2056 Se-

59 2074 209 2102 duculum
225 2073 261 2103 M.
281 2074 336 2102 Gu.
351 2074 414 2103 1-2.
432 2083 477 2111 pr.
521 2073 694 2101 Sediculam
711 2073 741 2100 B.
784 2072 894 2100 Vitium
911 2076 1008 2099 ortum

58 2122 103 2146 est
118 2127 133 2145 e
151 2115 345 2155 praecedente
362 2115 473 2152 glossa,
496 2115 525 2143 in
542 2126 599 2154 qua
617 2120 660 2144 est
676 2126 690 2143 e
706 2114 770 2143 cod.
789 2114 866 2153 Lips.
885 2113 1008 2141 Salicu-

58 2161 120 2187 lam
137 2159 229 2186 sedile
244 2157 380 2186 dixerunt
396 2168 415 2184 α
429 2157 564 2188 sedendo.
609 2157 816 2186 Sedienculam
832 2156 941 2184 ibidem
958 2165 1007 2184 ex-

56 2201 161 2231 hibent
180 2202 210 2229 Β.
234 2211 278 2239 pr.
302 2217 342 2221 —
363 2200 410 2236 41)
433 2199 596 2238 sudantes]
619 2199 732 2228 sudare
750 2200 782 2228 L.
805 2214 848 2221 ·-
869 2198 917 2236 42)
941 2208 1009 2226 ver-

58 2245 124 2283 vex]
148 2244 248 2272 rerbix
263 2243 302 2272 M.
348 2242 451 2270 verbex
467 2243 521 2271 Gu.
539 2246 566 2275 2.
590 2259 631 2264 —
653 2243 701 2280 43)
726 2240 803 2280 esse]
827 2240 894 2269 add.
911 2240 1008 2272 Gu.2.

55 2287 94 2316 M.
118 2304 157 2308 -
180 2288 228 2322 44)
252 2285 422 2324 Sicilie-um]
443 2286 572 2313 silicum
589 2285 618 2315 B.
636 2285 673 2313 M.
694 2285 787 2315 Gu.2.
806 2294 849 2322 pr.
881 2284 1009 2311 Stlicum

59 2330 113 2360 Gu.
133 2332 158 2360 1.
181 2345 224 2350 —
245 2328 293 2366 45)
317 2327 470 2366 &cilice-5]
496 2328 602 2355 Silices
620 2328 651 2355 B.
667 2326 705 2356 M.
724 2326 812 2354 iidem
832 2325 920 2356 codd.
940 2336 1008 2354 mox

57 2372 207 2407 sionibus,
231 2370 311 2409 quod
328 2371 440 2399 mutavi
458 2370 485 2398 in
502 2370 678 2398 siz-ilicibus.
700 2385 742 2390 —
763 2369 810 2405 46)
828 2367 1006 2406 cantionem]

58 2416 256 2443 ‹antatiumm
280 2414 310 2442 B.
345 2430 385 2434 —
419 2411 465 2451 47)
490 2410 729 2451 perez-qaunlur]
755 2416 948 2449 persecuntur
969 2411 1006 2439 M.

1054 1816 1123 1844 add.
1140 1816 1169 1843 L.
1194 1831 1233 1836 —
1256 1814 1304 1854 50)
1326 1814 1399 1853 sint]
1422 1818 1494 1841 sunt
1507 1823 1554 1851 pr.
1589 1821 1646 1840 om.
1662 1811 1695 1839 B.
1716 1826 1759 1832 —
1779 1808 1826 1851 51)
1849 1807 2006 1846 simulata]

1052 1858 1198 1886 simulate
1212 1859 1241 1887 S.
1265 1873 1307 1878 —
1325 1856 1370 1895 52)
1393 1854 1593 1893 sementivae]
1617 1855 1665 1882 Sic
1681 1853 1718 1882 M.
1734 1853 1789 1881 Gu.
1800 1855 1828 1884 2.
1863 1852 2004 1880 Sementi-

1052 1912 1111 1929 nae
1132 1901 1211 1938 vulg.
1243 1915 1280 1920 --
1312 1901 1356 1936 53)
1376 1898 1434 1937 iis]
1454 1898 1503 1926 lzis
1524 1898 1557 1927 B.
1580 1897 1637 1926 Gu.
1652 1898 1681 1927 2.
1704 1906 1748 1934 pr.
1793 1896 1820 1923 is
1835 1894 1875 1923 Μ.
1896 1911 1937 1916 —
1959 1893 2004 1931 54)

1043 1942 1169 1981 frages]
1186 1941 1316 1980 glandes
1330 1940 1397 1972 add.
1412 1941 1445 1971 Β.
1472 1958 1505 1962 -
1531 1943 1575 1975 55)
1595 1939 1774 1978 parvulum]
1791 1937 1840 1965 Sic
1853 1936 1893 1965 Μ.
1909 1936 1964 1965 Gu.
1975 1938 2005 1967 2.

1048 1995 1181 2024 ρανιίιιη
1197 1984 1278 2022 vulg.
1301 2001 1335 2005 -
1357 1985 1403 2024 56)
1426 1983 1592 2020 libabatur]
1610 1982 1724 2010 libatur
1738 1980 1771 2009 B.
1793 1996 1828 2001 --
1848 1977 1895 2018 57)
1918 1980 2005 2017 simp.

1052 2027 1129 2065 diez]
1151 2026 1210 2056 dic.
1230 2028 1318 2065 simp.
1339 2027 1370 2056 L.
1414 2025 1561 2055 dicuntur
1583 2035 1639 2054 om.
1660 2024 1697 2053 M.
1723 2038 1763 2044 —
1785 2023 1830 2060 58)
1853 2021 1913 2060 est]
1936 2021 2005 2049 add.

1053 2070 1090 2099 M.
1106 2070 1204 2102 Gu.2.
1236 2080 1293 2099 om.
1310 2069 1389 2106 vulg.
1411 2085 1453 2091 ·—-
1475 2067 1523 2109 59)
1549 2065 1664 2106 Quam]
1688 2075 1744 2094 om.
1762 2065 1791 2093 Β.
1815 2081 1853 2085 -
1877 2065 1925 2101 60)
1949 2063 2005 2091 hoc

1053 2118 1095 2140 est
1112 2112 1254 2152 spinosa]
1278 2111 1345 2140 add.
1363 2111 1419 2140 Gu.
1434 2115 1465 2144 2.
1487 2127 1528 2132 -
1550 2113 1594 2144 61)
1619 2110 1761 2144 Sceneos]
1785 2107 1834 2136 Sic
1849 2106 1887 2135 M.
1905 2107 1961 2136 Gn.
1975 2109 2003 2138 2.

1052 2156 1080 2184 S.
1124 2156 1234 2184 scenas
1252 2155 1332 2192 vulg.
1356 2171 1396 2175 -—
1419 2155 1464 2192 62)
1486 2163 1591 2182 coenas
1613 2149 1769 2189 dicebant]
1795 2150 1825 2181 L.
1844 2149 1876 2178 B.
1891 2148 1929 2177 M.
1947 2149 2003 2177 Gu.

1055 2201 1081 2229 1.
1097 2201 1127 2230 2.
1162 2197 1310 2226 habebant
1326 2197 1406 2236 vulg,
1428 2213 1470 2219 —
1492 2197 1536 2234 63)
1559 2195 1612 2234 sit]
1636 2205 1691 2224 om.
1707 2195 1737 2223 L.
1755 2193 1812 2222 Gn.
1821 2195 1848 2224 1.
1862 2193 1889 2223 S.
1925 2190 2006 2230 quod

1052 2242 1115 2268 sine
1133 2239 1269 2268 incendio
1287 2241 1328 2268 sit
1343 2240 1377 2268 B.
1402 2257 1442 2261 -
1466 2237 1510 2278 64)
1535 2237 1628 2277 quid]
1653 2247 1709 2266 om.
1725 2237 1757 2267 L.
1777 2236 1832 2264 Gu.
1850 2238 1877 2266 1.
1893 2244 1939 2274 pr.
1960 2249 2002 2255 -

1051 2285 1096 2317 65)
1120 2283 1192 2322 loci]
1215 2293 1270 2314 om.
1288 2283 1368 2321 vulg.
1411 2281 1560 2311 Exliibent
1576 2285 1675 2310 autem
1693 2279 1780 2308 codd.
1797 2283 1826 2308 et
1842 2277 1887 2306 ed.
1904 2287 2001 2316 pr.—

1051 2324 1096 2365 66)
1121 2325 1191 2364 soa]
1208 2335 1263 2354 sec.
1278 2325 1310 2353 L.
1333 2342 1375 2347 —-
1396 2325 1444 2363 67)
1467 2326 1570 2364 signa]
1586 2323 1742 2363 Significat
1756 2323 1790 2352 B.
1813 2336 1855 2343 --
1876 2322 1921 2354 68)
1946 2319 2001 2343 im·

1046 2368 1188 2407 primere]
1212 2367 1260 2397 Sic
1276 2368 1308 2398 L.
1324 2368 1356 2397 B.
1374 2368 1430 2397 GU·
1449 2371 1474 2400 1.
1492 2371 1521 2400 2.
1537 2377 1585 2406 pr.
1625 2376 1756 2405 premere
1770 2363 1851 2400 vulg.
