2263 2668
542 138 606 171 DE
633 138 1022 173 SIGNIFICATIONE
1049 137 1334 171 VERBORUM.
1387 137 1532 171 LIBER
1557 138 1617 174 111.
1975 139 2051 175 357

102 232 231 272 phabeto
260 242 314 260 suo
346 231 476 271 Angelus
507 231 648 260 Caninius
678 237 707 260 et
735 232 864 270 Scaliger
893 232 923 260 in
956 230 1161 259 Coniectaneis
1191 231 1274 268 (pag.
1295 231 1384 267 61.)‚
1429 241 1521 270 caupo
1552 242 1567 259 a
1596 231 1711 260 Graeco
1740 229 1888 270 κάπηλος,
1933 229 2049 271 κάπτων,

102 280 135 303 ut
157 286 173 303 a
196 272 366 312 κάνθηλος,
390 273 524 305 κάνθων.
568 276 591 302 A
613 273 719 304 πάντων
744 276 839 303 Latini
863 276 959 303 fecere
983 284 1094 312 caupo,
1123 273 1224 301 addito
1249 285 1275 302 u.
1320 274 1377 301 Pro
1401 283 1459 311 quo
1484 273 1570 302 etiam
1594 274 1697 302 dixere
1719 285 1808 313 copo,
1834 279 1867 302 ut
1889 284 1944 312 pro
1967 274 2048 312 aula,

102 316 184 355 olla,·
220 322 248 345 et
271 328 286 345 a
310 329 399 357 copo,
432 328 555 356 copona.
600 318 637 345 Et
660 318 823 355 antiquitus
848 328 920 356 copo
943 321 972 344 et
993 326 1107 354 copona
1131 326 1188 343 non
1212 316 1247 343 de
1270 326 1327 343 una
1351 326 1381 344 re
1403 320 1533 353 tantum,
1566 321 1598 344 ut
1620 327 1715 353 nunc,
1747 317 1796 345 sed
1820 317 1857 345 ad
1878 317 1970 345 multa
1993 318 2048 345 alia

102 359 331 396 extendebatur,
354 365 388 388 ut:
406 360 526 388 Graecis
550 356 691 398 κάπηλος.
715 360 769 388 Da
779 372 802 389 c.
828 360 906 387 Hinc
928 358 1114 397 coponicula.
1140 359 1253 386 Glossis
1270 360 1414 388 καπιλίον.
1438 358 1495 386 Alii
1519 369 1670 398 caupona,
1693 359 1744 387 sed
1766 364 1925 397 utrumque
1945 359 2048 388 iisdem

101 401 212 430 dicitur
235 403 316 439 Copo
340 407 368 430 et
392 403 502 441 Caupo.
528 400 631 432 Goth.
675 402 710 432 A
734 401 847 442 Copiis‚
879 401 929 430 alii
952 412 966 429 a
991 401 1096 439 Cupis:
1139 401 1189 428 alii
1212 412 1227 429 a
1250 401 1339 439 Copi,
1371 401 1402 428 id
1425 406 1468 429 est
1492 402 1633 440 Copioso3
1670 401 1749 430 unde
1774 400 1934 441 Copiantur·
1953 402 2047 431 Nonio

102 443 143 483 (p.
158 447 209 475 87.
234 444 346 481 Mem).
391 443 499 473 Idem.

269 485 491 526 Compilare.
538 487 566 514 [A.
591 497 629 515 m.
653 496 708 524 pro
737 485 860 515 condere
886 485 975 514 habet
1005 496 1141 524 congere,
1179 486 1259 514 unde
1288 485 1488 514 coniecturam
1518 487 1610 523 facio,
1649 496 1798 524 congerere
1820 486 1910 514 scribi
1933 487 2047 516 debere.

100 527 150 557 Fu
160 527 202 558 lv.
231 528 307 557 Urs.
346 529 492 557 Asconius
515 529 545 556 in
569 534 707 567 praetura
730 529 857 558 urbana:
880 528 1068 567 Compilarit:
1101 528 1193 565 pilos,
1217 528 1327 566 inquit,
1353 528 1536 566 pervelleritg
1568 530 1609 557 sic
1630 528 1815 556 fraudaverit
1836 529 1932 565 furto,
1957 534 1990 558 ut
2011 540 2047 558 ne

99 572 177 609 pilos
199 571 317 609 quidem
340 571 371 599 in
397 582 521 610 corpore
545 571 678 608 spoliatis
702 572 865 609 reliquerit.
905 572 984 599 Haec
1006 570 1125 607 indigna
1149 575 1218 598 sunt
1241 576 1268 599 et
1291 571 1399 606 veteri,
1424 575 1451 599 et
1474 571 1589 599 erudito
1612 572 1782 608 interprete,
1820 572 1928 599 Saltem
1952 572 2046 609 sylla-

100 613 153 642 bae
176 614 315 642 modulus
338 614 464 642 debebat
486 624 551 642 enin
576 614 734 650 inducere,
759 619 792 642 ut
815 615 900 643 aliter
923 614 1114 642 existimaret.
1159 614 1215 640 Sed
1242 614 1365 641 ve1bum
1389 618 1431 640 est
1454 614 1593 650 militare,
1617 613 1791 651 compilare,
1815 623 1929 650 cogere.
1973 614 2046 642 Nam

98 656 225 694 pilatum
247 667 350 693 agmen
374 656 525 684 dicebatur
548 667 680 694 pressum
705 667 738 684 ac
760 657 892 687 densum,
935 657 1027 684 Varro
1051 655 1131 693 apud
1155 656 1291 683 Servium
1318 655 1443 683 Danielis
1467 657 1560 684 nostri
1583 656 1618 684 ad
1642 656 1717 684 illud
1740 656 1812 683 Aen.
1830 659 1885 689 12,
1917 655 2045 693 (121.):

99 714 140 719 —
169 714 210 719 ——
238 697 392 739 Pilaraque
410 697 505 738 plenis
526 699 660 738 Agmina
682 711 711 727 se
736 697 868 739 fundunt
893 699 1004 737 portis:
1049 698 1117 726 Duo
1146 705 1212 726 sunt
1233 709 1339 736 genera
1363 698 1529 737 agminum·
1572 697 1774 736 Quadratum,
1810 696 1890 738 quod
1911 697 2046 726 immistis

98 740 185 768 eriam
208 741 342 769 iumentis
364 740 488 775 incedit,
528 748 558 769 ut
581 740 674 769 ubivis
695 742 787 780 possit
811 740 967 770 considere.
1012 740 1143 769 Pilatum
1174 739 1313 777 alierum,
1351 739 1431 780 quod
1452 741 1512 768 sine
1534 741 1667 769 iumentis
1689 738 1813 776 incedit,
1850 737 1900 768 sed
1922 739 1996 768 inter
2017 751 2046 767 se

99 780 218 810 densum
242 790 298 818 esi,
323 795 379 823 quo
392 782 525 824 facilius
546 795 597 822 per
619 784 766 823 iniquiora
789 782 855 812 loca
879 784 1065 812 immittatur.
1105 782 1235 812 Scaurus
1259 782 1293 810 sle
1315 783 1375 811 vita
1397 792 1467 810 sua:
1497 781 1530 810 In
1554 794 1654 821 agrum
1679 782 1804 811 hostium
1826 782 1906 818 veni5
1928 780 2045 820 pilatim

97 825 258 854 exercitum
282 824 373 862 duxi,
397 824 430 854 id
451 833 492 854 est
514 826 637 855 strictim
662 833 687 854 et
711 824 803 854 dense.
845 825 897 854 Ab
921 837 952 854 eo
973 824 1067 865 pilare
1089 833 1128 854 est
1149 837 1289 864 premere,
1314 836 1422 863 cogere.
1462 823 1586 853 Hostius
1609 823 1677 853 belli
1699 824 1828 853 Histrici
1846 824 1960 863 primo:

591 867 734 902 Perculit,
768 875 854 908 atque
875 868 989 896 hastam
1011 867 1110 907 pilans
1131 879 1202 904 prae
1221 867 1348 906 pondere
1362 866 1494 906 frangit.

97 907 196 939 Idem:
219 926 261 931 —-
292 927 324 930 —
345 926 387 931 —
409 911 546 938 sententia
568 917 684 949 praesto
709 909 829 939 Pectore
848 909 945 949 pilata
968 918 1016 939 est.
1052 908 1169 939 Asellio
1194 909 1398 949 Sempronius:
1424 916 1558 948 quartum
1583 909 1694 948 signum
1718 906 1891 944 accedebat,
1917 908 1975 936 sive
1994 909 2044 947 pi-

97 949 198 987 latim,
222 952 280 980 sive
300 953 411 990 passim
435 951 610 993 iim-facere
631 951 755 982 volebat.
799 951 912 981 Ennius
935 952 1107 993 Satyrarum
1131 951 1276 981 secundo:
1300 951 1374 980 Inde
1396 950 1455 980 loci
1477 950 1625 991 liquidas,
1648 950 1813 990 pilaiasque
1834 949 1954 978 aetheris
1976 961 2045 979 oras

98 991 268 1033 Contemplo
292 1011 333 1015 —
355 1011 397 1016 -
419 994 475 1024 lzoc
497 1002 536 1022 est
557 1006 686 1032 pressas,
711 994 830 1023 densas:
857 1001 900 1031 et,
924 1000 956 1023 ut
978 996 1041 1033 ipse
1064 1000 1130 1023 ante
1153 995 1243 1031 dicit,
1266 995 1405 1032 liquidas.
1452 994 1494 1021 Ab
1519 1003 1570 1031 ego
1594 994 1683 1031 igitur
1706 993 1887 1030 Cornpilare‚
1909 1002 1984 1027 non,
2010 998 2044 1021 ut

95 1037 256 1073 Asconius,
281 1048 296 1065 a
320 1037 398 1075 pilis.
431 1037 490 1072 Qui
513 1037 603 1072 igitur
626 1037 722 1065 omnia
746 1038 869 1076 pressim
895 1038 1025 1076 colligit,
1050 1038 1160 1066 dicitur
1184 1036 1357 1076 Compilare.
1392 1037 1491 1072 Quare
1514 1035 1563 1064 hic
1586 1041 1679 1068 recte,
1704 1045 1822 1072 cogere,
1848 1040 1878 1062 ut
1901 1035 1931 1063 in
1952 1045 2044 1063 unum

95 1079 225 1108 condere
247 1080 416 1118 exponitur.
456 1080 489 1107 In
514 1080 635 1107 Graecis
659 1090 728 1108 sane
752 1080 781 1108 id
807 1080 886 1116 sero,
918 1081 967 1118 qni
992 1081 1154 1119 compilare
1175 1080 1410 1118 interpretantur
1432 1079 1575 1117 μαὸίζειν.
1601 1077 1698 1107 Scal.
1740 1075 1911 1115 Compilare.
1948 1077 1970 1104 A
1993 1077 2043 1115 pi-

95 1119 156 1149 lare
176 1121 283 1159 igitur,
307 1121 365 1150 hoc
387 1127 430 1150 est
454 1124 574 1158 πιλοῦν,
598 1122 708 1151 dicitur
731 1122 771 1157 is,
796 1124 846 1160 qui
870 1123 967 1151 omnia
990 1124 1115 1162 pressim
1139 1123 1260 1160 colligit.
1298 1123 1329 1150 ln
1350 1121 1427 1150 libro
1452 1121 1549 1149 Fulvii
1573 1121 1671 1149 Ursini
1694 1131 1748 1158 pro
1773 1130 1870 1158 cogere
1893 1124 1954 1147 erat
1974 1130 2042 1148 con-

90 1175 166 1202 gere.
198 1164 279 1192 Unde
302 1165 351 1193 ille
372 1164 501 1193 faciebat
524 1175 681 1203 congerere.
713 1165 768 1193 Sed
794 1176 914 1204 congere
936 1177 990 1204 pro
1015 1177 1115 1205 cogere
1137 1165 1257 1204 antiqua
1280 1165 1349 1199 illa,
1373 1164 1423 1192 sed
1446 1164 1553 1193 vitiosa
1578 1163 1728 1191 scribendi
1751 1161 1979 1198 consuetudinem
2001 1161 2042 1190 sic

92 1205 302 1243 Thensaurus,
327 1208 505 1244 consensus,
530 1207 746 1245 compluriens,
772 1208 917 1244 quotiens.
942 1208 993 1236 Da
1003 1220 1026 1237 c.
1062 1207 1100 1236 Εἰ
1123 1209 1153 1237 ἰη
1175 1219 1264 1236 unum
1289 1206 1428 1243 condere,-
1451 1207 1521 1235 vide
1543 1207 1621 1235 infra
1644 1204 1758 1242 Pilum,
1783 1204 1833 1243 qui
1856 1204 1972 1242 publica
1995 1214 2042 1232 sa-

94 1259 143 1277 cra
167 1250 415 1288 compilaverunt.
438 1250 500 1282 l.9.
526 1250 547 1288 ᾗ.
565 1253 591 1280 1.
606 1249 635 1277 ff.
660 1250 696 1278 ad
719 1251 738 1278 l.
762 1250 868 1277 Iuliam
890 1251 1052 1288 peculatus.
1100 1249 1203 1280 Goth.

262 1292 488 1330 Compei-nes.
535 1292 639 1320 Graeci
670 1297 778 1320 vocant
808 1290 1021 1332 γονυκρότους,
1053 1292 1153 1322 Scal.
1198 1292 1258 1328 Qui
1288 1302 1381 1329 genua
1409 1290 1614 1320 coniunctiora
1638 1289 1764 1325 habent,
1805 1298 1890 1327 quam
1914 1298 1969 1326 par
1990 1293 2041 1317 est.

92 1334 188 1362 Plaut.
205 1334 372 1369 Militem,
398 1337 424 1364 1.
448 1335 563 1372 (127.):
593 1334 658 1362 Aut
681 1345 799 1371 varum,
831 1342 882 1362 aut
904 1334 1040 1374 valgum,
1076 1343 1127 1364 aut
1150 1346 1347 1375 compernem,
1370 1341 1421 1363 aut
1441 1341 1573 1374 paetum,
1597 1341 1646 1362 aut
1670 1331 1807 1361 broncum
1818 1329 1930 1371 filium.
1954 1329 2040 1360 Dac.

90 1376 165 1404 Vide
187 1377 314 1405 Nonium
338 1377 368 1404 in
395 1376 566 1415 Compernes
587 1377 664 1414 (pag.
678 1379 728 1408 25.
751 1377 803 1405 Ed.
824 1377 935 1415 Mero).
986 1377 1092 1408 Goth.

256 1417 517 1460 Conjoedusti.
565 1419 624 1447 lmo
646 1420 748 1458 potius
770 1420 889 1448 videtur
913 1420 1094 1456 Cmffidusti,
1125 1432 1139 1449 a
1163 1420 1238 1449 fidus
1262 1420 1405 1457 fidustus,
1437 1424 1470 1448 ut
1494 1419 1529 1448 ab
1553 1429 1658 1455 ancus,
1690 1422 1847 1455 angustus,
1878 1415 1913 1443 ab
1935 1425 2040 1451 uncus,

88 1465 244 1499 angustus.
267 1460 363 1490 Scal.
397 1461 455 1490 Sed
478 1461 551 1489 nihil
575 1462 767 1500 mutandum,
791 1473 858 1492 nam
881 1468 915 1493 ut
937 1463 1047 1503 optime
1071 1463 1211 1499 Vossius,
1236 1474 1252 1492 a
1275 1474 1330 1493 con
1354 1468 1382 1493 et
1394 1461 1510 1505 foedus
1533 1466 1577 1491 est
1600 1459 1824 1504 confoedustus,
1848 1463 1880 1487 ut
1900 1457 1935 1486 ab
1959 1469 2040 1494 onus,

89 1511 218 1533 onustus.
262 1503 349 1533 Dac-

257 1544 528 1578 Commissatio.
575 1548 681 1576 Graeci
702 1548 938 1588 interpretantur
960 1549 1123 1588 ἐπίκωμον.
1148 1548 1248 1579 Scal.
1287 1549 1410 1588 Proprie
1432 1548 1619 1584 convivium,
1650 1545 1730 1585 quod
1754 1549 1821 1583 post
1843 1541 2039 1589 coenam-sie-

89 1586 139 1615 bat
161 1587 190 1615 in
213 1588 337 1616 multam
360 1594 476 1617 noctem
501 1601 515 1617 a
541 1590 657 1618 Graeco
680 1589 826 1628 κωμάζειν
848 1593 879 1620 in
901 1590 1022 1621 multam
1046 1600 1158 1621 noctem
1183 1592 1341 1621 convivari.
1375 1591 1443 1620 Sive
1466 1591 1504 1619 ad
1527 1591 1650 1619 Comum
1673 1588 1811 1617 lasciviae
1833 1591 1862 1614 et
1885 1594 2040 1614 Convlvm-

88 1638 156 1658 rum
179 1629 267 1658 deum
291 1635 358 1668 post
381 1641 503 1660 coenam
525 1633 568 1660 ire
591 1643 656 1660 cum
681 1635 817 1672 corollis,
859 1634 1019 1663 conviviali
1043 1640 1141 1669 veste,
1179 1635 1330 1663 funalibus
1354 1639 1383 1663 et
1405 1634 1544 1662 tibicinis.
1588 1631 1673 1661 Unde
1697 1629 1885 1660 lasciviarum
1907 1627 2040 1667 eruptio—

91 1681 154 1699 nem
177 1676 266 1700 vocat
287 1673 498 1702 Tertullianus.
542 1675 616 1702 Vide
639 1676 761 1705 Casaub.
785 1677 822 1705 de
845 1677 980 1715 satyrica
1004 1677 1094 1715 poesi.
1115 1677 1166 1707 lib.
1184 1679 1210 1707 1.
1237 1677 1301 1708 c.4.
1346 1677 1434 1706 Dae.

255 1712 504 1744 committere.
547 1717 663 1755 Opinoi·
684 1729 741 1757 pro
766 1717 929 1759 delinquere
950 1719 1104 1757 legendum
1130 1730 1191 1748 esse
1215 1718 1382 1760 relinquere.
1404 1716 1505 1747 Fulv.
1535 1717 1610 1746 Urs.
1646 1715 1747 1744 Scribe
1770 1711 1949 1753 delinquere,
1979 1721 2038 1740 ⁰⁰¹¹

89 1752 256 1795 relinquere.
281 1755 381 1787 Scal.
416 1757 542 1788 Insimul
562 1761 688 1796 mittere,
711 1762 834 1800 iungere.
867 1762 967 1799 virgil.
991 1761 1074 1801 (Aen.
1089 1762 1146 1798 Ill,
1169 1763 1270 1798 4280:

667 1802 842 1840 Delphinum
865 1803 976 1833 caudas
999 1812 1078 1833 utero
1100 1805 1256 1833 commissa
1280 1801 1424 1841 luporum.

89 1838 269 1868 Commissas
291 1839 420 1879 habens,
444 1842 474 1870 id
499 1848 557 1880 est,
580 1844 705 1873 iunctas.
726 1846 781 1874 Pro
801 1845 903 1886 facere
924 1847 983 1875 Cic.
1007 1847 1056 1875 lib.
1071 1847 1091 1876 Ι,
1116 1847 1153 1875 de
1167 1846 1291 1883 Legibus
1315 1845 1385 1883 (13,
1409 1844 1489 1882 37.):
1522 1842 1670 1881 Quocirca
1689 1851 1786 1870 vereor
1808 1838 1984 1869 committere
2003 1848 2038 1865 ne

88 1891 146 1910 non
170 1880 239 1911 bene
256 1884 376 1922 provisa
397 1886 544 1925 principia
564 1895 734 1926 ponantur5
758 1899 812 1926 pro
831 1887 1010 1928 delinquere,
1035 1889 1078 1917 sic
1101 1889 1177 1917 enim
1200 1889 1270 1925 legit
1285 1888 1414 1924 Scaliger
1438 1897 1491 1926 pro
1516 1884 1682 1925 relinquere.
1706 1882 1818 1922 Virg.1.
1833 1882 1904 1910 Aen.
1923 1880 2035 1916 (231.):

668 1929 748 1967 Quill
769 1942 849 1959 meus
870 1931 986 1959 Aeneas
1009 1932 1039 1959 in
1064 1938 1089 1959 ie
1113 1932 1290 1960 committere
1312 1937 1434 1966 tantum,

221 2007 226 2012 ⁸
667 1971 747 2010 Quid
772 1973 862 2001 Troes
881 1972 1022 2012 potuere?

86 2006 143 2035 Sed
168 2008 324 2046 scripsisse
345 2011 443 2048 potuit
465 2012 550 2040 etiam
573 2013 676 2042 Festus
699 2013 865 2054 relinquere.
911 2016 960 2043 Sic
982 2015 1095 2043 Nonius
1119 2016 1160 2053 (p.
1175 2014 1247 2045 248.
1271 2014 1389 2050 Merc.):
1415 2011 1613 2045 Commium,
1638 2009 1764 2045 donare,
1787 2005 1960 2047 relinquere,
1985 2004 2033 2034 M.

87 2048 206 2078 Tullius
228 2051 259 2079 in
280 2050 397 2081 Verrem
421 2055 536 2083 actione
559 2054 599 2083 ΙΙ.
624 2060 673 2092 (1,
699 2058 779 2094 1().):
816 2057 847 2085 Is
870 2056 1096 2086 calumniatores
1118 2068 1159 2085 ea·
1180 2058 1246 2084 sinu
1268 2067 1319 2084 suo
1343 2057 1494 2094 apposuit,
1524 2055 1575 2095 qui
1597 2051 1680 2083 illam
1702 2048 1907 2080 haereditatem
1927 2047 2034 2077 Veneri

87 2089 231 2132 Erycinae
252 2095 436 2124 commissam
459 2108 517 2125 esse
537 2096 680 2134 dicerent3
704 2110 758 2137 pro
783 2100 916 2138 incipere.
949 2100 1026 2137 Virg.
1050 2099 1099 2128 l1b.
1113 2099 1146 2127 V.
1171 2099 1253 2137 (Aen.
1275 2098 1308 2135 V,
1334 2099 1434 2136 113-):

661 2140 698 2169 Et
721 2140 792 2169 tuba
815 2142 985 2170 commissos
1007 2140 1103 2170 medio
1126 2142 1206 2170 canit
1228 2152 1331 2180 aggere
1351 2139 1448 2177 ludos,

83 2179 112 2203 et
134 2175 184 2205 lib.
198 2175 261 2205 VII.
284 2176 399 2218 (542.):

662 2223 804 2254 Promissi
827 2224 880 2253 dea
893 2224 987 2267 facta
1008 2232 1110 2264 polens
1129 2224 1180 2254 ubi
1201 2225 1340 2264 sanguine
1363 2223 1469 2253 bellum

663 2265 772 2295 Imbuiz
794 2275 819 2296 et
841 2269 955 2307 primae
977 2268 1122 2297 commisit
1134 2267 1249 2309 funera
1269 2278 1394 2307 pugnae.

82 2300 170 2332 Dac.
200 2301 376 2345 Relinquere
397 2306 580 2344 delinquere.
627 2307 731 2337 Goth.

123 2385 128 2390 ι
249 2344 425 2379 Condere.
470 2350 566 2378 Simul
588 2350 619 2378 in
642 2351 810 2380 interiorem
834 2353 932 2380 locum
956 2352 1026 2381 dare
1048 2353 1202 2381 custodiae
1226 2362 1328 2389 causa3
1353 2356 1387 2380 ut
1409 2348 1510 2380 condit
1526 2359 1593 2389 opes
1610 2345 1688 2376 alius
1708 2344 1801 2385 (Virg.
1818 2344 1869 2373 Ge.
1886 2343 1921 2377 ῙῘ,
1941 2342 2024 2376 507·)

83 2385 252 2425 Ahquando
275 2390 471 2429 conscribere,
501 2397 534 2421 ut
558 2394 719 2422 eoeercitum
743 2393 889 2432 condidit,
921 2394 952 2423 id
974 2401 1018 2424 est
1041 2395 1228 2434 conscripsit.
1272 2394 1442 2433 Aliquando
1456 2392 1582 2435 facere,
1611 2399 1797 2429 componere,
1820 2388 1969 2415 instruere,
1995 2385 2025 2408 ut
