2263 2668
231 87 281 122 36
648 88 789 121 PAULI
816 88 936 122 DIAC.
964 89 1219 125 EXCERPTA
1245 93 1308 127 Ex
1333 94 1423 130 LlB.
1450 95 1593 131 POMP.
1620 97 1757 132 FESTI

238 178 373 217 Canta¹
399 191 462 226 pro
489 177 642 213 cantata²
666 181 847 224 ponebant.

236 233 475 268 Caudicariae
500 242 597 263 naves
626 229 687 264 ex³
713 232 831 265 tabulis
858 232 1088 267 crassioribus⁴
1114 235 1233 272 factae.

237 283 498 319 Candelabrum
527 282 670 324 dictum,
711 283 803 326 quod
830 285 863 316 in
891 281 953 316 eo⁵
978 286 1140 320 candelae
1166 286 1341 333 figantur⁶.

237 335 444 371 Cantherius
469 332 537 366 hoc
564 333 662 366 distat
687 335 730 367 ab
758 346 863 379 equo,
897 333 1012 379 quod⁷
1038 339 1165 372 maialis
1192 352 1211 372 a
1237 351 1348 381 verre,
1383 338 1494 385 capo⁸
1520 354 1539 375 a
1566 343 1676 387 gallo,
1711 341 1852 377 vervex⁹
1878 346 1921 379 ab
1948 348 2057 381 ariete.
2109 350 2169 383 Est

333 386 418 418 enim
445 383 632 419 cantherius
660 397 780 429 equus,
814 388 867 421 cui
894 389 1034 422 testiculi
1060 396 1283 435 amputantur.

235 438 407 474 Cavillum
434 436 618 477 cavillatio,
660 437 695 469 id
724 443 772 471 est
797 437 910 472 irrisio.

236 488 424 524 Caudecae
434 484 458 503 ¹⁰
484 487 632 521 cistellae
659 499 699 521 ex
725 490 844 531 iunco,
886 503 905 523 a
931 491 1143 526 similitudine
1171 493 1310 537 equinae
1337 493 1465 526 caudae
1491 494 1609 530 factae.

235 539 370 575 Caulue
395 551 415 571 a
442 549 523 572 cavo
551 539 669 573 dictae.
722 541 908 585 Antiquitus
935 543 1021 576 enim
1048 549 1123 577 ante
1150 556 1244 578 usum
1271 549 1435 579 tectorum
1463 556 1541 580 oves
1568 547 1600 579 in
1628 548 1725 581 antris
1753 547 2036 582 claudebantur¹¹.

234 593 368 626 Cavum
394 602 414 622 a
440 590 527 624 chao
540 587 563 607 ¹²
589 591 715 624 dictum
742 597 775 625 et
785 589 809 609 ¹³
835 594 903 627 eius
930 594 1085 628 inanitate
1095 592 1127 627 ¹⁴.

234 642 444 678 Caculatum
453 638 477 659 ¹⁵
502 642 680 677 servitium.

234 694 384 729 Calones
410 693 515 727 calcei
541 704 581 726 ex
607 694 699 740 ligno
725 694 816 729 facti.

234 741 463 780 Clacendix¹⁶
488 756 593 790 genus
620 745 779 780 conchae.

234 797 372 841 Calpur
397 807 502 841 genus
528 797 612 830 vasis
638 797 757 832 fictilis.

233 848 359 883 Calces
385 847 555 892 ampullae
582 849 773 893 plumbeae.

233 899 381 933 Calbeos
406 900 550 932 armillas
576 900 751 941 dicebant,
794 900 911 943 quibus
937 902 1179 947 triumphantes
1207 904 1398 943 utebantur,
1447 912 1479 938 et
1505 906 1623 949 quibus
1651 906 1694 938 oh
1723 904 1888 939 virtutes¹³
1915 907 2032 940 milites
2059 908 2165 941 dona-

327 951 456 984 bantur.

230 1002 351 1043 Calix,
378 1002 472 1046 quod
498 1003 532 1035 in
559 1014 598 1036 eo
626 1003 771 1037 calidum
798 1003 923 1037 bibitur
934 1000 968 1039 ¹³.

232 1054 403 1098 Calpurni
413 1050 436 1071 ¹⁰
457 1066 475 1086 a
497 1053 606 1099 Calpo
626 1055 756 1088 Numae
782 1055 868 1099 regis
894 1056 963 1089 filio
988 1062 1061 1088 sunt
1087 1056 1227 1091 oriundi.

231 1102 380 1140 Calim²⁰
405 1105 530 1148 antiqui
556 1106 713 1140 dicebant
738 1117 801 1150 pro
828 1107 937 1151 clam,
977 1112 1013 1140 ut
1038 1108 1091 1141 nis
1116 1120 1180 1152 pro
1207 1107 1322 1149 nobis,
1356 1120 1435 1142 sam
1461 1121 1524 1154 pro
1550 1121 1670 1152 suum,
1706 1111 1752 1143 im
1779 1122 1843 1155 pro
1872 1122 1958 1145 eum.

230 1157 394 1192 Calicata
420 1156 574 1190 aedificia
599 1159 693 1191 calce
719 1158 835 1201 polita.

231 1205 437 1253 Calyptra²¹
464 1219 571 1253 genus
596 1206 678 1242 est²²
703 1209 906 1249 vestimenti,
949 1221 1017 1252 quo
1045 1210 1154 1254 capita
1182 1211 1379 1255 operiebant
1389 1208 1424 1242 ²³.

230 1259 402 1294 Calathos
428 1258 570 1302 Graeci,
610 1271 669 1293 nos
696 1257 869 1294 dicimus²⁴
896 1262 1071 1305 quasillos.

229 1311 491 1345 caduceatores
516 1311 623 1356 legati
648 1324 768 1356 pacem
794 1316 952 1356 petentes.
1006 1312 1091 1346 Cato
1119 1313 1373 1354 Caduceatori,
1407 1314 1528 1357 inquit,
1562 1325 1662 1347 nemo
1689 1314 1790 1347 homo
1816 1312 1957 1349 nocet²⁵.

228 1362 437 1396 Carinanles
461 1363 587 1407 probra
613 1360 858 1403 obiectantesffi,
893 1376 912 1396 a
938 1364 1047 1397 carina
1075 1361 1200 1406 dicti27,
1238 1376 1325 1408 quae
1351 1370 1398 1398 est
1425 1365 1537 1398 infima
1547 1361 1572 1382 ²⁸
1595 1377 1673 1410 pars
1701 1366 1804 1403 navis;
1847 1367 1892 1399 sic
1918 1366 1965 1399 illi
1993 1366 2086 1399 sortis
2113 1367 2163 1399 in-

322 1414 431 1448 fimae.

227 1465 387 1500 cadmea
412 1471 515 1508 terra,
550 1478 637 1511 quae
663 1467 695 1499 in
723 1479 778 1500 aes
805 1462 1022 1508 coniicitur²⁹‚
1055 1472 1090 1499 ut
1112 1467 1170 1500 fiat
1192 1467 1398 1502 orichalcum
1410 1465 1445 1503 ³⁰.

228 1517 323 1550 Casa
349 1530 368 1550 a
395 1518 568 1551 cavatione
595 1519 693 1552 dicta.

227 1566 409 1602 Cascum³¹
437 1570 614 1613 antiquum.

227 1619 363 1654 Casnar
389 1632 487 1654 senex
514 1621 680 1655 Oscorum
706 1621 830 1666 lingua.

225 1669 440 1706 cassiculum
466 1673 641 1707 reticulum
669 1669 724 1706 21³²
751 1673 896 1708 cassibus
907 1669 932 1689 ³³
953 1684 1015 1717 per
1042 1673 1292 1707 diminutionem
1321 1674 1456 1709 dictum.

227 1720 357 1757 Caseus
384 1736 403 1756 a
429 1725 583 1758 coeundo
611 1725 728 1760 dictus.

307 1806 335 1846 1)
362 1809 477 1848 Canta]
505 1811 622 1839 Cantas
637 1810 668 1840 L.
691 1827 733 1832 —
755 1810 785 1849 2)
808 1809 951 1848 cantata]
974 1816 1118 1837 cantatus
1137 1811 1169 1839 L.
1213 1821 1233 1837 ιι
1250 1811 1363 1838 Graeco
1378 1811 1478 1845 κίλλιξ.
1506 1825 1540 1829 —
1568 1808 1612 1849 19)
1638 1808 1798 1847 Calpurni]
1825 1808 1997 1846 Gallium-ni
2009 1807 2043 1836 B.
2090 1807 2159 1835 Cal-

225 1847 279 1875 GU·
295 1851 318 1878 l.
341 1866 381 1872 —
402 1855 429 1885 3)
455 1852 499 1890 ex]
522 1865 535 1881 e
549 1854 586 1882 M.
607 1869 651 1875 —
671 1851 702 1893 4)
725 1852 941 1891 crassioribus]
962 1853 1170 1891 grossioribus
1207 1854 1286 1891 puni
1303 1852 1359 1883 Gu.
1379 1855 1403 1883 1.
1428 1867 1469 1872 -
1492 1851 1537 1892 ΞΟ)
1566 1851 1678 1890 Galim]
1702 1852 1751 1880 Sic
1768 1852 1797 1879 L.
1814 1861 1859 1889 pr.
1877 1851 1905 1878 S.
1948 1850 2049 1878 calam.
2066 1849 2158 1881 Gu.1.

223 1889 254 1918 B·
271 1889 307 1916 Μ·
325 1891 379 1919 Gu-
392 1897 456 1925 1.2.
473 1906 519 1933 pr.
543 1912 584 1917 —-
605 1894 633 1934 5)
656 1895 700 1933 eo]
723 1895 772 1923 Sic
789 1895 821 1923 L.
835 1895 873 1924 Μ.
890 1895 987 1926 Gu.1.
1006 1906 1050 1935 pr.
1068 1896 1095 1923 S.
1134 1906 1169 1922 eu
1215 1895 1327 1923 Callim
1342 1895 1420 1931 vulg.
1445 1910 1481 1915 —
1507 1896 1551 1930 21)
1579 1893 1741 1932 Οιιζψινα]
1765 1893 1846 1931 vulg.
1893 1892 2034 1931 Culiptra
2047 1891 2086 1921 M.
2102 1892 2158 1920 Gu-

224 1930 301 1968 vulg.
324 1934 405 1961 male.
430 1952 464 1956 —-
488 1937 516 1975 6)
530 1937 749 1976 candelaefig.]
765 1938 825 1976 fig.
840 1937 927 1966 caud.
942 1938 975 1966 Β.
988 1954 1029 1959 ——
1043 1936 1072 1978 7)
1088 1936 1171 1976 quod
1214 1940 1240 1967 1.
1254 1940 1284 1969 2.
1308 1938 1337 1966 S.
1385 1937 1541 1974 Calisprta
1561 1937 1593 1964 Β.
1640 1936 1768 1974 Caput-a
1788 1936 1819 1964 L.
1840 1951 1881 1957 —-
1902 1934 1948 1974 22)
1969 1934 2027 1973 εει]
2052 1945 2109 1963 om.
2125 1934 2157 1962 B.

224 1973 366 2012 maiali-5]
391 1986 448 2012 quo
464 1978 495 2006 L.
539 1981 685 2018 mugialis
699 1981 733 2009 Β.
758 1996 794 2001 -
820 1978 849 2019 S)
873 1979 968 2019 capo]
991 1980 1039 2008 Sic
1054 1980 1093 2010 M.
1112 1980 1166 2008 Cu.
1211 1980 1250 2008 M.
1270 1980 1361 2011 Gu.1.
1377 1990 1422 2019 pr.
1447 1995 1480 2000 -—
1507 1981 1555 2015 23)
1576 1978 1757 2017 operiebant]
1772 1977 1981 2016 operiebantur
1994 1978 2027 2006 B.
2044 1992 2084 1999 —
2105 1972 2153 2015 24)

226 2018 252 2045 1·
265 2018 293 2047 2-
331 2026 426 2054 capus
442 2019 520 2056 vulg.
543 2038 575 2042 -
597 2022 624 2060 9)
639 2022 752 2060 vervex]
770 2022 870 2050 berbix
886 2023 924 2051 M.
961 2023 1063 2051 berbex
1076 2023 1166 2054 Gu.2.
1212 2021 1358 2061 dicimus]
1382 2033 1439 2052 om.
1454 2022 1486 2050 B.
1531 2021 1640 2050 Verba:
1672 2021 1820 2050 Calatlzos
1833 2036 1874 2042 —
1891 2020 2040 2059 quasillo-5·
2055 2027 2111 2047 om.
2123 2017 2156 2047 L.

221 2073 264 2078 —
294 2056 339 2096 10)
365 2058 536 2099 Cuudecae]
563 2063 714 2092 Caudicae
728 2066 757 2094 S.
785 2081 826 2087 —
858 2064 902 2104 11)
927 2064 1167 2103 claudebantur]
1210 2081 1252 2086 -
1272 2063 1318 2102 25)
1341 2064 1440 2103 nocet]
1463 2070 1552 2092 uocat
1567 2064 1599 2093 L.
1643 2064 1778 2093 Fortasse
1792 2063 1851 2092 fuit
1863 2068 1968 2091 noceat
1982 2061 2155 2101 scriptuma

224 2098 412 2128 ducebantur
427 2102 458 2131 L.
479 2102 535 2133 Gu.
553 2106 579 2133 1.
601 2121 641 2126 —·
666 2106 708 2145 12)
733 2107 824 2146 chao]
848 2118 921 2135 cavo
938 2108 972 2137 B.
995 2124 1035 2130 —
1058 2108 1104 2145 13)
1129 2107 1167 2146 et]
1211 2108 1331 2136 Catone.
1354 2123 1396 2128 ——
1417 2105 1462 2146 26)
1480 2105 1671 2146 obiectantes]
1687 2107 1736 2135 Sic
1749 2106 1786 2135 M.
1804 2106 1901 2137 Gu.2.
1916 2106 1944 2135 S.
1987 2104 2155 2133 obiiciente-5

224 2141 261 2169 ab
277 2142 308 2170 L.
332 2158 369 2164 —
395 2142 440 2182 14)
463 2144 622 2183 inanitate]
645 2149 831 2178 immanitate
848 2150 903 2180 Gu,
918 2153 948 2181 2.
970 2166 1012 2172 ·—·
1039 2149 1083 2190 lb)
1108 2148 1167 2179 Ga·
1211 2150 1290 2188 vulg.
1313 2166 1356 2172 —
1377 2147 1426 2189 27)
1448 2148 1540 2184 dicti]
1564 2154 1633 2177 sunt
1655 2149 1723 2179 add.
1744 2149 1777 2177 B.
1822 2158 1878 2177 om.
1898 2146 1974 2175 dicti
1993 2147 2047 2176 Gu.
2065 2148 2093 2178 1.
2114 2162 2153 2167 —

223 2184 360 2212 culatum
381 2186 555 2225 servitium]
577 2187 632 2215 Hic
654 2189 793 2219 articulus
811 2193 842 2219 in
860 2202 918 2220 uno
937 2192 1002 2222 cod.
1020 2193 1075 2221 Gu.
1092 2196 1120 2225 2.
1137 2197 1167 2221 et
1209 2192 1257 2227 28)
1280 2191 1404 2231 infima]
1427 2192 1536 2220 ultima
1555 2192 1609 2220 Gn.
1628 2196 1655 2223 1.
1686 2208 1725 2213 —
1751 2190 1797 2229 29)
1821 2189 2004 2227 coniicitur]
2026 2189 2154 2217 coicitur

223 2226 294 2255 edit.
307 2227 381 2256 Scal.
397 2233 426 2257 et
443 2229 511 2259 Dae.
526 2229 682 2267 reperitur.
720 2232 793 2260 Ceu.
807 2234 956 2264 omittunt.
969 2251 1012 2256 —
1028 2237 1072 2271 16)
1091 2235 1165 2264 Cla-
1210 2235 1240 2263 L.
1255 2234 1294 2263 M.
1316 2251 1357 2257 —
1379 2232 1428 2273 30)
1451 2234 1655 2272 orichalcum]
1679 2234 1798 2264 ericalc.
1814 2233 1852 2262 M.
1897 2233 1969 2261 oric.
1992 2231 2047 2260 Gu.
2061 2233 2088 2261 1.
2111 2243 2152 2251 -

223 2268 342 2308 cendi-2¹]
367 2270 415 2299 Sic
431 2271 462 2299 L·
479 2272 511 2300 B·
525 2271 562 2300 M-
580 2271 636 2299 Gu-
653 2275 680 2303 2.
699 2273 726 2301 S.
775 2274 934 2303 Calcmdix
952 2277 1032 2314 vulg.
1057 2293 1093 2298 —
1119 2279 1166 2315 17)
1207 2275 1255 2317 31)
1281 2276 1422 2315 Cascam]
1442 2277 1572 2306 Cassam
1588 2277 1620 2306 L.
1643 2292 1686 2298 —
1705 2274 1752 2314 32)
1767 2276 1797 2314 α]
1813 2275 1862 2304 Sic
1878 2275 1908 2304 L.
1919 2275 1951 2303 B.
1967 2273 2006 2302 M.
2021 2273 2076 2302 Gn.
2087 2272 2149 2302 1·2-

222 2311 361 2350 virtutes]
384 2314 524 2341 virtutem
542 2314 574 2343 B.
592 2313 647 2342 Gu.
659 2316 684 2345 1.
701 2323 748 2352 pr.
771 2330 812 2335 —
836 2317 880 2352 18)
901 2318 1026 2357 bibitur]
1045 2319 1166 2347 bibatur
1208 2320 1237 2349 S.
1274 2320 1383 2358 evulg.
1405 2336 1447 2342 --
1468 2321 1517 2356 33)
1538 2319 1687 2357 cassibus]
1711 2317 1886 2347 castonibus
1899 2316 1936 2345 M.
1958 2330 2000 2336 —
2019 2313 2067 2352 34)
2092 2311 2150 2341 Ca-

224 2354 271 2391 L.,
295 2355 346 2393 qui
363 2355 460 2384 addit:
482 2357 530 2384 vel
545 2367 564 2383 a
580 2357 695 2384 Graeco
712 2356 804 2393 cylix5
827 2356 959 2386 similiter
975 2360 1019 2387 ed.
1034 2361 1108 2389 Scal.
1122 2362 1169 2389 vel
1208 2362 1383 2400 sabaudus]
1408 2363 1456 2391 Sic
1473 2363 1504 2391 L.
1552 2359 1773 2390 Cassabzmdus
1795 2359 1912 2397 vulgata
1937 2366 2002 2385 cum
2017 2359 2085 2384 cett.
2109 2369 2149 2374 —
