2263 2668
519 145 583 179 DE
610 145 996 180 SIGNIFIOATIONE
1031 144 1321 179 VERBORUM..
1368 148 1512 182 LIBER
1538 150 1628 183 xv1.
1974 148 2050 183 637

99 241 132 272 id
154 252 186 271 eo
208 241 331 280 augurio
354 244 514 267 rumentum
537 244 605 266 esto.
650 238 686 266 Et
709 243 809 276 aperte
832 238 861 267 id
883 248 920 266 ex
943 237 1025 266 libris
1050 239 1240 276 auguialibus
1264 249 1380 268 carmen
1404 246 1457 270 est.
1501 241 1641 271 Aerimen
1666 247 1709 271 est
1731 253 1794 279 aes,
1828 246 1861 270 ut
1885 252 1975 281 supra
2000 254 2051 272 co-

99 284 254 323 gnovimus
277 293 314 311 ex
336 281 386 310 lib.
397 280 448 310 Ill.
490 280 602 308 Morem
626 279 705 308 hunc
729 290 796 309 aera
819 281 849 308 in
873 281 1034 309 Salia1ibus
1059 282 1211 319 quatiendi
1234 283 1372 320 tangebat
1394 283 1528 321 Nigidius
1552 285 1628 313 libio
1645 285 1753 314 XVIII.
1799 283 1902 324 Itaque
1924 296 1964 313 ex
1987 296 2052 314 aere

99 328 130 356 in
154 324 321 355 Saliaribus
342 322 476 353 Altanus
498 323 627 351 ilminat.
652 321 750 351 Scal.
796 324 820 351 A
843 334 944 362 rumpo
967 323 1028 351 sive
1052 334 1138 362 rupo,
1168 325 1246 363 rupi,
1279 326 1423 364 rupimm,
1454 328 1661 366 rupimentum‚
1688 334 1863 363 rumentum,
1887 331 1922 355 ut
1944 338 1959 355 a
1983 338 2051 356 mo-

99 380 166 405 veo,
195 368 288 404 movi,
318 367 476 401 mavimam,
509 366 730 413 monimentum,
767 372 949 394 momentum.
993 365 1067 393 Ista:
1106 365 1174 394 dum
1197 366 1282 395 verba
1307 366 1467 404 ancilibus,
1504 380 1541 398 ex
1564 370 1755 406 auguialibus
1778 369 1860 397 libn's
1883 370 2049 418 desumpta.

100 412 176 440 Dum
200 409 396 439 movebantur
419 407 542 443 ancilia,
565 407 589 435 si
615 408 675 435 avis
699 418 801 436 xocem
826 408 1050 444 emise1it,non
1074 409 1171 437 minus
1196 419 1249 446 aug
1254 410 1318 437 uiio
1341 411 1384 438 illi
1407 417 1578 440 rumentum
1601 411 1704 447 fiebat,
1730 423 1818 450 quam
1835 413 1968 450 auspicio
1985 412 2050 440 cui-

99 454 145 482 vis
169 453 235 490 alii,
257 452 282 481 si
305 451 384 491 quod
409 451 519 479 facium
543 454 625 479 esset.
672 450 731 478 Hos
754 449 852 479 hiatus
876 450 945 478 olim
968 451 1161 489 suppleverat
1183 453 1314 490 Scaliger
1336 453 1391 490 ita,
1420 458 1452 482 ut
1474 455 1628 493 suppleta,
1653 455 1708 483 nisi
1732 455 1790 483 alia
1813 454 1939 483 schedae
1962 454 2049 483 exhi-

99 496 218 532 herent,
243 505 300 534 pro
323 494 402 522 veris
425 492 511 521 facile
533 497 652 531 recepta
677 492 808 522 fuissent
853 491 940 521 Dac.

264 535 368 575 Rheg
376 537 455 565 ium.
499 534 579 562 Festi
603 535 701 563 veibis
724 545 818 573 pauca
841 534 912 563 hacc
937 540 987 563 aut
1010 534 1056 563 his
1080 536 1185 564 similia
1209 536 1433 566 desideiantur:
1467 536 1614 577 Rhegium
1639 537 1789 579 appellare
1812 539 1869 578 (sig
1872 539 1992 578 nificare
2014 549 2050 568 ex

101 579 200 609 sched.
222 578 324 617 Dac.)
348 585 478 618 oportere
500 581 554 606 etc.
578 577 666 606 Ant.
689 577 782 616 Aug
827 577 928 606 Sc1ibe
951 578 1089 617 ῥαγῆναι.
1122 578 1284 617 Aeschylus
1309 577 1419 619 (Prom.
1443 579 1614 620 sol.189.):

718 635 761 641 ’-
804 636 844 641 ““
886 636 928 641 -“
967 618 1127 671 ,ἅπὲῥρἇῗη

714 658 753 690 Η
771 658 834 702 γαῖ’
859 659 917 700 ἀφ’
941 662 976 692 οὐ
1001 661 1037 701 δη
1058 660 1177 703 Ρηγιον
1200 661 1394 701 κικλήσκεται.

101 707 185 743 Quae
205 705 297 735 verba
319 704 436 734 odorati
461 713 562 732 sumus
586 713 621 731 ex
644 704 798 732 Stiabonis
820 705 897 733 libro
913 704 958 734 VI.
982 704 1081 734 Scal.
1125 705 1232 734 Strabo
1256 706 1306 736 lib.
1321 707 1371 735 XI.
1395 707 1457 747 (VI
1482 717 1547 746 pag.
1560 705 1661 757 258.):
1683 705 1859 746 Ὠνομάσθη
1882 706 1914 738 δὲ
1933 704 2050 746 Ῥηγιον

101 745 177 785 εἷθ’,
204 746 245 784 ὥς
268 758 361 787 φησιν
384 744 548 785 Αἶσχυλος,
578 744 627 776 δια
650 744 682 776 τὸ
706 745 826 801 συμβὰν
848 745 950 782 πάθος
970 750 1016 797 τῇ
1027 745 1109 787 χώρα
1132 745 1236 787 ταύτῃ·
1269 746 1425 799 απεροαγ1
1428 761 1477 779 ναι
1499 748 1555 789 γὰρ
1580 747 1641 780 ἀπό
1662 753 1714 788 τῆς
1735 747 1862 788 ἠπείρου
1885 747 1940 788 τὴν
1962 752 2051 780 Σικε-

99 792 168 822 λίαν
192 788 252 821 vimi
276 792 407 830 σεισμῶν
430 788 512 819 ἄλλοι
536 800 565 818 τε
587 786 726 824 κάκεῖνος
750 791 868 829 εἴρηκεν
893 787 951 828 ἀφ’
977 802 1012 821 ου
1039 789 1075 828 δὴ
1096 788 1212 830 Ρηγιον
1241 789 1437 828 κικλήσκεται
1485 792 1542 828 Qui
1572 792 1656 820 locus
1679 792 1832 821 Strabonis
1859 792 1986 831 pessime
2014 791 2049 820 ab

98 833 311 872 interpretibus
333 837 473 871 acceptus
497 835 549 861 est.
596 831 751 869 Subiungit
779 832 856 861 idem
879 832 985 861 Stiabo
1010 833 1108 861 forsan
1132 844 1147 861 a
1171 843 1243 861 voce
1267 834 1368 863 Latina
1393 846 1456 873 rege
1477 845 1582 863 nomen
1605 835 1672 863 u1bi
1695 835 1823 863 inditum
1846 839 1969 873 propter
1991 834 2050 862 loci

100 876 290 915 splendorem
319 880 347 904 et
376 880 533 912 utramque
563 873 626 901 eius
656 876 832 903 sententian]
864 875 949 904 affert
975 875 1107 903 Eustath.
1131 876 1161 904 in
1187 876 1359 914 Dionysium
1382 887 1448 916 pag.
1463 877 1514 909 48.
1559 877 1617 906 Sed
1644 883 1673 907 et
1695 877 1869 906 Strabonem
1893 881 1921 905 et
1944 877 2051 905 Eusta-

100 918 196 948 thium
220 928 338 947 movere
362 918 502 953 debebat,
541 917 622 954 quod
646 923 791 956 perpetuo
815 918 911 946 Latini
932 916 1077 958 Rhegium
1101 929 1169 946 cum
1195 919 1375 958 aspiratione
1404 919 1605 958 scripserunt,
1643 921 1723 957 quod
1747 930 1804 948 non
1828 919 1966 948 fecissent
1988 919 2012 947 si
2034 930 2048 946 a

99 971 168 999 rege
192 961 304 989 dictum
329 961 531 1000 opinarentur.
578 959 680 988 lustin.
704 960 816 988 lib.lll.
840 961 909 998 (IV,
935 964 968 997 1,
991 961 1050 998 7.):
1089 959 1234 1000 Rhegium
1264 961 1372 991 dicitur
1394 961 1458 990 ideo
1486 963 1554 1001 quia
1581 960 1689 991 Graece
1711 961 1836 1001 abrupta
1858 961 1913 991 hoc
1936 962 2051 990 nomine

98 1003 334 1043 pronuntiantur.
380 1004 542 1040 Uirumque
572 1002 658 1030 etiam
683 1007 803 1040 etymon
827 1003 960 1041 respexit
982 1003 1102 1031 Verrius
1126 1014 1191 1031 cum
1216 1004 1335 1043 scripsit
1357 1004 1499 1041 Rhegium
1523 1004 1686 1042 significare
1710 1009 1848 1043 oportere
1869 1004 1902 1032 id
1923 1004 2051 1032 munici-

97 1046 198 1085 pium,
231 1046 311 1084 quod
335 1056 350 1074 a
373 1046 494 1084 regione
516 1044 649 1081 Siciliae,
689 1055 704 1072 a
729 1055 803 1074 voce
827 1046 939 1074 Graeca
963 1045 1090 1086 ῥαγῆναι,
1113 1056 1147 1074 eo
1171 1047 1277 1084 magis,
1314 1049 1382 1084 quia
1405 1048 1434 1075 in
1459 1047 1554 1075 Gallia
1577 1047 1723 1086 Cisalpina
1747 1048 1843 1076 forum
1867 1046 1969 1085 Lepidi
1994 1047 2050 1075 Re-

99 1090 180 1126 gium
202 1093 331 1117 vocatur
352 1099 367 1116 a
391 1098 465 1117 voce
488 1088 589 1115 Latina
613 1098 676 1126 rege
699 1088 821 1119 scilicet.
866 1089 940 1116 Nam
964 1087 1009 1116 his
1033 1088 1129 1117 vei-bis
1153 1099 1201 1117 eos
1225 1089 1332 1117 refellit
1356 1089 1406 1127 qui
1429 1088 1573 1128 Rhegium
1598 1101 1612 1117 a
1634 1100 1702 1127 rege
1725 1090 1783 1118 dici
1812 1089 1870 1118 rati
1899 1094 1984 1125 sunt,
2022 1093 2051 1117 et

98 1130 174 1159 haec
196 1131 253 1159 fuit
276 1132 420 1159 sententia
444 1130 540 1159 Veriii
562 1139 649 1168 quan]
673 1140 778 1168 parum
802 1130 941 1159 videntui
965 1130 1143 1169 inteipretes
1170 1132 1420 1160 animadvertisse.
1464 1132 1550 1160 Nunc
1573 1131 1609 1161 de
1631 1132 1730 1160 Sicilia
1755 1143 1790 1160 an
1813 1131 1978 1160 continenti
2000 1130 2049 1158 ab-

98 1179 187 1212 rupta
210 1174 301 1202 suerit
324 1173 417 1202 inulta
440 1173 509 1201 addi
531 1177 669 1222 possent,
708 1173 761 1201 sed
790 1173 858 1201 vide
881 1174 905 1202 si
928 1172 1002 1202 libet
1026 1173 1196 1202 Cluverium
1222 1178 1251 1202 et
1275 1174 1479 1212 Valgarneiam
1503 1179 1587 1203 tract.
1611 1174 1647 1203 de
1671 1175 1772 1213 primis
1796 1174 1912 1203 Siciliae
1934 1173 2048 1202 incolis.

99 1216 191 1246 Dae.
223 1214 288 1255 Reg
291 1216 362 1244 ione.
392 1217 501 1253 Regno.
537 1212 714 1245 Ραταῖαι.
741 1213 855 1254 Ρῆξαι,
880 1217 928 1244 alii
951 1216 1090 1255 ῥαγῆναι.
1140 1215 1245 1246 Goth.

263 1256 696 1297 Rhondesicadionque
735 1256 800 1295 (Ad
824 1269 852 1296 Ρ.
866 1257 950 1298 226.)
980 1256 1138 1295 Rhondes,
1175 1257 1320 1298 Icadionq
1323 1270 1373 1295 ue‚·
1414 1264 1442 1287 et
1471 1260 1590 1288 nomina
1615 1259 1798 1299 piratarum3
1836 1264 1864 1287 et
1892 1269 1979 1298 quam
2002 1256 2050 1286 illi

100 1307 190 1329 essent
210 1299 301 1329 saluti
324 1300 536 1339 navigantium.
561 1298 662 1328 Scal.
699 1298 841 1335 Rhande,
863 1300 1072 1340 Sicadionque.
1109 1302 1200 1338 Lege:
1228 1300 1386 1338 Rhondes,
1417 1300 1599 1341 Icadionque
1621 1313 1686 1331 cum
1710 1300 1790 1330 dixit
1812 1300 1965 1336 Lucilius,
1989 1310 2049 1328 no-

100 1343 180 1371 mina
200 1344 366 1382 piratarum
393 1343 507 1382 posuit,
547 1349 607 1370 tam
632 1341 769 1383 infestum
792 1342 849 1370 sibi
871 1353 976 1382 corpus
997 1350 1023 1371 et
1044 1341 1235 1372 valitudinem
1259 1343 1397 1385 referens,
1432 1355 1518 1384 quam
1542 1342 1589 1373 illi
1611 1351 1701 1373 essent
1723 1342 1814 1373 saluii
1835 1342 2046 1382 navigantium.

100 1385 248 1414 Viderunt
269 1385 418 1423 Scaliger,
446 1384 603 1413 Turnebus
627 1389 655 1413 et
678 1384 738 1413 alii.
783 1384 895 1413 Versus
918 1385 1021 1413 Lucilii
1045 1390 1130 1415 sunt:

636 1425 802 1466 Querquera
827 1428 1011 1467 consequitur
1027 1427 1138 1469 febris,
1168 1428 1331 1469 capitisque
1353 1427 1479 1465 dotores,

638 1469 753 1497 Tamde
773 1469 846 1498 mihi
867 1470 982 1508 infesti,
1015 1481 1104 1509 quam
1127 1469 1269 1500 Rhondes
1292 1469 1481 1512 Icadionque.

98 1512 187 1541 Dae.
218 1511 293 1541 Vide
316 1522 406 1551 supra
422 1510 558 1540 Icadion.
595 1510 691 1549 Quam
716 1510 786 1540 levis
806 1511 865 1543 secl.
901 1513 996 1547 Quam
1018 1513 1069 1540 illa
1092 1518 1198 1542 essent.
1246 1511 1351 1543 Goth.

263 1553 567 1584 Rhinocerotem.
592 1553 651 1592 (Ad
674 1564 702 1592 p.
715 1553 800 1592 226.)
825 1554 892 1583 Vid
918 1554 992 1583 Plin.
1017 1554 1067 1583 lib.
1082 1555 1158 1584 VIII.
1175 1565 1238 1593 cap.
1251 1557 1303 1586 20.
1327 1555 1417 1584 Ant.
1437 1555 1530 1596 Aug
1561 1556 1626 1585 Non
1643 1555 1838 1594 Aegyptium,
1861 1553 1914 1583 sed
1929 1552 2048 1582 Aethio-

97 1596 200 1636 picum
223 1602 313 1626 vocat
334 1596 662 1635 Ρ3ι13311.ῥινοκέρως,·
692 1606 708 1623 3
731 1596 794 1634 (izv,
818 1593 903 1635 ῥινός
926 1601 953 1625 et
976 1597 1079 1636 κέρας,
1104 1597 1172 1635 quia
1195 1607 1233 1626 ex
1255 1597 1317 1625 eius
1339 1608 1411 1626 nare
1434 1608 1531 1627 cornu
1552 1599 1708 1637 prominet.
1754 1597 1842 1627 Dae.

262 1638 467 1679 Redempto
478 1649 541 1667 res
586 1638 709 1676 Pioprie
739 1639 790 1676 qui
819 1644 900 1667 certo
930 1640 1028 1687 pretio
1053 1649 1127 1677 opus
1151 1640 1273 1677 aliquod
1296 1640 1465 1669 faciendum
1489 1643 1671 1671 conducunt.
1717 1640 1812 1677 Vulgo
1836 1648 1977 1667 vocamus
2000 1635 2050 1665 des

98 1688 320 1721 entrepreneurs.
368 1681 486 1720 Optime
509 1685 663 1719 exponunt
687 1681 810 1709 Glossae
834 1679 1001 1721 ἐργολάβοι.
1040 1682 1096 1710 Sed
1125 1687 1226 1720 postea
1258 1682 1438 1711 redemtmes
1467 1683 1540 1711 dicti
1569 1684 1748 1722 quicumque
1771 1682 1883 1720 aliquid
1906 1679 2048 1710 utendum

98 1723 207 1754 locant.
231 1723 320 1753 Dac.
358 1725 471 1752 Glossis
494 1724 674 1762 Redemptor
697 1721 867 1762 ἐργολάβος.
902 1722 1122 1753 Conduxerant.
1153 1724 1364 1754 Condixerant.
1410 1723 1514 1754 Goth.

262 1765 511 1795 Redhibetur.
557 1764 736 1794 Redhibitur
758 1764 826 1794 dum
850 1765 890 1794 id.
930 1766 1019 1804 Lege:
1043 1765 1233 1795 Recllzibitum
1257 1766 1289 1795 iti
1308 1768 1426 1807 proprie
1449 1766 1557 1796 dicitur
1578 1772 1633 1797 etc.
1670 1766 1839 1795 Redhibere
1862 1775 1925 1794 rem
1948 1763 2050 1792 vendi-

96 1814 157 1838 tam
180 1808 319 1837 venditor
341 1809 466 1846 dicitur,
492 1818 560 1837 cum
582 1808 734 1838 reddendo
756 1809 883 1847 pretium
908 1819 971 1838 eam
993 1809 1114 1848 recipit,
1138 1809 1223 1838 cuius
1247 1809 1318 1838 vitia
1341 1810 1371 1838 in
1394 1810 1564 1839 venditione
1587 1819 1648 1838 non
1670 1809 1814 1848 piodidit.
1859 1808 1949 1838 Plaut,
1972 1806 2048 1835 Mer-

98 1856 200 1881 catore
224 1850 281 1892 (11,
305 1855 338 1889 3,
362 1854 413 1885 83.
426 1849 516 1892 seq.):

534 1894 565 1922 C.
614 1891 693 1929 Quid
715 1892 742 1921 si
763 1892 904 1921 reddatur
923 1892 971 1922 illi
994 1892 1070 1922 uncie
1091 1900 1187 1932 empta
1210 1893 1278 1924 est?

533 1937 566 1964 1).
609 1935 738 1964 Minime
755 1937 893 1974 gentium.
938 1937 968 1966 C.
1003 1936 1095 1965 Dixit
1117 1948 1146 1964 se
1168 1935 1317 1965 redhibere
1337 1937 1363 1965 si
1385 1948 1441 1966 non
1463 1935 1590 1985 placeat.

97 1978 175 2008 Hinc
198 1976 388 2008 redhibitoria
413 1979 507 2015 actio,
531 1989 606 2017 quae
629 1978 756 2016 emptmi
780 1979 921 2007 adversus
946 1979 1131 2007 venditorem
1156 1978 1260 2015 datur,
1290 1984 1323 2007 ut
1347 1979 1533 2027 mancipium
1550 1978 1724 2014 redhibeat,
1747 1979 1765 2008 i.
1785 1988 1809 2006 e.
1832 1975 1955 2013 lecipiat
1978 1984 2047 2012 pie-

97 2021 233 2059 tiumque
255 2026 409 2060 acceptum
432 2022 577 2050 restituat.
616 2020 780 2049 Redhibere
801 2021 891 2058 igitur
915 2032 930 2049 a
954 2033 999 2057 re,
1025 2021 1056 2049 id
1079 2026 1122 2049 est
1144 2021 1267 2056 iteium,
1292 2026 1321 2049 et
1342 2021 1460 2059 habere,
1484 2022 1552 2060 quia
1575 2021 1715 2050 venditor
1734 2020 1841 2049 iterum
1863 2017 1971 2046 habeat
1992 2021 2047 2045 etc.

98 2063 170 2092 Inde
193 2063 291 2094 Gloss.
317 2062 468 2101 redibitio,
492 2061 702 2099 α’νταπόὸοσις.
737 2061 860 2102 Redigit
884 2061 1102 2103 ἀναλαμβανει,
1127 2064 1190 2101 lege
1212 2062 1346 2092 redhibit.
1369 2063 1458 2096 Βαο
1497 2061 1972 2093 Redibimrmm.1·tedhibitum.
2002 2056 2046 2086 Et

97 2104 295 2138 Ei.G01h.

260 2146 433 2177 Redivia.
478 2147 644 2177 Rediviam.
677 2147 773 2176 Verba
789 2148 890 2177 Titinii
915 2147 1027 2176 mendis
1051 2158 1109 2176 non
1135 2153 1244 2177 carent.
1266 2149 1354 2177 Ant.
1377 2148 1471 2188 Aug.
1506 2148 1649 2185 Laevius,
1672 2157 1733 2176 non
1750 2145 1855 2175 Livius
1879 2145 2042 2183 legendum.

97 2192 192 2230 Saepe
221 2191 331 2219 citatur
353 2189 458 2219 Livius
486 2195 514 2220 et
537 2190 680 2227 Naevius,
723 2201 791 2219 cum
818 2191 856 2219 sit
876 2190 1020 2228 Laeuius,
1060 2191 1111 2229 qui
1135 2191 1257 2230 scripsit
1278 2191 1512 2230 Erotopaegnia,
1550 2191 1620 2220 item
1643 2200 1747 2230 poema
1772 2189 1821 2224 Io,
1860 2198 1896 2217 ex
1920 2197 1978 2225 quo
2000 2188 2043 2211 0⁵1

97 2234 152 2262 iste
173 2234 303 2262 Scazon:

715 2273 831 2304 Scabra
853 2276 884 2304 in
907 2272 1028 2314 legendo
1053 2273 1231 2304 rediviosave
1253 2274 1412 2316 offlndens.

97 2318 170 2347 Nam
194 2328 228 2347 ex
251 2318 356 2348 eodem
380 2323 515 2357 poemate
538 2318 574 2347 de
597 2318 626 2346 Io
651 2317 769 2346 scribit:

718 2358 841 2399 Seseque
862 2360 891 2388 in
914 2357 979 2387 alta
1001 2360 1097 2388 maria
1116 2360 1282 2399 praecipem
1304 2360 1382 2389 misit

716 2401 820 2441 Inops,
847 2409 873 2431 et
894 2413 980 2441 aegra
1002 2403 1139 2431 sanitatis
1161 2400 1278 2432 Herois.
