2263 2668
498 127 563 160 DE
590 121 981 160 StGNtFtCATIONE
1009 123 1297 162 VERBORUM.
1350 125 1496 159 LIBER
1521 124 1594 159 XV.
1946 127 2019 160 621

76 222 182 262 quibus
211 221 288 250 idem
317 220 420 248 Festus
450 219 542 248 verbo
567 218 705 248 Fabiani.
750 218 786 246 Et
809 216 898 245 Ovid.
921 215 972 245 lib.
984 216 1021 245 ΙΙ.
1045 217 1158 248 Fastor.
1181 217 1307 258 (377.),
1345 220 1396 258 qui
1419 229 1468 248 eos
1490 218 1594 247 Fabios
1617 223 1644 247 et
1666 218 1844 254 Quinctilius
1868 219 2018 257 Lupercos

75 265 218 304 appellat:

652 301 733 331 Risit
756 309 781 330 et
803 300 931 330 indoluit
954 299 1062 330 Fabios
1081 304 1209 341 potuisse
1230 302 1410 344 Remumque

700 344 843 382 Vincere3
877 342 1053 381 Quinctilius
1075 355 1132 373 non
1152 347 1282 385 potuisse
1303 358 1378 376 suos.

74 392 162 421 Ant.
184 390 279 429 Aug.
303 390 451 419 Viatoreni
474 387 524 416 hie
544 392 631 416 vocat
647 387 750 415 Festus
774 396 967 426 praeconem,
990 386 1128 424 legatum.
1160 388 1233 417 Vide
1248 389 1381 417 uiatores.
1413 388 1495 423 Quae
1518 388 1549 416 in
1572 387 1628 417 fine
1651 387 1775 425 desunt,
1799 398 1859 417 non
1881 393 1927 417 sat
1948 399 2019 428 pos-

77 444 141 462 sum
166 434 323 462 coniicere.
346 433 435 461 Dac.
481 430 553 459 Vide
578 440 666 468 supra
690 429 819 458 Fabiani
841 434 869 457 et
888 429 971 456 locos
994 429 1069 456 Livii
1093 435 1121 458 et
1146 430 1249 460 Ovidii
1271 431 1384 460 citatos.
1431 429 1535 459 Goth.

241 473 477 512 Quintiliani
500 472 673 511 Luperci.
695 470 752 512 (Ad
775 469 901 512 p.219.)
926 470 998 500 Vide
1020 470 1156 503 Fabiani.
1203 473 1293 502 Dac.

242 516 434 555 Quintana
463 523 585 554 porta.
633 514 721 552 Atqui
746 515 896 550 Quintana
927 518 1010 552 porta
1033 515 1115 542 nulla
1139 515 1202 545 suit.
1247 515 1303 543 Sed
1324 525 1393 554 pars
1416 514 1472 543 fori
1492 515 1603 553 ipsius,
1640 514 1722 552 quod
1745 518 1813 552 post
1836 514 2020 543 Praetorium

75 566 104 589 et
127 560 304 595 Quaestorio
329 559 385 587 suit
408 558 548 593 adsitum,
573 558 723 592 Quintana
746 557 917 592 dicebatur,
940 556 1002 584 sive
1025 556 1098 585 adeo
1121 558 1218 586 sorum
1241 557 1338 596 ipsum
1362 557 1517 585 subaudita
1541 567 1613 586 voce
1636 557 1695 585 via.
1740 556 1839 591 Quare
1862 556 2020 593 legendum

74 612 142 631 cum
168 601 283 640 Lipsio:
319 600 469 639 Quintana
492 599 697 639 appellabatur
717 611 786 638 pars
809 600 839 628 in
862 600 984 637 cas-tris,·
1016 599 1063 627 vel
1087 600 1278 639 simpliciter:
1309 598 1513 639 appellabatur
1534 601 1564 628 in
1587 600 1699 629 castris.
1744 599 1843 626 Potest
1865 599 1951 627 etiam
1976 604 2019 628 et:

77 643 228 682 Quintana
251 645 299 672 via
322 641 528 682 appellabatur
551 643 580 670 in
604 643 708 670 castris
732 647 800 671 cett.
844 642 917 669 Nam
942 648 1028 681 porta
1057 652 1163 671 nomen
1189 642 1322 671 additum
1347 653 1363 670 a
1386 643 1487 670 Paulo.
1531 642 1593 673 Liv.
1616 641 1666 671 lib.
1679 640 1754 670 XLI.
1777 641 1814 677 (c.
1829 643 1888 678 2.):
1921 640 2020 669 Prae-

73 687 149 715 torio
173 685 301 722 deiecto,
328 685 448 724 direptis
470 696 544 724 quae
566 683 608 712 ihi
623 683 764 724 fuerant,
788 683 828 712 atl
848 683 1049 722 Quaestorium
1069 683 1304 725 Quintanamque
1325 684 1419 713 hostes
1442 691 1626 723 pervenerunt
1649 688 1704 712 etc.
1737 683 1869 711 Isidorus
1891 683 1942 712 lib.
1954 683 2020 712 XV.

73 739 138 768 cap.
152 732 197 760 2.:
231 727 382 766 Quintana
403 738 474 766 pars
493 726 610 766 plateae
632 728 734 766 quinta
756 734 812 762 est,
838 737 895 766 qua
919 734 1085 765 carpentum
1107 726 1245 767 progredi
1265 734 1367 767 potest.
1413 726 1457 754 Ad
1481 726 1569 754 huius
1591 725 1815 754 similitudinem
1837 726 2020 761 Quintanam

72 772 151 800 Nero
174 771 336 798 instituisse
360 770 479 798 dicitur.
513 771 633 797 Sueton.
652 779 675 796 c.
691 771 759 800 26.:
788 767 969 797 Tabernulas
991 769 1076 797 etiam
1099 770 1252 810 effringere
1273 777 1298 798 et
1321 767 1471 808 expilare,
1498 768 1647 806 Quintana
1671 767 1752 796 domi
1774 769 1947 804 constituta,
1970 766 2021 796 ubi

71 821 176 853 partae
198 820 223 841 et
247 811 288 840 ad
311 811 501 841 licitationem
526 810 700 840 dividendae
720 810 849 850 praedae
869 811 991 850 pretium
1014 819 1213 840 assumeretur.
1258 812 1323 840 Non
1355 811 1437 839 aliud
1464 811 1554 848 igitur
1577 811 1726 846 Quintana
1753 821 1840 848 quam
1863 811 1910 838 via
1932 811 2021 838 latior

72 857 103 884 in
127 865 212 884 usum
236 854 292 884 fori
316 865 332 882 a
354 855 513 883 metatione
537 864 673 891 agrorum
695 855 818 882 invento
849 853 981 889 nomine,
1018 859 1051 882 ut
1079 854 1109 882 in
1139 859 1224 892 porta
1247 855 1413 882 Decumana
1443 855 1530 881 etiam
1553 853 1672 883 factum.
1702 853 1792 881 Dac.
1839 851 2020 891 Quintanam

74 897 197 928 classem
220 908 282 926 esse
306 908 387 934 eam,
419 898 447 925 in
472 907 529 935 qua
554 899 636 926 Serv.
659 896 775 924 Tullius
798 896 947 924 distribuit
971 896 1091 925 ultimae
1114 896 1215 926 classis
1237 897 1335 934 viros;
1368 896 1499 935 quinque
1522 896 1601 924 enim
1624 896 1709 931 fecit,
1735 906 1802 923 cum
1826 905 1875 924 eas
1898 895 2021 924 ordina-

72 941 125 971 vit.
171 941 309 976 Causam,
340 950 394 968 cur
416 940 512 978 capite
536 939 616 968 censi
640 939 795 975 dicantur,
824 949 885 967 esse
909 949 988 976 eam,
1011 939 1091 978 quod
1114 939 1187 967 nihil
1211 944 1329 979 praeter
1352 949 1382 967 se
1403 938 1561 974 haberent,
1586 948 1730 975 suumque
1754 942 1844 976 eaput
1866 947 1924 976 quo
1949 948 2020 966 cen-

73 988 217 1012 serentur.
263 983 401 1011 Refertur
430 986 533 1021 postea
558 982 675 1010 Lucillii
705 982 751 1010 vel
776 981 895 1009 Caecilii
924 991 1043 1010 carmen
1073 982 1157 1010 nobis
1179 982 1321 1019 ignotum.
1365 981 1443 1010 Haec
1465 981 1513 1009 vel
1536 980 1581 1009 his
1604 980 1709 1008 similia
1733 980 1900 1019 Pompeius.
1944 980 2020 1009 Vide

73 1026 147 1054 Gen.
171 1026 221 1054 lib.
234 1025 313 1054 XVI.
336 1036 399 1064 cap.
416 1028 462 1055 10.
488 1030 607 1063 praeter
631 1024 751 1062 Dionys.
777 1029 804 1052 et
829 1024 951 1051 Livium.
977 1024 1064 1053 Ant.
1087 1025 1184 1063 Aug.
1230 1024 1319 1060 Quod
1342 1024 1382 1052 ait
1403 1023 1452 1051 hic
1474 1024 1593 1057 festus,
1626 1023 1806 1058 Quintanam
1828 1022 1951 1051 classem
1974 1023 2020 1051 di-

73 1073 150 1096 ctam
171 1068 202 1096 in
228 1078 284 1106 qua
309 1069 407 1106 capite
431 1077 586 1096 censorum
610 1066 772 1095 multitudo
796 1077 811 1094 a
835 1066 937 1095 Servio
967 1077 1035 1105 rege
1063 1067 1237 1102 distributa,
1272 1066 1305 1094 id
1333 1077 1385 1105 ego
1415 1065 1485 1094 alibi
1509 1076 1553 1094 me
1576 1066 1671 1101 legere
1694 1075 1753 1093 non
1776 1064 1913 1102 memini,
1951 1076 2020 1094 nam

71 1111 223 1150 proletarii
248 1116 276 1139 et
299 1111 394 1149 capite
418 1111 499 1138 censi
523 1110 551 1137 in
575 1109 709 1138 ultimam
734 1109 873 1146 classem,
898 1119 971 1146 quae
995 1113 1077 1138 sexta
1100 1109 1172 1144 fuit,
1198 1109 1331 1137 coniecti.
1367 1109 1441 1137 Vide
1459 1106 1626 1137 Proletarii.
1656 1107 1764 1136 Versus
1782 1107 1906 1145 Lucilii,
1932 1117 2021 1146 quem

71 1154 176 1182 Festus
206 1153 365 1189 laudabat,
404 1152 475 1181 milii
507 1152 626 1190 ignotus
655 1162 751 1190 neque
782 1156 861 1180 extat
888 1150 986 1182 hodie.
1018 1151 1109 1183 Duc.
1153 1151 1194 1180 De
1222 1152 1366 1192 quintana
1395 1151 1426 1180 in
1454 1151 1558 1179 castris
1589 1150 1627 1178 cf.
1658 1150 1744 1179 etiam
1774 1150 1910 1179 Creuzer.
1939 1150 2020 1180 Antt.

71 1197 156 1225 Rom.
182 1196 289 1233 §.248.

240 1236 413 1276 Quercus.
461 1236 627 1276 Querquera
649 1236 754 1272 febris,
779 1236 854 1264 dura
876 1246 910 1264 ac
933 1236 1047 1274 gravis,
1070 1247 1157 1275 quam
1180 1236 1299 1275 quidam
1324 1247 1339 1264 a
1363 1245 1476 1274 quercu
1499 1235 1607 1263 dictam
1630 1239 1752 1274 putant,
1777 1234 1858 1272 quod
1878 1233 1908 1262 id
1928 1244 2020 1272 genus

73 1280 188 1309 arboris
212 1290 278 1308 cum
302 1289 390 1317 grave
414 1280 452 1307 sit
474 1289 508 1307 ac
531 1281 656 1315 durum,
680 1284 742 1306 tum
766 1278 797 1306 in
820 1278 965 1316 ingentem
987 1279 1095 1308 evadat
1117 1280 1354 1319 amplitudinem.
1388 1277 1526 1307 Aurelius
1549 1277 1668 1316 Opilius
1692 1276 1829 1315 frigidam
1852 1283 1937 1315 atque
1959 1281 2020 1305 tre-

72 1328 208 1352 mentem.
254 1323 359 1351 Santra
384 1332 446 1350 eam
471 1332 507 1349 ex
530 1322 644 1349 Graeco
668 1321 806 1358 deducit,
843 1321 910 1360 quia
932 1326 1092 1351 tremorem
1116 1323 1261 1352 eiusmodi
1283 1319 1437 1363 κάρκαρον
1460 1325 1585 1357 vocant,
1618 1320 1696 1350 unde
1719 1320 1779 1349 dici
1801 1320 1888 1349 etiam
1911 1320 2019 1349 Carce-

71 1375 143 1395 rem.
188 1365 309 1393 Plautus
332 1365 362 1393 in
385 1364 566 1393 Frivolaria:

524 1422 565 1427 -
608 1405 633 1434 is
653 1404 727 1434 mihi
748 1413 811 1434 erat
833 1405 902 1436 bilis
923 1418 1098 1448 querquera,
1121 1409 1217 1439 tussis.

70 1449 217 1479 Lucilius:

527 1507 567 1512 —-
610 1491 727 1519 iactans
749 1501 809 1529 me,
840 1498 872 1520 ut
883 1490 985 1532 febris
1007 1503 1175 1533 querquera.

70 1535 109 1565 Et
130 1534 216 1563 alibi:

530 1573 698 1614 Querquera
721 1575 906 1614 consequitur
918 1574 1036 1614 febris,
1060 1576 1222 1615 capitisque
1245 1574 1369 1606 dolores.

68 1619 150 1649 Haec
172 1619 288 1649 Festus.
333 1617 417 1646 Adde
440 1617 476 1645 ad
501 1616 563 1645 eius
586 1617 759 1645 sententiam
783 1617 1019 1645 confirmandam
1042 1617 1232 1647 Homericum
1256 1619 1350 1656 (Iliad.
1367 1619 1441 1656 XX,
1466 1618 1564 1655 157.):

528 1675 564 1679 —
612 1675 651 1680 —-
695 1674 737 1680 ——-
780 1657 923 1699 κάρκαιρε
945 1659 976 1690 δὲ
998 1663 1066 1700 γαΐα
1089 1659 1222 1691 πόδεσσι.

68 1704 146 1734 Vide
170 1702 396 1733 Grammaticos.
419 1700 520 1731 Scal.
566 1700 591 1729 A
614 1701 787 1740 καρχαλέος,
812 1707 843 1730 ut
866 1702 987 1738 volunt,
1021 1707 1222 1741 exasperatus.
1255 1703 1311 1731 Sed
1335 1701 1406 1730 mihi
1429 1712 1490 1731 non
1513 1700 1712 1741 persuadent,
1734 1699 1786 1738 qui
1808 1699 1898 1728 sciam
1920 1697 2019 1738 potius

70 1757 197 1787 quercus
219 1746 279 1775 dici
294 1756 309 1774 a
327 1746 439 1773 Graeco
463 1742 589 1782 κάχρυς,
613 1744 713 1781 glans,
738 1744 850 1782 pilula3
873 1755 939 1772 nam
961 1744 1040 1773 inter
1063 1744 1275 1784 Cachryphora
1299 1755 1426 1783 quercus
1449 1748 1624 1773 numeratur
1641 1754 1658 1771 a
1673 1741 1868 1781 Theophrast.
1890 1741 1941 1770 lib.
1951 1741 2017 1778 111.;

69 1789 184 1829 κάχρυς
206 1799 275 1827 ergo
298 1787 484 1826 transpositis
508 1786 603 1815 literis
626 1791 654 1815 et
675 1791 788 1814 mutato
811 1797 830 1815 a
853 1786 882 1814 in
905 1798 932 1823 e,
955 1787 1075 1827 κέρχυς,
1099 1792 1128 1816 et
1150 1800 1165 1826 χ
1185 1788 1216 1816 in
1238 1800 1270 1825 κ,
1293 1787 1414 1826 χέρκυς,
1436 1797 1566 1827 quercus.
1590 1785 1679 1814 Dac.
1715 1783 1867 1825 Querque.
1883 1807 1890 1814 .
1906 1806 1913 1813 .
1938 1783 2018 1812 Haec

69 1833 209 1861 videntur
237 1831 387 1870 pertinere
416 1830 453 1858 ad
482 1833 642 1866 utrumque
664 1828 788 1857 verbum
812 1829 948 1864 Quercus
972 1835 1000 1858 et
1023 1830 1239 1868 Querqueram.
1261 1829 1372 1858 Idem.
1413 1828 1620 1870 Querqueram.
1656 1827 1798 1857 Priscian.
1821 1826 1933 1858 lib.Vl.
1954 1826 2015 1862 (16,

69 1877 120 1907 87.
144 1880 217 1904 tom.
231 1874 252 1903 I.
277 1883 344 1913 pag.
358 1874 441 1910 279.)
464 1872 557 1900 refert
580 1872 715 1899 Plautum
738 1871 769 1899 in
793 1872 957 1900 Frivolaria
980 1873 1148 1911 scripsisse:

526 1912 557 1942 Is
578 1913 652 1941 milti
673 1920 735 1942 erat
759 1912 841 1949 bilis,
873 1925 951 1954 aqua
974 1915 1117 1951 intercus,
1146 1915 1248 1951 iussis,
1275 1913 1370 1954 febris
1392 1924 1560 1954 querquera.

68 1958 158 1988 Ant.
181 1958 276 1996 Aug.
317 1955 522 1996 Querqueram.
562 1956 705 1984 Addenda
727 1966 787 1984 vox
806 1955 928 1997 febrem.
958 1957 989 1985 L.
1008 1968 1045 1986 m.
1069 1957 1157 1985 habet
1181 1955 1327 1996 κάρκαρα.
1356 1956 1433 1985 Urs.
1473 1954 1583 1984 Arnob.
1606 1953 1657 1984 lib.
1669 1953 1709 1983 L:
1734 1951 1903 1990 Vitiligines
1923 1960 2013 1990 quer-

68 2010 188 2042 queras,
212 2007 299 2039 atque
320 2000 473 2027 intercutes
495 1997 620 2028 morbos.
664 1998 805 2026 Minutius
829 1999 912 2027 Felix
934 1998 1023 2027 habet
1045 2011 1234 2040 quequerum‚
1258 2004 1292 2027 ut
1315 2003 1343 2027 et
1366 1998 1494 2035 Gellius,
1519 1997 1669 2036 Apuleius.
1714 1994 1858 2024 Videlicet
1878 2002 2015 2033 querque-

69 2055 118 2072 rus
140 2042 284 2071 adiective
305 2041 366 2069 dici
389 2046 503 2069 certum
527 2046 578 2069 est.
626 2041 699 2078 Ergo
724 2051 789 2069 cum
814 2041 924 2070 dicitur
947 2053 1151 2082 querqueram,
1175 2041 1407 2079 subintelligitur
1423 2039 1554 2081 febrem5
1577 2044 1607 2069 et
1629 2048 1695 2067 cum
1717 2046 1922 2078 querqunum,
1944 2034 2015 2064 sub-

67 2085 246 2122 intelligitur
267 2082 408 2113 morbum.
448 2082 630 2123 Querquerus
652 2088 747 2112 autem
771 2094 785 2111 a
810 2095 924 2124 quercu.
965 2084 1018 2112 Vel
1042 2089 1074 2112 ut
1097 2086 1200 2112 Santra
1223 2095 1239 2112 a
1261 2082 1434 2123 κάρκαρος,
1457 2082 1583 2120 horror,
1604 2086 1725 2111 tremor.
1771 2078 1817 2107 Ad
1839 2077 1924 2106 cuius
1946 2087 2014 2107 sen-

68 2128 188 2157 tentiam
212 2126 445 2156 confirmandam
467 2126 540 2154 facit
562 2126 638 2153 illud
661 2126 783 2155 Homeri
805 2126 889 2155 Iliad.
906 2127 940 2156 V.
964 2127 1052 2163 (XX,
1078 2127 1176 2160 157.):

525 2185 563 2189 --
608 2184 649 2189 -—
693 2184 734 2189 —
777 2167 919 2208 κάρκαιρε
942 2169 973 2200 δὲ
996 2173 1064 2210 γαῖα
1086 2167 1208 2200 πόδεσσι

522 2207 716 2249 Ὀρνυμένων
739 2208 857 2248 ἄμυδις,

68 2253 128 2282 Sed
148 2252 222 2282 haec
245 2252 342 2281 omnia
365 2262 462 2281 merae
484 2261 586 2291 nugae.
633 2253 693 2281 Cur
716 2257 745 2281 et
767 2253 845 2282 unde
868 2252 958 2282 febris
983 2252 1102 2281 dicatur
1123 2263 1298 2293 querquera,
1325 2262 1412 2281 nemo
1435 2251 1533 2286 adhuc
1556 2248 1669 2279 docuit.
1714 2247 1907 2285 Querquerus
1928 2247 1970 2290 est
1992 2252 2008 2270 a

67 2295 235 2335 κερχαλὲος,
267 2295 348 2333 quod
372 2305 387 2322 a
409 2294 512 2333 κέρχω.
557 2295 631 2323 Nam
654 2295 809 2335 κερχαλέον
832 2294 961 2334 Hesych.
985 2295 1106 2334 exponit
1130 2293 1275 2334 σκληρόν,
1306 2291 1412 2334 ξηρόν,
1435 2292 1596 2332 διψαλέον,
1621 2300 1725 2329 grave,
1749 2289 1881 2324 aridum,
1904 2286 2008 2315 siticu-

67 2339 180 2375 losum,
213 2347 290 2376 quae
313 2337 410 2366 omnia
435 2337 509 2365 febri
533 2347 611 2365 mere
635 2343 818 2375 congruunt,
854 2348 928 2376 quae
952 2348 1022 2376 prae
1045 2338 1178 2366 siccitate
1200 2338 1294 2366 ravim
1319 2342 1348 2365 et
1369 2336 1474 2366 tussim
1496 2339 1586 2365 creat.
1631 2334 1666 2363 Id
1688 2332 1764 2362 enim
1787 2340 1853 2360 vere
1875 2332 1919 2357 est
1939 2337 2008 2366 κερ-

68 2381 182 2422 χαλέον.
226 2380 325 2417 Quare
347 2380 442 2408 Plaut.
464 2379 568 2409 tussim
592 2380 686 2419 iungit
707 2391 773 2409 cuni
797 2390 962 2420 querquera
984 2381 1016 2417 (l.
1035 2382 1083 2418 c.).
1126 2381 1220 2419 Ergo:
1254 2377 1435 2416 cer-chalcos,
1466 2376 1627 2416 cerendas,
1658 2374 1820 2409 cercheros,
1850 2368 2007 2407 cerchmcs,
