2263 2668
498 143 562 177 DE
588 139 975 177 SIGNIFICATIONE
1006 140 1289 178 VERBORUM.
1340 141 1486 175 LIBER
1510 140 1634 175 XVIII.
1960 144 2035 178 727

89 237 172 267 Idem
193 236 322 275 Etymon
346 235 512 266 Dioscorid.
534 236 586 266 lib.
598 236 653 273 VI,
675 237 742 266 20.:
779 232 811 265 τὸ
843 231 873 264 δὲ
902 230 1022 269 τοξικὸυ
1049 235 1131 265 δοκεῖ
1157 234 1209 273 μὲν
1234 231 1415 273 ω’νομάσθαι
1439 234 1472 265 ἐκ
1494 237 1547 265 τοῦ
1567 231 1602 264 τὰ
1625 230 1695 270 τόξα
1716 235 1775 264 τῶν
1797 233 1960 276 βαρβάρων
1983 232 2035 267 ὑπ’

90 275 185 311 αὐτοῦ
206 279 353 319 χρίεσθαι.
399 278 483 314 Quae
506 283 534 307 et
557 278 637 318 apud
659 278 783 307 Paulum
806 275 975 314 Aeginetam
997 276 1058 305 sere
1081 277 1118 304 ad
1140 277 1265 306 verbum
1288 278 1338 306 lib.
1352 277 1390 313 V,
1413 277 1480 308 53.:
1515 275 1680 306 Cervarium
1703 284 1798 305 autem
1820 288 1956 306 venenum
1978 290 2036 307 vo-

90 329 157 359 cat,
180 323 251 362 quia
273 319 308 349 de
329 321 470 359 sanguine
492 332 640 350 cervorum
653 321 757 361 fieret,
780 318 933 348 ueletiam
957 317 1037 358 quod
1059 318 1128 348 olim
1153 318 1188 348 de
1209 321 1349 359 sanguine
1370 318 1494 359 hydrae,
1518 330 1606 359 quam
1629 317 1772 348 Hercules
1794 319 1946 361 confodit,
1966 322 2037 360 pri—

90 375 169 393 mum
182 364 306 405 factum
329 369 378 391 est.
402 362 457 391 Da
468 374 492 393 c.
535 363 573 391 Ut
595 363 749 392 hominem.
779 362 896 390 Toxico
920 371 987 389 cuin
1010 361 1088 390 dixit
1111 362 1272 399 Caecilius,
1296 363 1433 400 sagittam
1455 363 1557 390 toxico
1581 365 1721 390 armatam
1744 362 1891 400 intelligit.
1921 363 2038 392 Trans-

90 407 178 446 egerit
199 411 298 434 autem
320 410 355 434 ut
377 405 458 444 apud
482 405 585 443 Virgil.
610 406 698 444 (Aen.
716 405 791 441 XII,
815 406 885 435 276.
904 404 1007 440 508.):
1041 403 1232 444 Transadigit
1255 412 1359 434 costas.
1399 406 1465 433 Non
1487 404 1636 433 intellexit
1655 404 1801 442 Scaliger,
1832 405 1882 442 qui
1903 405 1954 434 hic
1971 404 2038 434 hel-

89 449 246 478 lenismum
269 448 420 486 cogitavit.
446 447 537 477 Dac.
580 448 715 487 Spengel.
738 448 768 476 in
791 447 934 484 Fragmm.
959 446 1065 474 Caecil.
1088 449 1217 485 pag-21.
1241 447 1272 475 in
1295 448 1361 476 loco
1384 447 1501 476 Caecilii
1523 447 1566 475 sic
1589 446 1748 485 legendum
1770 448 1890 476 suadet:

717 490 755 518 Ut
778 489 919 518 hominem
944 490 1054 517 amoris
1076 490 1180 518 toxico
1203 491 1382 529 transegerit,

89 533 128 562 ad
150 532 319 572 exemplum
341 532 416 561 illud
438 531 609 560 Plautinum
633 533 739 561 Clitell.
756 535 823 563 31.:
852 530 947 560 Video
971 541 1022 570 ego
1045 538 1071 559 te
1092 532 1201 560 amoris
1222 530 1309 560 valde
1331 539 1439 561 tactum
1462 532 1575 562 1oaeico.

256 575 404 604 Tuscos.
449 575 539 612 Lege:
577 573 663 611 Alii,
699 573 779 615 quod
808 574 891 603 unice
918 572 1044 602 studiosi
1071 574 1129 602 sint
1157 574 1379 613 sacrificiorum.
1425 575 1555 603 Priorem
1578 574 1769 610 sententiam,
1806 575 1888 612 quod
1910 575 2000 603 Tusci
2022 586 2038 603 a

91 617 187 648 Tusco
210 617 273 647 sive
298 616 426 647 Tusculo
449 617 588 645 Herculis
610 617 688 651 filio,
725 621 844 646 secutus
867 615 972 644 Strabo
997 616 1043 655 (V.
1065 615 1227 655 pag.219.)
1252 621 1280 645 et
1302 617 1361 646 alii.
1405 617 1617 653 Posteriorem,
1652 626 1759 655 nempe
1782 616 1862 655 quod
1886 628 1902 644 a
1924 617 2038 645 sacrifi-

89 660 178 689 candi
199 661 276 694 ritu,
313 660 391 688 inter
414 659 488 688 alios
510 660 585 689 Ptin.
607 659 659 688 lib.
671 660 728 696 III,
758 661 805 691 5.:
849 658 972 687 Umbros
995 657 1061 686 inde
1083 669 1201 698 exegere
1223 659 1386 699 antiquitus
1408 658 1543 698 Pelasgi,
1579 658 1632 688 lios
1653 658 1751 697 Lydi,
1789 670 1808 687 a
1830 670 1953 698 quorum
1977 671 2040 698 rege

90 703 244 743 Tyrrheni,
272 713 347 732 mox
369 713 388 730 a
411 702 574 742 sacrificio,
606 704 665 731 ritu
694 701 796 741 lingua
821 700 996 730 Graecorum
1018 708 1084 729 sunt
1107 702 1316 740 cognominati.
1360 701 1398 729 Et
1419 702 1540 731 Servius
1563 701 1612 738 (ad
1636 701 1708 731 Aen.
1724 702 1769 737 X,
1793 702 1863 733 165.
1888 711 1952 741 pag.
1965 703 2038 733 603.

89 746 191 783 Dan.):
217 745 306 774 Tusci
327 755 345 772 a
368 743 561 784 sacrficandi
574 743 748 786 frequentia
772 743 845 773 dicti
866 751 947 780 sunt,
972 740 1032 774 ὑπὸ
1055 747 1109 773 τοῦ
1130 741 1226 773 θύειν.
1261 744 1334 772 Nam
1357 741 1425 774 θύω
1450 748 1495 773 est
1517 743 1661 774 sacrifico.
1697 743 1733 772 Et
1756 743 1941 772 Eustathium
1964 743 2040 772 nihil

86 798 205 825 moror,
230 787 280 826 qui
304 786 342 816 ad
361 787 482 825 Dionys.
499 787 607 824 Perieg.
632 787 750 815 notavit
764 788 877 815 Tuscos
894 786 1019 815 Truscos
1042 787 1128 814 etiam
1152 785 1257 814 dictos.
1275 785 1363 816 Dac.
1400 785 1459 815 Vel
1479 785 1559 827 quod
1581 785 1702 816 aditum.
1733 786 1869 824 Ineptum
1893 791 1922 815 et
1938 787 2039 815 Stoico

87 830 210 870 dignum
238 829 322 868 quod
351 829 391 858 ait
413 830 575 858 Tusculum
604 829 733 865 dictum,
772 830 853 868 quod
882 828 991 857 habeat
1012 828 1125 857 aditum
1149 828 1316 865 difficilem,
1355 828 1385 857 id
1409 834 1453 858 est
1477 827 1637 863 ὁύσκολον,
1676 838 1771 867 neque
1795 829 1870 857 enim
1895 826 2041 863 δύσκολος

86 883 219 913 unquam
240 872 300 901 hoc
322 882 411 901 sensu
433 873 533 911 potuit
556 873 701 910 usurpari.
745 871 835 900 Dac.

255 915 391 944 Tumu.
406 935 414 944 .
429 936 436 943 .
451 936 459 944 .
504 915 664 943 Tumultus
687 925 776 943 causa
797 914 904 942 milites
928 913 1072 942 dicuntur
1094 913 1164 941 lecti
1189 912 1225 941 ob
1249 913 1380 941 subitum
1405 914 1559 950 timorem,
1585 913 1662 942 unde
1686 914 1772 943 etiam
1796 914 1957 942 tumultum
1982 913 2041 941 dici

86 957 129 987 ait
148 957 290 995 Verrius,
315 957 366 996 qui
389 957 424 985 ab
448 957 514 985 aliis
538 957 668 993 oriatur,
700 967 787 996 quam
811 956 846 984 ab
869 956 980 984 italicis
1003 961 1031 984 et
1054 955 1176 983 Gallicis
1200 955 1347 985 hostibus,
1391 956 1449 984 Alii
1472 961 1587 984 tantum
1610 956 1720 985 bellum
1744 956 1857 985 Galliae
1879 961 1908 984 et
1929 955 2041 984 Italiae.

85 1000 188 1039 Itaque
210 1000 329 1028 nullum
351 1000 441 1028 alium
464 1005 675 1038 praeterquam
699 1000 847 1028 Gallicum
870 1003 921 1028 aut
943 998 1138 1027 domesticum
1162 998 1203 1026 ita
1227 998 1390 1037 appellant.
1427 999 1505 1027 Haec
1528 999 1576 1027 vel
1597 997 1644 1026 his
1668 998 1774 1027 similia
1798 999 1910 1027 Festus.
1945 998 2041 1027 Cicer.

85 1043 218 1082 Philipp.
234 1042 313 1073 VIII.
336 1044 374 1079 (e.
391 1044 445 1080 1.):
483 1041 563 1081 Quid
585 1049 626 1071 est
648 1042 723 1071 enim
746 1040 903 1077 tumultus,
933 1042 990 1070 nisi
1009 1039 1189 1080 perturbatio
1212 1047 1311 1078 tanta,
1343 1048 1374 1069 ut
1396 1042 1491 1070 maior
1512 1041 1599 1070 timor
1621 1041 1747 1077 oriatur,
1779 1039 1854 1070 unde
1875 1041 1962 1069 etiam
1985 1051 2042 1069 no—

84 1097 150 1115 men
172 1084 291 1114 ductum
314 1092 355 1114 est
377 1083 527 1114 tumultus.
571 1083 676 1125 Itaque
702 1086 827 1113 maiores
856 1085 949 1113 nostri
975 1082 1129 1112 tumultum
1154 1080 1309 1119 Italicum,
1345 1082 1426 1123 quod
1447 1090 1509 1112 erat
1532 1082 1721 1119 domesticus,
1758 1081 1913 1112 tumultum
1941 1081 2042 1112 Galli-

85 1139 169 1165 cum,
192 1126 274 1168 quod
296 1135 357 1156 erat
379 1126 488 1157 Italiae
499 1128 668 1167 finitimus,
688 1134 837 1167 praeterea
861 1125 973 1155 nullum
997 1124 1152 1154 tumultum
1173 1125 1375 1154 nominabant.
1398 1125 1486 1155 Ant.
1506 1125 1602 1165 Aug.
1648 1124 1802 1155 Tumultus
1824 1124 1933 1155 dicitur
1955 1126 2044 1153 timor

85 1169 206 1200 multus.
253 1169 392 1199 Tumultu
421 1169 528 1199 milites
557 1168 696 1198 dicuntur
720 1168 789 1199 lecti
813 1168 849 1198 ob
872 1168 998 1197 subitum
1021 1169 1162 1196 timorem.
1214 1166 1296 1196 Unde
1317 1168 1404 1196 etiam
1427 1166 1582 1196 tumultum
1606 1166 1668 1197 dici
1688 1169 1729 1197 ait
1753 1167 1889 1204 Verrius,
1925 1168 1996 1207 quia
2018 1168 2043 1196 is

85 1223 145 1242 non
174 1211 262 1241 aliter
289 1223 379 1253 quam
409 1212 447 1241 ab
470 1210 587 1241 Italicis
615 1218 642 1240 et
667 1210 794 1241 Gallicis
816 1210 947 1240 hostibus
969 1211 1118 1239 immineat
1140 1208 1256 1238 Italiae.
1301 1208 1406 1250 Itaque
1428 1208 1540 1238 nullum
1564 1208 1672 1247 alium,
1707 1221 1796 1251 quam
1821 1208 1970 1239 Gallicum
1992 1217 2043 1238 aut

84 1253 275 1285 domesticum
298 1254 446 1284 timebant.
478 1254 554 1290 Quis
576 1254 728 1292 negaverit
750 1254 828 1282 hanc
851 1264 913 1282 esse
935 1253 1030 1292 ipsam
1053 1251 1130 1281 Festi
1153 1251 1331 1282 lectionem?
1356 1253 1438 1291 quod
1461 1253 1544 1289 dico,
1569 1253 1637 1290 quia
1661 1252 1741 1281 docti
1764 1253 1820 1281 viri
1844 1257 1948 1280 contra
1963 1251 2041 1279 Festi

83 1297 262 1327 sententiam
293 1302 381 1336 atque
411 1298 484 1326 adeo
515 1301 620 1325 eontra
649 1297 805 1325 veritatem
828 1296 924 1334 ipsam
947 1297 1034 1324 aliter
1055 1295 1173 1332 legunt,
1210 1299 1258 1330 ut,
1296 1295 1321 1323 si
1344 1305 1413 1323 vera
1436 1299 1481 1324 est
1503 1305 1605 1323 eorum
1628 1295 1733 1332 lectio,
1770 1295 1930 1323 tumultum
1952 1294 2042 1322 alium

84 1351 164 1378 esse,
188 1350 277 1379 quam
301 1341 353 1378 qui
375 1340 539 1368 timebatur
562 1349 600 1367 ex
624 1339 746 1367 Gallicis
770 1343 799 1367 et
821 1338 950 1374 Italicis,
974 1338 1128 1366 fatendum
1151 1337 1197 1367 sit.
1239 1337 1327 1372 Quod
1350 1337 1456 1366 falsum
1482 1347 1544 1366 esse
1567 1342 1595 1366 et
1617 1337 1808 1366 mediocriter
1831 1337 1921 1366 docto
1943 1337 2042 1376 palam

84 1388 137 1412 est.
181 1383 302 1411 Nullum
326 1382 402 1411 enim
425 1383 516 1411 alium
540 1382 702 1410 tumultum
726 1381 845 1418 dixere,
875 1391 963 1419 quam
988 1380 1135 1408 Gallicum
1158 1384 1186 1408 et
1209 1379 1421 1418 domesticum,
1450 1379 1509 1408 hoc
1532 1384 1575 1408 est
1597 1379 1751 1417 Italicum,
1785 1386 1818 1408 ut
1841 1384 1940 1418 aperte
1965 1379 2041 1407 Ver-

82 1425 146 1454 rius
169 1426 233 1465 ipse
255 1424 352 1456 docet.
377 1423 479 1454 Scal.
511 1424 619 1453 Iisdem
643 1424 705 1452 fere
727 1423 827 1453 verbis
852 1424 954 1452 Cicero
978 1423 1108 1462 Philipp.
1126 1422 1208 1459 Vlll,
1232 1422 1301 1461 (1.)‚
1325 1422 1377 1451 ubi
1400 1423 1545 1452 tumultus
1571 1427 1689 1461 etymon
1713 1434 1728 1451 a
1751 1422 1856 1451 timore
1879 1422 2041 1458 deducunt,

83 1479 152 1498 cum
181 1469 282 1508 pollue
306 1478 321 1496 a
345 1475 456 1496 tumore
487 1467 547 1495 dici
577 1467 722 1495 debuerit.
767 1467 880 1495 Tumor
910 1466 986 1495 enim
1015 1476 1071 1505 pro
1100 1465 1231 1493 tumultu
1261 1465 1341 1504 apud
1365 1465 1536 1494 Ciceronem
1566 1465 1674 1493 alicubi
1704 1465 1754 1501 (ad
1778 1465 1866 1493 Attic.
1881 1464 1967 1500 XIV,
1991 1465 2041 1501 5.).

82 1511 141 1541 Sed
165 1515 318 1550 praeterea
343 1511 449 1538 salsum
479 1516 538 1545 est,
578 1514 691 1538 veteres
719 1509 834 1536 nullum
864 1509 954 1536 alium
980 1508 1142 1536 tumultuin
1166 1507 1348 1544 nominasse,
1387 1518 1475 1546 quam
1498 1507 1636 1536 Italicum
1660 1512 1689 1536 et
1713 1507 1879 1545 Gallicum,
1916 1517 1983 1535 nam
2005 1506 2042 1535 de

82 1554 189 1594 quovis
211 1553 269 1582 alio
291 1552 372 1581 bello
395 1552 556 1581 tumultum
576 1552 687 1580 dixisse
703 1556 818 1579 certum
837 1555 890 1580 est.
910 1550 999 1580 Dac.
1026 1550 1099 1578 Vide
1114 1549 1249 1578 Servium
1267 1549 1354 1578 initio
1371 1550 1423 1580 lib.
1438 1550 1516 1579 VIII.
1535 1551 1604 1579 Aen.
1623 1548 1664 1590 (p.
1677 1551 1749 1582 503.
1765 1550 1797 1579 E.
1814 1549 1910 1590 Dm).
1935 1548 2041 1579 Goth.

250 1593 455 1623 Tumulum.
504 1592 659 1623 Tumulum
681 1592 789 1622 Aelius
817 1594 861 1622 sic
890 1591 1007 1632 diffinit:
1046 1590 1188 1620 Tumulus
1212 1599 1253 1620 est
1275 1603 1359 1620 mons
1380 1604 1487 1621 arenae
1507 1591 1602 1621 editus
1623 1591 1780 1622 secundum
1804 1603 1884 1621 mare
1894 1589 2043 1634 fluctibus

81 1637 259 1668 sublevatus.
308 1635 393 1665 Unde
415 1635 550 1665 similiter
572 1644 598 1664 et
620 1635 813 1678 manufactus
835 1643 861 1664 et
884 1634 1030 1664 naturalis
1050 1635 1169 1674 proprie
1191 1632 1253 1664 clici
1271 1641 1375 1673 potest.
1400 1633 1497 1664 Scal.
1544 1636 1634 1673 Lege:
1666 1636 1696 1663 in
1720 1634 1813 1664 altum
1837 1633 1964 1670 elevata,
1994 1633 2042 1661 vel

82 1680 225 1718 elevatus,
247 1689 355 1718 nempe
378 1678 520 1709 cumulus.
567 1679 679 1707 Gloss.:
711 1677 845 1715 Tumuli‚
869 1679 993 1717 βουνοί,
1018 1676 1121 1715 λόφοι,
1144 1673 1267 1716 τύμβοι,
1292 1676 1386 1716 σωροὶ
1409 1680 1473 1717 γῆς.
1517 1676 1607 1707 Dac-

250 1721 458 1751 leomices.
504 1721 602 1750 Verba
619 1720 736 1749 Lucillii
760 1721 800 1749 ita
823 1721 903 1758 lego:
927 1718 1056 1749 inclimus
1078 1720 1118 1748 eis
1140 1720 1258 1748 tomices
1282 1719 1452 1748 canabinas.
1484 1719 1610 1758 Reliqua
1635 1724 1705 1748 sunt
1727 1719 1758 1748 in
1774 1719 1920 1759 Epitoma.
1951 1717 2042 1746 Grae-

81 1776 148 1794 cum
173 1763 237 1794 esse
260 1765 301 1793 ait
323 1761 473 1805 θώμιγγες
495 1764 617 1793 scilicet.
664 1764 785 1793 Veteres
809 1763 947 1791 dicebant
970 1761 1128 1791 tumiculas
1150 1766 1179 1790 et
1202 1759 1347 1792 tumiclas.
1371 1762 1514 1802 Apuleius
1538 1763 1589 1792 lib.
1602 1762 1682 1791 VIII.
1706 1761 1748 1800 (p.
1762 1764 1840 1798 213,
1864 1763 1915 1792 20.
1939 1759 2042 1798 Elm.):

81 1806 120 1837 Et
142 1806 214 1837 ilico
236 1819 281 1836 me
303 1806 426 1836 tumicla
448 1815 564 1847 spartea
588 1804 748 1845 deligatum
772 1804 897 1834 tradidit
922 1804 1052 1834 Philebo.
1098 1804 1142 1832 Ita
1166 1804 1339 1841 legendum,
1371 1815 1445 1841 non,
1476 1810 1509 1833 ut
1531 1805 1638 1844 vulgo,
1662 1802 1776 1833 tumida
1798 1810 1923 1843 spartea.
1968 1802 2042 1831 Nam

81 1858 184 1881 tumea:
206 1851 322 1890 petinii,
348 1860 436 1889 quam
459 1857 561 1878 tomex
583 1848 730 1877 dicebant.
776 1849 896 1877 Plautus
919 1848 1083 1876 Mercatore
1107 1844 1152 1887 (Ι,
1176 1849 1210 1882 2,
1234 1844 1316 1885 79.);

564 1891 643 1929 Quia
664 1892 806 1930 negotiosi
828 1902 942 1919 eramus
965 1888 1180 1930 complicandis
1203 1899 1255 1917 nos
1277 1889 1385 1917 nostris
1408 1890 1539 1928 negotiis,

558 1933 764 1963 Armamentis
787 1932 1019 1972 complicandis,
1046 1930 1253 1971 componendis
1275 1930 1441 1962 tumicibus.

81 1979 157 2009 Male
179 1978 269 2008 hodie
292 1978 321 2005 in
347 1977 466 2005 Plauto:
504 1975 712 2016 componendis
741 1974 914 2004 studuimus.
959 1975 1016 2004 Sed
1045 1974 1081 2003 de
1107 1984 1139 2002 eo
1164 1974 1292 2012 amplius
1314 1974 1345 2002 in
1369 1974 1496 2002 editione
1519 1973 1663 2003 Plautina.
1708 1973 1801 2002 Etiam
1823 1971 1961 2001 tumicem
1987 1980 2040 2008 pro

80 2022 177 2051 vibice
201 2020 394 2059 usurpabant.
440 2019 640 2047 Glossarium:
667 2018 798 2054 Tumex,
823 2016 948 2056 σμῶδιξ,
972 2014 1143 2056 αἰματώῦης
1166 2013 1268 2051 τύπος.
1313 2016 1370 2045 Sed
1394 2021 1465 2045 tunc
1489 2017 1627 2045 Latinum
1650 2020 1693 2045 est
1716 2026 1731 2044 a
1755 2011 1891 2044 tumendo
1915 2013 2039 2041 scilicet.

80 2063 181 2094 Scal.
212 2063 340 2092 'l‘homix
365 2074 381 2090 a
406 2063 521 2090 Graeco
544 2060 678 2101 θώμιγξ,
703 2062 785 2099 quod
810 2061 976 2098 Hesychius
999 2061 1214 2098 interpretatur
1237 2056 1344 2089 λεπτὸν
1368 2059 1510 2098 σχοινίον.
1552 2059 1665 2088 Vitruv.
1688 2057 1739 2087 lib.
1753 2057 1823 2093 VII,
1846 2058 1893 2087 3.:
1924 2055 2040 2084 Tomice

79 2118 120 2137 ex
141 2113 241 2146 sparto
258 2105 426 2144 Hispanico
450 2103 613 2144 religentur.
646 2104 705 2132 Sed
728 2104 831 2132 melius
855 2103 980 2133 thomice
1002 2113 1067 2131 cum
1092 2102 1283 2140 aspiratione.
1319 2102 1415 2130 Locus
1439 2101 1556 2130 Lucillii
1580 2101 1623 2130 sic
1645 2099 1840 2138 corrigendus
1864 2103 1923 2127 est:
1949 2095 2039 2125 Vidi-

78 2161 143 2178 mus
164 2149 293 2177 vinctum
315 2147 439 2176 thomice
461 2146 619 2177 canabina.
653 2146 746 2184 Opilii
762 2146 874 2174 Aurelii
900 2146 1076 2174 sententiam
1100 2149 1221 2172 secutus
1238 2144 1385 2173 Perottus.
1417 2144 1474 2172 Sed
1497 2144 1574 2172 male
1596 2143 1734 2172 tomicum
1759 2146 1857 2171 vocat.
1892 2139 2037 2172 Tomiws,

78 2191 193 2229 inquit,
229 2191 310 2218 restis
333 2201 347 2217 e
369 2188 485 2217 canabo
507 2190 566 2217 sive
587 2195 687 2227 sparto
710 2187 809 2217 leviter
831 2196 926 2223 torta,
963 2189 1022 2217 sive
1041 2184 1184 2227 pulvillus
1205 2187 1315 2226 apponi
1336 2186 1441 2215 solitus
1464 2198 1478 2214 e
1501 2187 1618 2216 conciso
1641 2196 1803 2215 cannarum
1827 2180 1970 2217 cannabi,
2003 2191 2038 2207 ne

78 2234 161 2262 restis
188 2230 333 2261 laedatur.
380 2231 457 2259 lllud
487 2232 574 2259 etiam
605 2231 745 2268 interest,
782 2231 863 2268 quod
886 2231 1024 2260 Perottus
1054 2229 1213 2269 pulvillum
1243 2229 1384 2267 intelligit
1412 2229 1534 2258 funibus
1557 2228 1792 2263 circumdatum,
1830 2235 1866 2253 ne
1888 2221 2035 2259 frequenti

79 2275 234 2304 collisione
257 2274 429 2310 laedantur3
454 2273 594 2302 Aurelius
618 2283 688 2301 vero
712 2274 887 2312 pulvillum,
912 2284 1000 2312 quem
1023 2273 1053 2301 in
1077 2272 1154 2300 collo
1177 2277 1293 2310 ponunt
1316 2272 1507 2307 animalibus,
1531 2281 1568 2299 ne
1590 2275 1669 2299 reste
1692 2270 1857 2298 laedantur.
1903 2265 1990 2292 Dac-

247 2317 294 2345 To
304 2328 420 2355 ngere.
467 2316 597 2355 Tangere
617 2315 725 2345 Aelius
749 2315 826 2345 Stilo
850 2317 892 2345 ait
915 2327 1031 2345 noscere
1053 2326 1127 2349 esse,
1157 2326 1222 2343 cum
1245 2321 1272 2342 et
1292 2313 1473 2343 Praenestini
1495 2313 1684 2353 tongitionem
1707 2311 1809 2341 dicant
1830 2317 1885 2345 ΡΓΟ
1907 2305 2035 2335 nomme·

79 2359 236 2399 Significat
259 2360 347 2387 etiam
370 2357 460 2388 latius
483 2357 640 2387 dominari.
673 2358 802 2388 Ennius:
824 2358 894 2387 Alii
915 2358 1058 2388 rhetorica
1081 2364 1207 2396 tongent.
1239 2356 1277 2385 Et
1297 2358 1410 2387 vincere
1426 2354 1603 2396 quandoque
1619 2354 1731 2383 videtur
1746 2350 1921 2391 significare.
1953 2347 2035 2376 Haec

79 2403 205 2432 sortasse
228 2402 341 2432 Festus,
373 2401 460 2431 Ant.
483 2402 581 2440 Aug.
628 2400 757 2440 Tongere
780 2400 858 2430 Stilo
880 2402 923 2430 ait
946 2412 1063 2430 noscere
1085 2411 1157 2437 esse,
1193 2400 1265 2439 quia
1288 2398 1471 2429 Praenestini
1493 2398 1683 2438 tongitionem
1707 2394 1806 2423 dicant
1826 2402 1882 2430 pro
1905 2391 2031 2426 notione,
