2263 2668
529 158 593 192 DE
619 157 1007 194 SIGNIFICATIONE
1034 155 1318 190 VERBORUM.
1375 157 1520 192 LIBER
1546 159 1603 192 XI.
1958 157 2031 193 511

92 260 121 284 et
144 259 210 283 ante
233 253 308 281 diem
334 256 450 280 sextum
473 251 515 280 Id.
538 251 682 281 Novemb.
704 261 810 290 nempe
833 251 896 280 VII.
919 250 963 279 Id.
986 249 1036 288 qui
1066 249 1127 277 dies
1154 249 1298 288 septimus
1328 255 1371 279 est
1399 250 1528 280 eiusdem
1560 250 1681 280 mensis.
1728 249 1822 278 Verba
1845 249 1963 278 Catonis
1991 252 2034 280 sic

91 297 214 335 legenda
246 306 281 324 ex
303 295 468 331 Scaligero:
507 292 616 322 Forma
647 295 721 323 enim
747 295 806 322 eius
831 300 887 329 est,
923 299 955 321 ut
975 303 1016 321 ex
1038 293 1073 320 iis
1096 292 1147 331 qui
1168 293 1309 320 intravere
1331 303 1501 332 cognoscere
1520 294 1619 333 potui,
1655 290 1802 322 adsimilis
1823 290 1878 322 illi.
1924 293 2034 322 Deinde

91 340 152 368 eius
174 337 349 379 inferiorem.
384 337 456 365 Nam
480 335 548 364 inde
570 336 719 375 incipiunt
739 336 829 365 verba
850 335 936 364 Festi.
971 334 1149 371 Corrigenda
1172 334 1258 362 etiam
1283 345 1356 372 quae
1378 341 1561 374 sequuntur,
1584 337 1641 364 ita:
1669 333 1756 373 Quod
1778 345 1835 374 quo
1858 341 1983 374 tempore
2001 347 2034 364 ea

91 391 166 421 quae
190 378 321 409 occultae
343 386 369 407 et
391 377 510 407 abditae
531 377 681 417 religionis
704 383 759 407 ete.
779 378 869 407 Dae.
902 377 1029 406 Atteius.
1057 377 1164 404 Attius.
1192 376 1289 405 Pater.
1317 377 1410 406 Patre.
1439 377 1519 407 Idem
1543 377 1619 408 loco.
1652 377 1782 406 Macrob.
1799 378 1916 406 Saturn.
1931 376 1961 414 Ι,
1986 379 2033 408 16,

95 422 200 452 Goth.
235 420 428 451 Volcanalia.
460 421 622 450 volcanali.
656 420 709 450 Eoe
730 422 766 449 iis
789 421 839 460 qui
859 421 1009 448 intravere.
1044 419 1082 447 Ut
1106 429 1144 447 ex
1167 419 1218 455 iis,
1242 419 1293 457 qui
1316 419 1385 449 intr.
1409 421 1547 457 cognosci
1570 420 1680 459 potuit.
1716 417 1936 448 Commentariis
1958 419 2032 449 iuris

92 466 145 495 civ.
170 464 237 495 Vid.
256 464 331 493 Gell.
348 464 407 499 111,
434 465 482 495 18.
507 463 559 502 (ibi
583 463 613 493 C.
636 463 718 492 Bassi
741 462 943 492 commentarii
966 460 1246 499 commemorantur)
1269 462 1287 491 l.
1301 463 1330 492 4.
1357 463 1466 499 §.1.ff.
1491 463 1526 491 de
1550 463 1666 491 verbor.
1689 461 1809 500 signifi0.
1839 459 1942 491 Goth.
1979 460 2034 490 Ille

91 508 160 538 eius.
194 507 241 536 1111
263 507 335 534 eius.
370 505 422 534 Per
444 516 491 534 eos
513 504 583 535 dies.
623 505 704 534 Adde
726 506 804 535 infra
826 503 1010 544 Religiosus,
1036 502 1200 532 Proeliares
1224 502 1301 540 (lies,
1328 502 1462 533 Comitia.
1505 504 1620 535 Idem.

254 557 335 585 IlIos
357 564 418 585 est.
463 555 593 586 Mam-ob.
616 556 667 587 lib.
684 556 732 584 ΙΙΙ.
755 558 874 585 Saturn.
896 555 986 583 refert
1010 552 1118 582 Iulium
1140 553 1254 582 Festum
1278 554 1326 582 lib.
1344 556 1391 585 13.
1419 555 1454 582 de
1483 556 1642 584 verborum
1671 553 1935 593 significationibus
1960 554 2033 582 scri-

91 599 202 638 psisse2
240 599 308 627 Mos
333 607 374 628 est
403 600 566 628 institurum
593 600 737 638 patrium,
769 598 914 638 pertinens
935 595 975 625 ad
997 595 1149 635 religiones
1180 597 1426 637 caerimoniasque
1447 599 1597 627 maiorum.
1641 598 1706 626 Non
1736 596 1840 625 dubito
1863 595 2033 635 Pompeium

91 652 147 680 pro
166 640 243 670 Iulio
267 641 456 670 scribendum
480 641 559 680 apud
584 641 776 670 Macrobium.
807 640 863 668 Hic
886 639 961 668 enim
983 644 1026 667 est
1049 639 1148 675 locus,
1173 649 1258 676 quem
1281 639 1391 675 adfert,
1417 650 1454 668 ex
1478 651 1535 678 quo
1558 639 1649 669 verba
1673 640 1750 668 Festi
1773 639 1875 668 sarciri
1899 643 2032 676 possunt,

90 686 194 722 paucis
217 684 339 722 syllabis
362 684 502 723 exceptis.
525 683 615 712 Ant.
639 684 730 722 Aug.
760 683 828 712 Mos
851 687 894 711 est
916 681 1083 711 institutum
1106 681 1259 719 quodlibet
1281 682 1493 710 consuetudine
1516 682 1678 712 firmatum:
1700 682 1773 711 ritus
1795 691 1866 711 vero
1890 686 1934 709 est
1957 680 2031 709 ordo

92 731 121 755 et
143 727 250 755 modus
272 727 303 755 in
327 726 567 755 administrandis
589 726 718 754 maxime
740 725 907 762 sacrificiis,
934 724 1012 753 unde
1036 723 1113 761 Virg.
1140 725 1225 762 (Aen.
1243 724 1314 761 XII,
1337 725 1438 762 836.):

708 794 750 799 —
795 793 834 797 -
878 792 919 797 —-
961 774 1074 804 M'orem
1097 774 1240 814 ritumque
1261 786 1411 804 sacrorum

710 818 877 849 Adiiciam.

92 870 243 899 Interdum
267 875 364 898 tamen
388 874 416 898 et
440 871 512 899 ritus
536 879 591 909 pro
614 880 693 899 more
716 874 879 909 usurpatus
904 873 932 897 et
955 878 1017 897 mos
1039 877 1093 906 pro
1117 867 1190 903 ritu,
1213 873 1247 896 ut
1269 867 1327 896 hic.
1351 867 1438 897 Dae.
1483 866 1551 895 Mos
1571 874 1611 895 est
1633 867 1796 895 institutum
1818 865 1947 905 patrium
1971 861 2036 904 (tie-

89 910 276 954 functorum)
300 920 422 941 veterum
444 913 588 951 pertinens
610 914 743 942 mascime
765 912 806 941 ad
829 910 979 951 religiones
1003 910 1230 950 cerimoniasque
1252 911 1446 951 antiquorum.
1495 909 1560 937 Vox
1583 907 1803 948 defunctorum,
1834 917 1908 946 quae
1930 907 1961 935 in
1984 916 2036 934 co-

90 955 157 983 dice
181 960 320 993 apparet,
344 955 507 994 explicatio
530 959 573 983 est
594 955 677 983 vocis
701 963 840 990 veterum,
865 963 961 992 neque
985 957 1107 991 apparet
1130 952 1159 980 in
1183 952 1309 981 schedis.
1344 949 1498 982 Mosculis.
1536 951 1561 979 A
1583 962 1646 979 mos
1668 949 1823 980 mosculus.
1853 950 1910 978 Alii
1933 949 2035 987 legunt

91 995 251 1034 moscillis,
282 998 329 1026 vel
353 995 479 1025 mosillis
500 1002 534 1026 ut
556 997 585 1025 in
609 998 697 1035 glosS.
720 998 827 1026 Isidori
849 995 982 1025 mosillus
1004 1005 1113 1034 parvus
1137 1005 1208 1023 mos.
1253 995 1306 1023 Cui
1331 994 1488 1033 posteriori
1511 1004 1569 1022 non
1593 993 1767 1021 adversatur
1791 993 1942 1030 analogia,
1966 1002 2035 1020 113111

89 1044 124 1068 ut
147 1049 162 1067 a
183 1050 289 1078 pasus,
309 1038 452 1079 pusillus,
477 1040 520 1068 sic
543 1051 559 1068 a
582 1051 645 1069 mos
666 1039 807 1070 mosillus.
845 1038 926 1067 Nihil
947 1043 1044 1067 tamen
1066 1036 1117 1066 hic
1141 1037 1314 1066 mutandum
1339 1042 1390 1066 est.
1428 1036 1548 1075 Optime
1571 1036 1647 1064 enim
1671 1046 1686 1063 a
1709 1046 1785 1072 mos,
1811 1033 1972 1070 mesomelas,
2002 1039 2035 1062 ut

90 1082 201 1122 aflos,
224 1080 374 1121 flosculus
396 1087 450 1109 etc.
494 1080 529 1110 In
553 1093 586 1109 ea
609 1094 696 1122 qnam
719 1083 836 1121 scripsit
858 1102 1291 1110 ...............
1314 1080 1356 1107 vis
1381 1079 1431 1119 qui
1452 1077 1588 1107 moribus.
1622 1077 1770 1106 schedae:
1799 1075 1943 1105 Mosculis
1960 1074 2034 1105 Gaio

88 1135 143 1162 pro
162 1124 263 1162 parvis
287 1123 415 1152 moribus
438 1122 519 1153 dixit
541 1125 571 1152 in
594 1136 626 1152 ea
649 1135 736 1164 quam
760 1124 876 1163 scripsit
900 1144 1148 1152 .........
1183 1124 1279 1161 Supra
1303 1122 1381 1150 Festi
1405 1126 1433 1149 et
1458 1121 1539 1148 Pauli
1563 1120 1653 1149 verba
1679 1120 1753 1147 male
1776 1118 1940 1149 cohaesere.
1979 1119 2034 1146 Le-

90 1165 177 1203 gebat
206 1166 382 1194 Sahnan'us:
420 1165 571 1195 Muscillis
601 1165 673 1195 Cato
696 1177 752 1206 pro
779 1167 881 1206 parvis
910 1164 1039 1194 moribus
1067 1169 1120 1194 etc.
1165 1165 1294 1193 Muscilli
1323 1163 1358 1195 τὰ
1387 1164 1500 1203 μυίδια.
1532 1163 1621 1192 Dac.
1665 1162 1739 1191 Vide
1771 1161 1897 1190 Macrob.
1924 1162 2035 1189 Satur-

91 1208 218 1237 nahltL
268 1207 374 1238 Goth.

255 1257 413 1289 Milium.
438 1259 499 1296 (Ad
517 1269 545 1298 p.
560 1258 642 1296 173.)
664 1258 758 1288 Varro
775 1259 826 1288 lib.
839 1259 888 1288 IV.
907 1257 947 1298 (p.
962 1260 1031 1290 109.
1049 1256 1130 1297 Sp.):
1154 1257 1272 1287 Milium
1289 1269 1307 1286 a
1326 1256 1455 1286 Graeco:
1475 1266 1543 1284 nam
1560 1254 1591 1283 id
1606 1254 1688 1294 prius
1705 1255 1783 1293 μίλιν
1798 1264 1853 1293 pro
1869 1252 1962 1293 μέδιν,
1987 1252 2035 1281 ubi

89 1300 243 1329 Turnebus
260 1301 410 1329 rescribit:
433 1302 534 1340 μελίνη
547 1308 615 1340 post
631 1303 747 1341 μεόίνη.
781 1302 887 1330 Verum
905 1302 1005 1340 μελίνη
1021 1301 1142 1339 proprie
1166 1301 1304 1340 panicum
1328 1299 1407 1339 quod
1424 1310 1438 1327 3
1459 1299 1541 1326 milio
1565 1297 1733 1334 diversum,
1757 1307 1847 1335 quare
1863 1295 2035 1334 neutiquam

90 1342 125 1371 ab
148 1352 181 1371 eo
204 1347 300 1381 potest
325 1344 466 1381 originem
490 1353 596 1382 capere
619 1343 748 1380 milium,
771 1346 828 1373 nisi
851 1344 881 1372 id
904 1345 1014 1372 factum
1039 1343 1120 1372 dicas
1142 1348 1267 1382 propter
1286 1342 1435 1381 quandam
1456 1340 1677 1369 similitudinem
1698 1339 1852 1377 utriusque
1872 1338 2034 1376 leguminis.

89 1385 162 1413 Nam
192 1386 311 1424 μελίνην
334 1385 354 1414 i.
375 1386 514 1425 panicum
547 1385 672 1414 similem
701 1386 812 1428 κέγχρῳ
836 1387 855 1415 1.
878 1385 961 1415 milio
989 1385 1114 1415 tradunt
1136 1385 1266 1425 Hesych.
1291 1385 1455 1414 Dioscorid.
1480 1384 1582 1413 Galen.
1605 1387 1634 1411 et
1656 1382 1714 1412 alii.
1760 1382 1892 1410 Alterum
1917 1385 2035 1418 etymon

89 1438 104 1455 3
127 1427 292 1456 millenario
317 1438 439 1456 numero
463 1438 586 1467 prorsus
608 1428 780 1459 ridiculum.
811 1429 898 1460 Dac.
939 1428 1083 1469 Κέγχρον.
1123 1429 1235 1457 Gloss.:
1266 1427 1400 1464 Milium,
1430 1426 1567 1468 κέγχρος,
1593 1425 1709 1465 ἔλυμος.
1740 1422 1847 1453 Goth.
1888 1423 2035 1462 Μελίνην.

88 1470 133 1499 Ita
158 1470 251 1499 Varro
275 1470 354 1510 (pag.
370 1472 439 1502 109.
464 1471 536 1509 Sp.).
582 1469 689 1501 Idem.

252 1519 522 1560 Municipalia.
546 1521 603 1558 (Ad
625 1532 652 1560 p.
666 1523 749 1559 173.)
772 1522 882 1551 Paulus
905 1532 963 1551 non
986 1522 1149 1559 intellexit,
1173 1521 1245 1560 quid
1267 1525 1343 1550 esset
1365 1525 1431 1548 ante
1455 1519 1604 1548 civitatem
1621 1518 1704 1548 Rom.
1727 1521 1893 1555 accepta1n3
1917 1520 1946 1545 et
1968 1520 2036 1544 ante

88 1563 192 1592 urbem
208 1563 357 1592 conditam
376 1563 587 1601 interpretatus
605 1569 665 1600 est3
687 1574 783 1602 neque
797 1565 884 1592 etiam
902 1565 1090 1603 municipalia
1106 1574 1190 1593 sacra
1207 1568 1274 1592 sunt
1290 1563 1372 1591 urbis
1384 1563 1492 1591 nomae
1507 1571 1602 1597 sacra,
1624 1561 1675 1589 sed
1691 1560 1927 1598 municipiorum.
1946 1558 2034 1588 Ant.

87 1605 184 1644 Aug.
215 1605 259 1634 Ex
282 1605 369 1634 Festo
393 1605 490 1633 scribe
512 1613 661 1645 acceptam
685 1616 740 1644 pro
764 1605 924 1636 conditam.
947 1605 1051 1635 Fulv.
1073 1606 1150 1635 Urs,
1184 1604 1383 1644 Municipalia
1405 1615 1491 1633 sacra
1514 1613 1589 1642 quae
1611 1604 1774 1641 municipes
1797 1606 1865 1630 ante
1887 1601 2034 1629 civitatem

87 1648 172 1677 Rom.
197 1652 350 1686 acceptam
374 1646 518 1684 habuere,
553 1658 613 1675 nou
635 1652 732 1676 autem
756 1652 823 1676 ante
846 1649 968 1676 Romam
993 1648 1143 1677 conditam
1167 1653 1200 1676 ut
1222 1648 1297 1676 male
1322 1647 1430 1676 Paulus
1451 1646 1673 1685 interpretatur.
1697 1645 1785 1674 Dae.
1830 1641 2033 1683 Municipalia.

88 1689 122 1718 ld
145 1694 188 1718 est
211 1690 448 1728 municipiorum.
479 1687 644 1720 conditam.
678 1691 849 1729 Acceptam.
880 1690 1059 1720 Assuissent.
1088 1691 1272 1719 Assuessent.
1319 1687 1423 1718 Goth..

253 1731 405 1760 Minora
435 1730 584 1771 templa.
630 1732 782 1761 Videndus
807 1732 900 1761 Varro
923 1733 972 1763 lib.
987 1733 1035 1762 VI.
1059 1732 1096 1761 de
1120 1733 1229 1770 Lingua
1254 1732 1313 1761 Lat.
1338 1731 1428 1760 Ant.
1451 1729 1544 1769 Aug.
1590 1729 1648 1765 Qui
1670 1739 1724 1758 uos
1746 1728 1883 1757 reiiciunt
1905 1727 1943 1756 ad
1963 1727 2036 1757 Var-

89 1783 190 1803 ronem
215 1773 244 1801 in
269 1773 352 1802 libris
375 1774 412 1803 de
435 1774 544 1811 Lingua
568 1775 628 1803 Lat.
652 1779 685 1803 ut
708 1785 783 1814 quae
806 1775 865 1804 sint
888 1776 1001 1804 minora
1026 1776 1153 1813 templa,
1177 1785 1213 1803 ex
1237 1784 1271 1803 eo
1293 1779 1449 1812 putamus,
1479 1782 1538 1800 non
1562 1772 1652 1810 magis
1675 1782 1730 1800 nos
1752 1772 1871 1808 iuvant,
1902 1781 1989 1809 quam
2011 1770 2035 1798 si

90 1816 205 1844 nullum
228 1816 265 1844 de
287 1815 343 1844 hac
366 1827 397 1845 re
418 1816 542 1845 verbum
565 1817 713 1846 fecissent.
757 1818 800 1846 Ne
831 1817 955 1847 verbum
986 1818 1105 1856 quidem
1132 1818 1212 1857 apud
1236 1817 1417 1851 Varronem,
1457 1815 1509 1843 ubi
1529 1815 1580 1843 1113
1602 1815 1737 1853 loquitur
1759 1813 1880 1852 quidem
1901 1813 1939 1842 de
1959 1817 2036 1842 tem-

87 1859 164 1897 plis;
198 1858 237 1887 ita
261 1863 373 1896 tamen,
407 1864 442 1887 ut
464 1869 539 1897 quae
560 1865 630 1888 sunt
651 1861 764 1889 minora
788 1861 896 1899 templa
919 1860 1014 1889 nihilo
1038 1860 1128 1898 magis
1151 1862 1234 1890 scias.
1280 1859 1338 1888 Sed
1361 1858 1469 1886 diserte
1492 1857 1652 1886 Servianae
1674 1856 1801 1885 schedae
1825 1857 1991 1894 (pag-837·
2014 1854 2034 1882 f·

88 1900 133 1929 ed.
153 1901 239 1937 Dan.)
259 1901 290 1929 id
313 1911 367 1930 nos
391 1901 500 1930 docent
520 1901 566 1930 his
589 1902 700 1931 verbis:
722 1901 792 1932 Alii
817 1901 952 1942 templum
977 1902 1077 1932 dicunt
1101 1914 1159 1932 non
1181 1901 1274 1932 solum
1299 1900 1378 1941 quod
1397 1907 1491 1940 potest
1513 1898 1631 1936 claudi,
1654 1910 1749 1928 verum
1773 1899 1858 1927 eiiam
1881 1895 1960 1937 quoti
1978 1907 2035 1936 po-

92 1942 130 1972 lis
152 1950 203 1971 aut
226 1942 318 1971 hastis
341 1951 548 1981 sustentatum,
584 1952 635 1973 aut
657 1945 760 1985 aliqua
784 1944 840 1974 tali
861 1957 891 1974 re
912 1952 939 1973 et
961 1944 1062 1981 lineis,
1099 1953 1150 1974 aut
1172 1944 1262 1980 loris,
1298 1951 1324 1972 et
1348 1942 1440 1972 simili
1461 1954 1490 1971 re
1511 1949 1621 1981 septum
1645 1949 1700 1977 est,
1731 1939 1812 1981 quod
1832 1940 1960 1980 ecfatum
1982 1945 2032 1967 est.

88 1984 230 2023 Amplius
258 1996 316 2014 uno
345 1986 427 2014 exitu
456 1987 486 2014 in
516 1997 548 2015 eo
576 1998 634 2015 esse
663 1998 720 2016 non
751 1995 880 2026 oporiet,
919 1999 985 2016 cum
1014 1987 1056 2016 ibi
1085 1988 1122 2016 sit
1153 1987 1302 2017 cubiturus
1323 1986 1487 2025 auspicans.
1533 1986 1567 2012 ln
1590 1985 1698 2022 quibus
1720 1983 1818 2012 verbis
1841 1983 1901 2010 fere
1924 1982 2031 2015 onmia,

90 2037 165 2064 quae
188 2027 291 2055 Festus
314 2028 417 2057 scribit
439 2028 475 2056 de
498 2029 662 2058 minoribus
685 2031 818 2068 templis,
840 2035 1060 2068 proponuntur.
1105 2030 1231 2058 'santum
1255 2030 1335 2067 apud
1359 2028 1494 2056 servium
1516 2027 1682 2065 legebatur,
1705 2024 1785 2066 quod
1806 2031 1833 2053 ei
1851 2023 1968 2064 factum
1990 2030 2032 2051 ese

89 2080 145 2108 pro
168 2068 296 2109 ecfatum
319 2078 368 2099 est.
393 2069 492 2099 Scal.
529 2072 647 2108 Optime
671 2073 807 2101 Servius:
836 2071 907 2102 Alii
929 2071 1065 2111 templum
1089 2077 1143 2101 etc.
1183 2072 1236 2101 Ubi
1259 2072 1320 2100 fere
1343 2071 1439 2099 omnia
1463 2080 1538 2108 quae
1559 2070 1665 2099 Festus
1687 2066 1790 2097 scribit
1811 2066 1847 2095 de
1868 2065 2031 2094 minoribus

88 2112 216 2151 templis.
254 2111 354 2152 Effert*
374 2118 472 2141 autem
495 2118 523 2142 et
544 2113 638 2154 effata
662 2116 811 2150 auguralia
834 2115 923 2144 verba
947 2120 1025 2143 sunt.
1063 2115 1136 2143 Vide
1156 2115 1253 2143 sistere
1264 2113 1358 2154 fana.
1402 2112 1491 2143 Dae.

251 2154 379 2184 Manes
407 2153 470 2184 dii.
515 2155 593 2184 Festi
621 2156 712 2185 verba
740 2158 842 2186 mutila
872 2167 910 2186 ex
937 2157 1020 2186 Pauli
1051 2157 1179 2196 epitome
1211 2156 1314 2185 sarciri
1344 2160 1485 2195 possunt,
1522 2154 1623 2192 paucis
1652 2151 1793 2192 exceptis.
1821 2151 1911 2181 Ant.
1932 2149 2028 2189 Aug.

89 2195 192 2224 Manes
212 2206 227 2224 a
247 2208 334 2226 mano
357 2197 375 2226 i.
395 2208 418 2226 e.
443 2197 534 2234 bono,
557 2198 638 2236 quod
658 2199 733 2228 ‘boni
756 2201 824 2229 sint.
857 2200 915 2228 Alii
937 2209 993 2238 per
1016 2199 1203 2239 antiphrasin
1225 2199 1293 2237 quia
1316 2199 1466 2227 immanes.
1505 2197 1589 2226 Prior
1611 2196 1771 2225 sententiae
1793 2195 1872 2223 favet
1896 2192 1976 2231 quod
1999 2194 2029 2220 iu

89 2238 210 2266 Graecis
233 2240 356 2278 χρηστοί
378 2240 397 2268 1.
420 2239 492 2268 boni
514 2240 585 2269 dicti
608 2246 687 2271 sunt.
731 2242 768 2271 Et
790 2253 889 2271 manes
911 2242 1010 2280 lingua
1039 2252 1191 2271 sacrorum
1214 2252 1269 2280 pro
1293 2243 1373 2270 mani
1395 2245 1427 2269 ut
1449 2251 1544 2269 sacres
1568 2249 1623 2277 pro
1646 2238 1741 2275 sacri3
1777 2237 1931 2277 plurimes,
1965 2244 2028 2261 ma-

88 2280 186 2309 trimes
213 2291 268 2319 pro
296 2283 434 2320 patrimi,
473 2284 619 2319 matrimi,
658 2289 686 2312 et
715 2284 770 2313 alia
799 2285 899 2313 multa.
943 2285 1037 2313 Porro
1068 2286 1117 2323 qui
1149 2285 1269 2323 proprie
1293 2285 1391 2312 Manes
1415 2283 1484 2312 dicti
1507 2283 1633 2317 suerint,
1671 2290 1776 2318 magna
1798 2280 1874 2308 inter
1896 2275 2025 2307 eruditos

88 2323 223 2360 quaestio
247 2323 321 2361 funt,
359 2325 423 2353 aliis
446 2325 501 2353 alia
534 2326 780 2357 existimantibus.
827 2327 925 2356 113113
948 2328 1038 2355 multa
1063 2327 1164 2365 Plato,
1204 2327 1351 2361 motinus,
1389 2324 1590 2364 PorphyriuS,
1624 2324 1768 2357 Proclus,
1806 2321 1948 2360 Apuleius
1969 2321 2023 2344 etc-

88 2364 257 2394 Notandum
281 2372 378 2396 autem
402 2368 475 2396 illud
499 2368 590 2396 1113133
613 2368 663 2397 hb.
678 2369 715 2398 1.;
752 2368 899 2408 Augilae,
936 2370 1047 2408 inquit,
1085 2370 1188 2398 Manes
1212 2377 1323 2398 tantum
1347 2368 1423 2397 Deos
1443 2374 1564 2406 putant,
1600 2378 1651 2406 per
1675 2377 1723 2395 eos
1748 2364 1889 2397 deterant,
1925 2370 1971 2389 eos
1993 2365 2024 2386 Μ

89 2406 211 2437 oracula
234 2409 404 2447 consulum,
424 2411 537 2450 precati
556 2422 630 2450 quae
649 2410 765 2449 uolunt,
792 2411 841 2441 ubi
863 2411 982 2441 tumulis
1004 2411 1157 2442 incubuere
1175 2423 1231 2451 pro
1254 2411 1397 2451 responsis
1408 2409 1517 2452 ferunt
1539 2410 1661 2440 somnia.
1693 2409 1776 2445 Quae
1799 2405 1888 2435 verba
1911 2413 1947 2432 ex
1963 2401 2023 2430 sse-
