2263 2668
556 137 620 171 DE
647 134 1032 172 SIGNlFchTloNE
1059 134 1342 174 VERBORUM.
1392 139 1538 173 LIBER
1563 136 1620 175 IX.
1981 147 2057 183 467

279 227 519 271 Infrequens.
563 230 658 260 Plaut.
680 230 800 260 Trucul.
824 229 879 266 (Il,
903 231 935 265 1,
960 228 1038 265 19.):

689 280 747 310 Pro
770 279 950 321 infrequente
970 289 1033 307 eum
1060 279 1158 309 mittat
1179 278 1288 310 militia
1312 278 1439 310 domum.

116 331 189 360 Inde
212 331 360 369 eleganter
382 331 485 363 Horat.
508 332 566 362 Od.
591 332 683 368 lib.1,
708 334 759 363 34.
785 329 866 372 (in.):

752 380 863 411 Parcus
885 380 1012 410 Deorum
1036 378 1132 409 cultor
1152 387 1177 408 et
1200 378 1375 422 infrequens.

115 432 169 461 Da
179 444 203 463 c.
241 433 282 461 De
305 443 334 462 v.
358 431 502 473 Frequens
527 433 565 464 cf.
589 433 758 462 Doederlin.
781 434 851 472 Syn.
875 433 938 462 Lat.
954 432 983 468 1,
1006 440 1072 470 pag.
1086 433 1135 462 17.
1159 431 1281 470 eiusque
1304 441 1456 462 censorem
1479 432 1630 462 Lischium
1652 434 1682 462 in
1703 434 1798 465 Jahnii
1823 438 1939 470 Annall.
1960 443 2051 475 1829.

116 477 151 511 3,
177 478 203 507 1.
226 485 290 514 pag.
303 477 330 506 3.
343 485 425 513 seqq.

279 524 467 556 Involvus.
511 526 590 554 Bene
613 525 670 554 viri
693 525 787 554 docti:
818 523 996 554 Involvulus.
1039 523 1134 551 Plaut.
1159 523 1300 560 Cist.1V‚
1323 527 1352 556 2.
1377 524 1472 564 (63.).

548 566 686 596 Imitatur
707 580 827 608 nequam
852 567 971 596 bestiam
994 572 1019 595 et
1042 564 1242 603 damnificam.
1287 565 1450 604 Quamnam
1473 566 1604 598 amabo?

547 608 747 645 Involvulum‚
776 622 850 651 quae
871 611 901 638 in
920 608 1054 649 pampini
1073 605 1152 647 folio
1174 608 1284 637 intorta
1306 608 1440 648 implicat
1462 621 1498 640 se.

116 652 219 680 Catoni
243 649 321 691 (cap.
334 650 400 691 95.)
424 655 452 680 et
474 652 652 681 columellae
676 651 864 682 convolvulus
886 652 1003 681 dicitur.
1047 649 1136 679 Dac.

279 693 388 734 Infit.
433 694 518 729 Infit,
556 695 672 733 inquit,
708 695 799 732 magis
828 695 946 733 proprie
974 693 1093 722 dicitur.
1124 691 1210 721 Ant.
1233 692 1325 732 Aug.
1369 691 1440 733 Infit
1462 691 1545 733 ἄρχει
1567 694 1672 735 λέγειν,
1708 694 1883 736 ἐπιγίνεται,
1922 697 2048 738 ἄρχει-αι,

115 735 200 776 Infe,
223 735 356 778 (Info?)
378 733 473 774 ἔρξαι.
497 736 599 766 Scal.
625 739 715 776 Saepe
738 737 893 766 Lucretius
916 742 945 766 et
965 736 1059 774 Virg.:
1084 734 1131 763 Ita
1151 734 1246 773 farier
1268 736 1341 775 infit.
1372 736 1443 774 Itfit
1466 737 1554 765 etiam
1575 733 1641 767 κατ’
1663 737 1795 775 ἔλλειψιν
1817 749 1872 777 pro
1895 741 1950 769 sari
1972 742 2050 772 inci-

115 779 169 817 pit.
212 780 264 807 Est
287 784 385 807 autem
408 789 423 807 a
447 779 536 808 verbo
559 779 744 808 substantivo
756 781 820 820 fio,
847 779 928 818 quod
950 789 965 807 a
990 776 1075 817 φύω,
1098 777 1177 806 unde
1200 778 1354 816 antiquum
1367 777 1446 819 suo,
1471 789 1546 810 eum.
1568 778 1655 808 Dac.
1701 779 1775 809 Vide
1799 781 1967 812 Do‘ederlin.
1992 786 2049 824 Sy-

115 831 185 850 non.
209 822 270 850 Lat.
288 821 328 849 111
369 823 481 853 160.se
525 843 532 849 .

277 841 464 905 Infitiari.
483 832 639 902 qqInfitiari
666 864 810 893 creditum
839 874 952 902 negare.
997 862 1105 892 Varro:
1148 860 1208 899 Qui
1233 860 1347 900 petebat
1375 869 1401 890 ei
1425 863 1476 902 qui
1496 861 1685 902 infitiabatur.
1729 864 1787 893 Sed
1809 865 1936 905 infitiare
1959 869 2049 898 etiam

115 910 230 934 veteres
246 905 365 934 dixere:
391 905 439 935 Sa·
460 907 582 946 irfitiat‚
607 905 772 946 duplionem
796 906 915 935 subeiio.
934 906 1022 935 Dac.
1044 906 1138 934 Isidor
1153 904 1216 934 XV.
1235 913 1259 933 c.
1272 906 1323 936 26.
1346 904 1366 932 l.
1382 904 1429 935 14.
1444 905 1473 934 ff.
1492 905 1631 944 Depositi.
1648 908 1678 937 2.
1693 906 1721 934 ff.
1745 907 1781 936 de
1804 913 1918 947 except.
1940 910 1960 940 Ι.
1974 912 2003 942 7.
2018 910 2048 941 ff.

115 948 152 977 de
175 948 315 978 solution.
340 949 466 980 l.61.ff.
490 949 525 978 de
541 949 640 986 furtis,
662 948 732 977 hinc
755 950 911 989 irficiator.
935 949 994 980 Cic.
1010 949 1031 978 1.
1055 949 1091 977 de
1108 948 1190 976 Orat.
1209 947 1328 983 (c.37.).
1354 947 1481 982 Quintil.
1495 947 1558 978 Vll.
1581 951 1648 980 c.2·
1672 948 1800 978 Martiali
1825 950 1859 989 (l,
1886 951 1966 991 104.)
1989 953 2049 983 No-

115 990 165 1018 nio
188 992 274 1029 (pag.
290 993 358 1021 130.
381 992 491 1028 Mero.)
514 996 610 1020 tamen
638 992 810 1029 infitiatores
838 992 904 1020 falsi
933 991 1063 1020 criminis
1092 991 1271 1026 obiectores,
1309 989 1379 1018 hinc
1401 990 1544 1030 irficiatio
1567 992 1593 1028 §.
1618 991 1770 1028 quaedam.
1815 992 1908 1023 Instit.
1932 995 1968 1024 de
1990 1001 2047 1027 act.

114 1033 134 1064 l.
149 1035 195 1064 16.
211 1033 240 1061 ff.
265 1031 433 1062 Indicarum
456 1032 539 1063 solvi.
564 1035 582 1062 l.
596 1036 646 1065 67.
661 1034 689 1062 ff.
714 1034 750 1062 de
772 1034 870 1062 furtis.
918 1032 1019 1063 Goth.

277 1073 438 1115 Insulae.
481 1076 576 1104 Infula
600 1081 643 1105 est
665 1077 729 1104 alba
753 1077 843 1105 fascia
866 1077 965 1113 lanea,
989 1075 1150 1115 pensilibus
1173 1085 1210 1103 ex
1233 1084 1264 1102 ea
1288 1078 1414 1113 utroque
1436 1074 1529 1104 latere
1553 1074 1635 1103 vittis
1657 1074 1730 1103 albis
1748 1075 1854 1113 laneis,
1877 1078 2048 1117 perciugens

115 1122 206 1156 caput
227 1117 406 1155 Flaminum,
434 1118 613 1155 hostiarum,
645 1129 749 1157 pacem
771 1120 977 1157 poscentium,
1006 1118 1172 1156 rogantium
1196 1117 1327 1153 veniam,
1357 1117 1528 1145 diadematis
1551 1119 1664 1156 specie,
1687 1118 1925 1158 templorumque
1948 1121 2048 1150 ambi-

113 1165 176 1188 tum
198 1160 383 1198 succingens.
427 1161 575 1192 Varr.lV.
599 1160 742 1198 (lib.VlI‚
766 1163 879 1200 p.310.
903 1163 976 1201 Sp.).
1020 1159 1139 1200 Insulas
1169 1158 1264 1189 dictas
1291 1166 1410 1198 apparet
1438 1160 1470 1188 in
1496 1159 1614 1196 hostiis,
1651 1159 1730 1199 quod
1752 1159 1909 1190 uelamenta
1931 1174 1946 1191 e
1967 1162 2046 1201 lana,

113 1214 187 1243 quae
208 1201 374 1239 adduntur,
411 1202 524 1244 infulae
549 1204 627 1232 intra
655 1203 816 1232 hostiarum
840 1215 951 1233 cornua
972 1202 1134 1232 velamenta
1156 1209 1246 1231 erant.
1289 1201 1451 1230 Insularum
1475 1207 1572 1231 autem
1596 1212 1701 1230 nomen
1725 1203 1857 1232 Latinum
1880 1208 1931 1233 est.
1974 1205 2048 1235 Nam

112 1243 228 1285 irfilare
248 1245 310 1273 sive
332 1244 463 1287 infulare
482 1250 596 1274 veteres
619 1245 759 1274 dicebant
781 1246 917 1283 amicire,
955 1247 1069 1281 velare,
1107 1250 1140 1274 ut
1162 1249 1265 1273 contra
1287 1254 1396 1273 exuere
1418 1243 1543 1284 ezrfilare
1564 1245 1612 1273 vel
1636 1243 1790 1286 exsulare‚·
1824 1250 1853 1275 et
1879 1246 2048 1288 eminfulare

113 1297 204 1326 supra
226 1287 344 1316 Festus:
366 1286 585 1329 Exinfulabat‚
610 1287 755 1317 exerebat.
783 1289 816 1317 ln
840 1288 897 1317 fine
920 1289 1037 1317 notabis
1058 1286 1196 1316 velabant
1218 1297 1273 1326 pro
1294 1285 1474 1316 velabantur.
1499 1286 1587 1316 Duc.
1619 1286 1705 1325 Apud
1728 1287 1886 1317 Varronem
1909 1290 1976 1318 loco
1998 1300 2048 1320 eu-

113 1340 167 1368 pra
190 1339 253 1359 exc.
276 1339 357 1358 nunc
378 1330 464 1359 aliter
485 1330 607 1368 legitur:
635 1329 742 1359 Dictus
763 1338 885 1370 apparet
907 1329 1037 1371 infulas,
1068 1329 1148 1370 quod
1169 1329 1346 1366 velamenta,
1376 1329 1422 1358 his
1443 1341 1457 1357 e
1479 1327 1550 1358 lana
1572 1339 1646 1370 quae
1667 1327 1832 1368 adduntur,
1856 1330 1971 1371 infulae
1992 1337 2046 1363 cet.

113 1372 209 1401 Locus
230 1372 404 1409 mendosus,
432 1372 485 1401 sed
507 1373 557 1411 qui
582 1372 732 1401 emendari
755 1378 882 1411 nequeat
905 1378 1030 1412 propter
1051 1373 1189 1401 lacunam
1212 1373 1301 1400 unius
1325 1372 1459 1410 plagulae
1481 1372 1579 1400 statim
1604 1377 1811 1409 antegressam.

276 1412 465 1455 Inferium
487 1415 618 1445 uinum.
662 1415 742 1443 Idem
766 1416 847 1454 quod
872 1414 989 1455 Galpar.
1033 1416 1161 1452 Vinum,
1191 1414 1271 1453 quod
1295 1414 1386 1443 totius
1410 1414 1574 1443 vindemiae
1596 1415 1715 1443 nomine
1737 1415 1801 1444 Iovi
1822 1415 1988 1453 libabatur,
2013 1421 2048 1446 ut

112 1457 137 1485 is
159 1466 193 1486 eo
215 1461 291 1485 esset
312 1462 477 1487 contentus.
521 1457 646 1486 Libandi
669 1457 813 1486 formula:
836 1456 946 1497 Iupiter
966 1465 1061 1488 macte
1082 1457 1139 1486 Ιιοο
1159 1458 1227 1486 vino
1250 1456 1355 1497 inferio
1378 1464 1446 1486 esto.
1487 1457 1571 1492 Quae
1593 1457 1623 1485 ni
1647 1456 1777 1485 adhibita
1802 1457 1921 1495 suisset,
1947 1459 2048 1488 vinum

112 1508 198 1528 omne
228 1499 330 1528 usibus
357 1499 493 1529 humanis
524 1500 706 1539 eripiebatur
733 1500 858 1538 Iovique
887 1510 1005 1528 sacrum
1034 1500 1131 1530 fiebat.
1177 1500 1272 1535 Quem
1301 1500 1392 1528 ritum
1416 1499 1564 1528 Arnobius
1593 1505 1697 1528 contra
1726 1505 1826 1537 gentes
1856 1501 1906 1530 lib.
1921 1501 1981 1531 Vll.
2005 1502 2049 1531 uic

113 1547 213 1580 aperte
236 1542 366 1570 declarat
388 1552 426 1571 ex
448 1542 625 1571 auctoritate
646 1542 792 1570 Trebatii:
824 1540 935 1580 Operae
954 1542 1095 1580 pretium,
1124 1543 1236 1579 inquit,
1264 1549 1322 1575 ιδῃ
1348 1542 1434 1569 etiam
1457 1541 1544 1570 verba.
1566 1542 1631 1581 ipsa
1654 1540 1833 1581 depromere,
1856 1542 1960 1582 quibus
1982 1553 2049 1573 cum

112 1585 209 1612 vinum
234 1582 376 1620 dabatur,
398 1585 442 1612 uti
460 1595 496 1613 ac
517 1582 683 1623 supplicare
706 1582 882 1612 consuetudo
905 1591 963 1611 est:
987 1582 1110 1612 Moerus
1132 1582 1188 1611 lzoc
1203 1583 1270 1611 vino
1285 1582 1391 1622 inferio
1406 1590 1474 1613 esto.
1505 1581 1632 1623 Inferio,
1655 1584 1769 1622 inquit,
1795 1584 1963 1623 Trebatius,
1986 1597 2047 1615 uer.

114 1624 180 1654 bum
203 1637 235 1654 ea
258 1636 346 1654 eausa
369 1633 409 1654 est
430 1624 565 1654 additum
588 1637 677 1665 eaque
698 1626 809 1654 ratione
828 1624 1007 1665 praefertur,
1038 1636 1074 1654 ne
1094 1625 1191 1653 vinum
1215 1635 1298 1653 omne
1319 1625 1452 1661 omnino,
1476 1624 1556 1665 quod
1578 1626 1607 1654 in
1631 1625 1713 1654 cellis
1734 1634 1821 1666 atque
1841 1627 1988 1666 apothecis
2009 1635 2050 1657 est

114 1665 281 1703 conditum,
304 1678 345 1696 ex
367 1667 472 1708 quibus
494 1666 573 1708 quod
595 1666 758 1708 effunditur
778 1675 944 1706 promptum
967 1675 1022 1704 esi,
1046 1679 1104 1695 esse
1125 1678 1240 1696 sacrum
1264 1667 1385 1706 incipiat
1407 1674 1433 1694 et
1455 1677 1495 1695 ex
1517 1666 1616 1696 usibus
1638 1668 1777 1707 eripiatur
1798 1668 1942 1699 humanis.
1980 1669 2048 1700 Ad-

114 1707 176 1738 dito
198 1719 266 1748 ergo
287 1708 343 1738 Ιιοο
363 1709 449 1739 verbo
471 1708 565 1739 solum
588 1710 641 1738 erit
663 1708 743 1750 quod
764 1709 920 1751 inferetur,
950 1721 1083 1746 sacrum,
1114 1719 1166 1738 nec
1188 1707 1326 1748 religione
1347 1707 1527 1748 obligabitur
1547 1716 1679 1740 ceterum.
1723 1710 1796 1739 Vide
1821 1709 1936 1750 Calpur.
1959 1711 2048 1742 Dae.

115 1749 268 1792 Inferium.
298 1751 438 1781 Inferum.
488 1751 590 1781 Goth.

278 1791 467 1823 Inlicium.
511 1794 583 1822 Cato
605 1793 643 1821 de
665 1804 697 1822 re
720 1798 791 1821 rust.
816 1794 853 1828 (c.
870 1793 928 1832 14.)
952 1792 1118 1823 colliciares
1139 1793 1227 1821 habet
1249 1802 1304 1833 pro
1327 1791 1469 1823 colliciae.
1493 1792 1541 1821 Fu
1551 1791 1594 1822 lv.
1618 1793 1693 1822 Urs.
1721 1793 1764 1822 Ab
1786 1793 1959 1832 inliciendo,
1983 1806 2048 1825 cum

115 1837 245 1875 populus
265 1836 400 1865 inlicitur
421 1836 459 1865 ad
482 1836 669 1874 magistratus
694 1841 895 1874 conspectum.
942 1836 1036 1864 Varro
1056 1836 1089 1864 V.
1112 1836 1148 1864 de
1171 1837 1200 1864 L.
1220 1837 1250 1865 L.
1275 1835 1442 1874 (pag.265.
1467 1836 1553 1874 Sp.):
1592 1834 1650 1873 Qui
1676 1837 1836 1865 exercitum
1859 1836 2050 1876 imperaturus

114 1879 183 1915 erit,
219 1889 342 1908 accenso
365 1877 437 1908 dicit
459 1878 532 1908 hoc.-
575 1876 760 1918 Calpurni
786 1889 878 1908 voca
906 1877 1078 1907 inliciunt
1109 1889 1230 1907 omnes
1256 1877 1428 1916 Quirites
1454 1877 1525 1906 lzuc
1549 1876 1596 1905 ad
1618 1889 1677 1906 me.
1720 1879 1873 1908 Accensus
1895 1877 1967 1908 dicit
1988 1880 2049 1909 sic.-

117 1919 248 1950 Omnes
272 1920 441 1958 Quirites
465 1920 642 1949 inlicium
664 1921 777 1949 visite
797 1920 866 1949 huc
887 1919 935 1949 ad
957 1919 1113 1950 iudices.
1135 1921 1222 1950 Dac.
1268 1920 1327 1949 Alii
1351 1919 1485 1949 Inlicum.
1534 1918 1638 1950 Goth.

277 1961 507 1993 Inlecebrae.
552 1962 631 1991 Haec
653 1963 749 1999 glossa
769 1963 914 1991 omittitur
936 1963 966 1991 in
989 1963 1055 1991 cod.
1080 1964 1155 2002 Lips.
1180 1963 1224 1992 ed.
1248 1963 1376 2002 princip.
1399 1962 1504 2000 Scalig.
1529 1962 1630 1991 Dacer.

278 2003 396 2036 Inletc.
442 2004 547 2041 Inlue,
570 2003 687 2044 inlegis,
711 2005 842 2033 secunda
866 2006 1029 2044 producta,
1054 2006 1102 2043 qui
1127 2010 1170 2034 est
1192 2005 1253 2033 sine
1276 2006 1348 2042 lege.
1387 2005 1480 2033 Plaut.
1505 2002 1598 2043 (Pers.
1614 2003 1674 2040 111,
1697 2006 1732 2040 3,
1754 2001 1812 2037 Am:
1841 2000 1946 2041 Inlecr,
1969 2002 2050 2034 labes

112 2045 203 2086 popli.
249 2046 353 2084 Inlex,
375 2047 489 2084 inlicis,
510 2047 639 2076 secunda
662 2052 798 2085 correpta
824 2047 859 2075 ab
881 2048 1056 2082 inliciendo,
1081 2048 1130 2085 qui
1153 2048 1248 2076 illicit.
1296 2048 1389 2076 Plaut.
1416 2048 1496 2076 Asin.
1515 2046 1546 2084 I,
1568 2048 1599 2078 3.
1624 2044 1717 2086 (67.):

647 2088 722 2118 Esca
745 2096 785 2117 est
806 2090 961 2126 meretrix,
986 2089 1077 2118 lectus
1099 2088 1175 2119 illex
1195 2097 1253 2126 est,
1276 2097 1422 2118 amatores
1442 2101 1517 2118 aves.

114 2131 168 2160 Da
178 2143 202 2161 c.
239 2131 335 2160 Nonio
359 2132 437 2170 (pag.
449 2132 521 2163 446.
545 2130 647 2169 Mero.)
671 2137 700 2160 et
723 2130 807 2160 lllix.
834 2130 937 2160 Goth.
975 2131 1027 2161 Ab
1049 2131 1217 2162 inliciendo.
1259 2132 1332 2161 Vide
1354 2142 1443 2171 supra
1465 2130 1593 2162 Adlicit.
1639 2128 1744 2158 Idem.

279 2172 552 2213 lnlaqueatum.
597 2175 653 2202 Pro
677 2174 775 2201 vincto
798 2178 827 2202 et
849 2174 954 2202 soluto.
993 2175 1062 2202 Nam
1087 2175 1267 2213 praepositio
1289 2176 1319 2203 in
1343 2175 1490 2214 privativa
1513 2172 1690 2212 aliquando,
1712 2170 1873 2210 aliquando
1896 2171 1980 2200 eliam
2004 2172 2047 2200 iu-

113 2216 224 2244 tensiva
279 2214 468 2256 Inlaqueatus
490 2221 587 2245 tamen
610 2216 725 2254 saepius
750 2227 803 2254 pro
826 2216 937 2245 vinclo.
982 2216 1034 2244 Da
1044 2228 1068 2245 c.

278 2257 316 2286 In
340 2259 593 2289 conventione.
626 2258 777 2287 videndus
802 2258 895 2287 Varro
920 2258 967 2288 lib.
983 2259 1030 2288 lV.
1052 2258 1089 2287 de
1115 2259 1143 2286 L.
1164 2259 1193 2287 L.
1217 2258 1285 2298 (Vl,
1308 2268 1373 2297 pag.
1386 2258 1456 2290 265.
1481 2257 1553 2297 Sp.).
1575 2254 1677 2285 Fulv.
1704 2255 1782 2284 Urs.
1816 2254 2045 2284 Conventionem

114 2300 229 2339 antiqui
246 2300 384 2330 dicebaut
401 2311 457 2339 pro
474 2301 624 2330 concione.
654 2301 748 2329 Varro
765 2300 798 2330 V.
822 2300 859 2330 de
883 2301 912 2329 L.
936 2301 965 2329 L.
988 2301 1054 2337 (vl,
1081 2302 1097 2329 l.
1118 2304 1169 2339 c.):
1197 2299 1226 2330 C.
1247 2299 1424 2340 Calpurnius
1446 2299 1534 2335 dicit,
1556 2309 1630 2328 voca
1651 2296 1692 2327 ad
1714 2298 1928 2327 conventionem
1952 2305 2046 2323 omnes

116 2341 243 2381 Quirites
265 2343 321 2373 huc
343 2342 383 2371 ad
405 2355 457 2372 me.
500 2343 654 2372 Accensus
677 2341 748 2371 elicit
771 2344 829 2372 sic.-
870 2342 977 2372 Omnes
1001 2342 1142 2382 Quirites,
1172 2344 1211 2371 ite
1231 2342 1272 2372 acl
1295 2343 1507 2373 conventionem
1528 2341 1585 2371 huc
1606 2339 1647 2370 ad
1669 2339 1789 2370 iudices.
1834 2338 1920 2368 Dae.

275 2384 416 2415 lustum
438 2384 574 2416 vadem.
620 2384 696 2414 Vide
720 2384 844 2416 Vadem.
891 2385 980 2416 Dac.

1494 2436 1642 2469 Nnn*
