2263 2668
499 158 562 192 DE
589 154 975 192 SIGNIFICATIONE
1006 155 1288 192 VERBORUM.
1350 158 1494 193 LIBER
1520 158 1594 192 ΧΠ.
1941 158 2016 194 533

72 251 333 293 praetermisisset:
373 249 463 290 Quia,
495 252 610 290 inquit,
642 262 790 292 nunquam
812 250 915 290 putavi
932 248 1022 291 fore,
1060 251 1111 289 qui
1133 258 1245 280 tantum
1269 251 1354 294 nefas
1377 250 1502 282 auderet.
1549 250 1653 279 Nescio
1677 260 1713 278 an
1736 260 1836 279 veram
1859 251 2014 282 lectionem

73 299 223 323 assecutus
253 295 318 324 sim.
361 295 468 322 Saltem
499 305 586 333 spero
609 305 654 323 me
680 294 803 333 propius
827 304 842 321 a
864 302 936 321 vero
965 292 1080 327 abesse,
1122 304 1208 331 quam
1238 295 1288 332 qui
1312 295 1443 323 Paricam
1472 295 1591 332 legunt,
1627 293 1744 331 decepti
1774 299 1916 333 corrupto
1945 295 2014 324 loco

71 337 151 365 Festi
173 347 208 365 ex
232 338 367 374 sequenti
390 337 484 374 libro,
515 342 547 365 ut
570 347 624 365 suo
648 337 713 365 loco
737 337 877 365 dicemus.
921 335 978 363 Sed
1002 340 1030 363 et
1053 336 1203 365 meliorem
1228 337 1382 366 lectionem
1407 342 1534 365 nostram
1559 347 1645 374 quam
1668 336 1816 373 Turnebi,
1849 337 1902 375 qui
1924 337 2016 366 inusi-

71 384 132 408 tate
153 380 240 419 ponit
263 379 320 418 legi
339 390 455 418 parens.
481 378 583 408 Scal.
621 378 728 418 Legem
751 390 864 419 quoque
883 385 1059 416 parenstam.
1094 378 1216 407 Fulvius
1240 380 1364 408 Ursinus
1386 380 1498 418 legebat
1513 379 1674 420 funestam.
1698 378 1787 407 Dae.
1824 377 1927 411 Ratio.
1961 381 2015 409 Pa-

71 422 140 450 ctio.
180 420 274 461 Caput
297 421 436 450 nubentis.
473 421 538 450 Vid.
561 422 636 450 infra
664 420 801 450 Obnubit.
844 419 1006 449 Vocarunt.
1040 420 1187 449 vocarint.
1222 421 1398 452 Parenstam.
1433 423 1573 450 Parit-ain.
1621 419 1725 448 Goth.

236 463 440 493 Numerius.
483 464 564 492 Idem
587 465 628 493 ait
651 464 745 492 Iulius
769 464 849 492 Paris
871 463 902 490 in
926 463 1053 501 epitome
1078 463 1185 491 Valerii
1212 464 1328 492 Maximi
1352 465 1388 493 de
1414 463 1660 503 praenominibus.
1695 463 1754 491 Cur
1778 468 1875 491 autem
1899 463 2017 492 dicatur

71 506 246 542 Numerius,
280 507 317 536 M.
341 506 436 534 Varro
460 506 490 534 in
514 507 624 535 Catone
647 507 708 534 sive
730 506 766 534 de
788 505 887 534 liberis
910 505 1069 533 educandis
1092 505 1132 533 ita
1156 507 1274 535 scribit:
1318 506 1355 535 Ut
1386 508 1436 547 qui
1465 514 1569 536 contra
1590 504 1718 535 celeriter·
1740 513 1823 534 erant
1845 507 1923 541 noti,
1947 506 2018 547 fere

71 548 224 577 Numerios
244 547 526 587 praenominabant,·
549 547 628 589 quod
652 550 702 588 qui
725 549 782 577 cito
796 548 952 588 facturum
976 546 1048 586 qui-1
1071 547 1216 576 ostendere
1238 547 1370 584 volebat,
1395 548 1509 578 dicebat
1533 558 1649 577 numero
1672 546 1704 575 id
1716 547 1805 589 fore,
1829 546 1909 587 quod
1931 548 2018 577 etiam

70 592 100 620 in
122 598 211 630 partu
231 590 428 630 precabantur
447 590 617 628 Numeriem,
641 602 729 631 quam
754 589 835 619 deam
859 589 950 618 solent
972 588 1134 628 indigetare
1156 592 1242 619 ctiam
1264 592 1425 631 pontifices.
1473 591 1550 620 Haec
1572 589 1712 619 mendose
1736 590 1863 624 Nonius,
1888 591 1938 619 sed
1962 601 2018 618 nos

70 633 239 668 emendate,
271 638 302 660 ut
326 634 498 672 opinamur,
530 634 770 672 conscripsimus.
798 632 886 662 Ant.
911 632 1005 671 Aug.
1048 633 1119 669 Lege
1143 638 1209 671 post
1234 633 1454 670 Malevantani,
1484 641 1515 662 ut
1537 641 1596 662 tum
1620 631 1779 662 dicebatur.
1805 632 1859 660 Da
1871 643 1894 661 c.
1936 633 2019 661 Adde

71 676 197 703 Nonium
219 675 249 703 in
274 674 429 704 Numerum
454 676 532 714 (pag.
546 675 631 715 352.)
656 681 685 705 et
709 676 915 713 Fragmentum
939 675 974 703 de
998 676 1244 712 praenominibus.
1292 674 1396 706 Goth.

235 716 314 746 Non
345 719 522 747 omnibus.
553 719 617 758 (Ad
641 729 667 757 p.
686 718 775 755 182.)
805 718 847 746 Ne
877 717 941 756 quis
967 717 1084 745 dubitet
1109 718 1226 756 Cipiuin
1251 718 1396 754 scribere,
1433 722 1466 746 ut
1488 718 1517 745 in
1540 716 1740 745 vetustissimo
1764 716 1841 744 libro
1864 717 1941 745 Festi
1966 721 2019 751 est,

70 765 99 788 et
120 760 160 788 ita
184 760 372 788 scribendum
396 771 459 789 esse
483 761 533 791 hb.
548 761 609 789 VH.
632 762 716 799 epist.
741 761 816 796 Cic.‚
847 771 905 788 non
929 760 1052 799 Capias,
1084 761 1158 789 sciat
1182 760 1258 788 hanc
1281 761 1421 788 familiam
1446 760 1535 788 fuisse
1559 761 1683 795 Romae,
1708 763 1737 787 et
1759 764 1859 787 extare
1882 759 2019 787 denarios

69 803 100 831 in
128 802 236 841 quibus
265 803 388 840 legimus
410 803 447 834 M.
473 804 556 832 ClPl.
581 804 618 833 M.
641 804 674 832 F.
714 803 751 832 Hi
775 814 790 831 a
814 803 887 842 Cipo
918 803 1042 831 fortasse
1073 803 1149 838 orti,
1189 804 1235 830 cui
1264 813 1374 831 cornua
1401 797 1469 831 vesse
1493 807 1558 830 nata
1583 802 1739 830 finxerunt.
1778 801 1863 831 Ovid.
1889 801 1938 831 lib.
1954 802 2019 829 XV.

70 844 119 884 (v.
134 846 205 877 565.
219 844 297 883 seq.)
328 846 443 874 Metam.
468 846 528 874 Val.
556 846 632 876 Max.
658 845 706 874 lib.
721 846 754 874 V.
777 856 841 885 cap.
858 848 887 876 6.
913 846 985 874 Plin.
1007 845 1058 874 lib.
1072 846 1122 873 Xl.
1149 848 1275 883 (ηρ-37.
1320 845 1377 873 Sed
1407 845 1486 873 hunc
1517 844 1649 872 Valerius
1678 854 1716 871 ex
1746 844 1878 872 Genucia
1910 844 2021 871 familia

68 887 189 916 videtur
211 888 382 924 nominare,
422 893 450 916 et
473 893 640 927 praetorem
664 889 768 923 fuisse,
806 888 887 926 quod
911 898 946 917 ne
971 888 1081 916 Plinius
1103 889 1221 926 quidem
1247 888 1382 916 credidit.
1405 888 1490 917 Ant.
1516 887 1607 925 Aug.
1652 886 1784 914 Meminit
1807 887 1867 916 Cic.
1890 886 1941 915 lib,
1960 886 2020 914 Vll.

69 930 181 969 ep-24.
215 928 338 969 Capias,
363 931 483 969 opinor,
507 930 577 959 olim
601 942 659 960 non
682 930 817 959 omnihus
840 929 963 961 dormio.
995 930 1046 959 Sic
1069 942 1120 969 ego
1144 941 1200 959 non
1225 930 1372 964 omnibus,
1396 931 1436 958 mi
1462 928 1556 965 Galle,
1579 930 1680 964 servio,
1705 929 1754 956 ubi
1775 927 1897 967 Capium
1921 933 2020 965 vocat,

69 982 157 1010 quein
180 972 284 1001 Festus
310 971 441 1012 Cipium‚
480 973 536 1002 nisi
567 979 595 1002 et
625 973 704 1012 apud
733 983 798 1001 euin
828 973 1048 1001 rescribendum
1074 971 1181 1012 Cipius.
1227 974 1301 1000 Sane
1325 973 1403 1000 MSS.
1428 971 1537 1000 habent
1562 969 1653 1000 Citius
1681 975 1714 998 ut
1740 981 1854 1010 semper
1877 971 2021 1009 proclivis

68 1015 124 1042 fuit
147 1015 301 1053 corruptio
323 1027 343 1053 p
366 1015 395 1043 in
419 1023 445 1053 t‚·
469 1016 569 1054 Cipius
594 1017 670 1045 enim
694 1015 851 1053 legendum
875 1021 928 1045 est.
958 1015 1162 1044 Pararenclzon
1180 1021 1277 1044 autem
1296 1016 1392 1043 dictus
1411 1020 1453 1042 est
1471 1016 1583 1042 Graece
1598 1013 1808 1053 παραρέγχων,
1832 1013 1946 1041 diceres
1961 1014 2021 1051 gal-

68 1057 125 1086 lice
147 1055 174 1086 le
195 1056 336 1098 ronflard.
382 1058 476 1086 Locus
499 1059 592 1087 Lucil.
623 1070 679 1087 non
710 1058 844 1087 omnibus
873 1057 1002 1093 dormio,
1041 1062 1084 1086 est
1116 1068 1153 1086 ex
1177 1061 1291 1086 incerto
1316 1059 1375 1088 Sat.
1399 1058 1486 1085 libro.
1515 1056 1605 1086 Dac.
1650 1056 1768 1094 Species
1792 1057 1942 1094 proverbii
1967 1061 2019 1085 est.

68 1099 143 1127 Male
165 1099 226 1129 Cio.
252 1098 367 1139 Capius.
413 1101 570 1139 Capiorum
594 1101 702 1129 familia
728 1102 835 1129 Romae
859 1112 872 1128 a
898 1099 981 1139 Cipio
1005 1101 1079 1128 sorte
1103 1101 1176 1136 orti,
1203 1101 1251 1129 cui
1276 1110 1386 1128 cornua
1411 1110 1473 1128 esse
1496 1104 1562 1127 nata
1586 1098 1744 1126 finxerunt.
1793 1096 1897 1127 Goth.

232 1141 457 1181 Nuncupata
483 1145 652 1182 pecunia.
686 1142 743 1182 (Ad
768 1154 795 1182 p.
810 1142 891 1181 182.)
924 1143 1021 1171 Palam
1053 1144 1211 1171 nominata.
1255 1143 1315 1171 Ista
1344 1154 1408 1171 cum
1437 1152 1546 1170 nexum
1565 1140 1666 1182 faciet
1689 1151 1703 1168 e
1730 1140 1886 1168 duodecim
1909 1141 1967 1168 tab.
1994 1141 2023 1168 id

69 1189 128 1221 est,
154 1194 220 1212 cum
243 1186 455 1223 paterfamilias
479 1197 533 1224 per
555 1196 603 1214 aes
626 1190 654 1214 et
676 1186 783 1214 libram
808 1186 948 1214 familiam
973 1185 1080 1214 vendet
1104 1191 1158 1215 etc.
1189 1186 1265 1214 Vide
1288 1196 1406 1213 nexum.
1440 1185 1522 1220 Quae
1545 1187 1709 1221 sequuntur
1732 1183 1774 1211 ita
1799 1183 1841 1210 uti
1864 1183 2023 1211 nominarit

66 1227 156 1255 verba
180 1232 248 1255 sunt
271 1227 350 1256 Festi
373 1228 424 1256 illa
449 1229 491 1256 uti
513 1227 614 1267 lingua
635 1229 827 1267 nuncupassit
850 1229 1080 1266 interpretantis.
1122 1228 1202 1257 Vota
1227 1235 1407 1265 nuncupata,
1437 1227 1604 1260 nominata,
1630 1225 1784 1264 promissa.
1822 1224 2023 1264 Nuncupandi

66 1274 163 1298 autem
187 1269 313 1298 verbum
336 1270 366 1298 in
391 1271 467 1299 votis
491 1271 613 1299 solenne
638 1275 681 1299 est
706 1276 738 1298 ut
760 1271 789 1298 in
814 1270 975 1299 deditionis
1005 1271 1215 1300 devotionibus
1240 1275 1268 1299 et
1292 1271 1355 1298 aliis
1378 1269 1408 1297 id
1433 1279 1524 1307 genus
1548 1278 1622 1307 quae
1646 1273 1725 1296 certa
1750 1268 1873 1295 formula
1899 1272 1928 1296 et
1951 1277 2024 1295 cou-

67 1312 160 1351 ceptis
189 1312 286 1340 verbis
317 1313 436 1351 publice
462 1313 661 1352 privatimque
690 1317 884 1351 peraguntur.
930 1314 1007 1349 Lege
1036 1314 1066 1342 in
1087 1313 1144 1342 fine
1167 1324 1203 1343 ex
1226 1318 1299 1342 vett.
1322 1312 1408 1341 libb.:
1450 1310 1537 1350 Quod
1559 1312 1646 1340 etiam
1669 1312 1699 1339 in
1721 1311 1797 1339 votis
1819 1308 2024 1350 nuncupandis

66 1365 124 1383 esse
147 1355 366 1384 convenientius.
395 1355 481 1385 Dae.
528 1355 601 1384 Vide
624 1365 714 1393 supra
742 1353 838 1384 Grave
859 1366 917 1384 aes.
964 1354 1069 1385 Goth.

231 1396 489 1428 Nasciciosus.
534 1397 748 1427 Nusciciosum.
793 1397 866 1427 Vide
889 1397 1035 1428 Lus-citio.
1077 1397 1170 1426 Varro
1194 1403 1223 1427 et
1245 1398 1358 1426 Nonius
1383 1397 1514 1436 Opilium
1544 1395 1636 1424 secuti
1666 1399 1749 1430 sunt;
1784 1394 1885 1423 Festus
1908 1393 2022 1422 Aelium

65 1439 215 1469 Stilonem.
259 1439 349 1469 Duc.

230 1480 437 1512 Nundinas.
482 1482 648 1512 Nundinae.
687 1484 783 1521 Lego,
816 1482 963 1512 nundinas
974 1483 1125 1526 fer-iatum
1146 1483 1231 1512 diem.
1269 1484 1294 1511 A
1319 1493 1397 1512 nono
1422 1482 1468 1511 die
1492 1482 1606 1516 dictae,
1637 1480 1705 1518 quia
1728 1488 1808 1507 nono
1833 1487 1952 1516 quoque
1976 1477 2024 1506 die

64 1524 190 1561 fiebant,
225 1529 261 1552 ut
282 1534 348 1553 cum
372 1526 478 1554 rustici
500 1531 568 1554 octo
591 1525 696 1554 diebus
720 1526 749 1553 in
773 1525 850 1562 agris
874 1536 962 1564 opere
985 1527 1121 1554 faciendo
1145 1526 1254 1554 versati
1276 1531 1390 1560 essent,
1427 1535 1506 1553 nono
1531 1524 1577 1552 die
1599 1522 1767 1551 intermisso
1790 1531 1858 1549 rure
1882 1520 1918 1548 ad
1941 1530 2024 1548 mer-

65 1572 163 1595 catum
188 1571 216 1595 et
238 1567 315 1604 leges
339 1568 527 1606 accipiendas
554 1569 674 1596 Romam
698 1567 849 1604 venirent,
888 1572 917 1596 et
940 1568 1010 1597 inde
1035 1569 1176 1597 translata
1199 1578 1257 1596 vox
1281 1568 1318 1596 ad
1342 1568 1474 1596 celebres
1498 1571 1699 1596 mercatorum
1722 1569 1886 1593 conventus
1909 1563 2022 1591 immu-

65 1620 117 1638 nes
139 1610 308 1647 liberosque
332 1620 406 1647 quos
430 1611 522 1648 vulgo
545 1620 686 1638 vocamus
699 1609 807 1650 joir-es.
852 1609 906 1637 Da
916 1621 940 1638 c.

230 1650 489 1682 Nundinalem.
514 1652 575 1689 (Ad
594 1654 721 1691 p-182.)
743 1651 839 1681 Plaut.
862 1652 891 1679 in
914 1652 1011 1680 Aulul.
1032 1652 1088 1687 (H,
1113 1652 1147 1689 4,
1173 1651 1250 1689 45.):
1279 1650 1394 1692 Coquus
1416 1650 1467 1680 ille
1489 1648 1660 1679 nundinalis
1682 1655 1740 1682 est,
1765 1649 1795 1676 in
1819 1658 1925 1676 nonum
1946 1645 2022 1675 diem

64 1691 137 1722 solet
158 1693 201 1721 ire
222 1701 346 1723 coctum.
378 1694 463 1723 Ant.
486 1693 582 1733 Aug.
628 1692 826 1723 Nundinalem
857 1704 981 1734 coquum
1007 1695 1127 1723 Plautus
1151 1695 1227 1722 dixit
1251 1705 1306 1733 pro
1330 1692 1505 1723 novemdiali.
1553 1691 1669 1731 Coquus
1699 1689 1749 1719 ille
1771 1687 1942 1718 nundinalis
1964 1696 2021 1726 eng

65 1736 95 1764 in
116 1746 224 1764 nonum
248 1734 323 1764 diem
347 1735 419 1765 solet
442 1737 483 1765 z're
506 1743 629 1766 coctum.
674 1736 886 1765 Novendialem
911 1738 1066 1765 manifesto
1090 1737 1253 1775 significat,
1285 1737 1353 1775 quia
1377 1738 1406 1764 in
1430 1745 1541 1764 nonum
1565 1734 1642 1763 diem
1666 1737 1817 1770 coqueret.
1863 1731 1931 1760 Fuit
1953 1740 2021 1760 cum

63 1782 200 1816 putarem
224 1776 412 1808 nundinalem
437 1789 561 1818 coquum
583 1779 697 1807 dictum
722 1778 841 1816 Plauto,
864 1779 943 1817 quod
969 1784 1083 1808 tantum
1106 1780 1249 1808 nundinis
1273 1779 1500 1808 conduceretur.
1542 1777 1650 1805 Tamen
1674 1775 1780 1803 melior
1802 1775 1881 1803 Festi
1902 1778 2020 1802 senten-

63 1821 113 1849 tia.
137 1818 236 1849 Scal.
276 1821 373 1850 Locus
396 1821 491 1849 Plauti
514 1826 558 1849 est
580 1822 711 1850 Aulular.
728 1821 773 1858 Π,
797 1823 826 1853 4.
852 1820 894 1860 (v.
907 1822 983 1862 45.).
1023 1823 1134 1851 Cocum
1159 1827 1255 1851 autem
1279 1822 1416 1859 intelligit
1440 1820 1584 1849 bustuarii
1608 1818 1737 1853 ordinis,
1761 1817 1813 1856 qui
1835 1816 1926 1854 magis
1948 1826 2019 1844 nos-

64 1867 108 1892 set
131 1871 257 1901 coquere
280 1873 401 1892 coenam
424 1863 544 1893 feralem
568 1874 643 1902 quae
666 1874 744 1893 nono
767 1863 815 1893 die
838 1863 942 1901 fiebat,
979 1875 1066 1904 quam
1098 1865 1136 1893 ad
1163 1865 1328 1903 ingeniosae
1356 1865 1442 1902 gulae
1465 1863 1582 1901 genium
1607 1871 1687 1890 escas
1710 1869 1825 1899 parare.
1869 1858 1945 1887 Male
1968 1858 2017 1896 qui

64 1906 158 1936 aliter.
202 1904 289 1935 Dac-

229 1946 401 1977 Nuculas.
449 1948 509 1976 Liv.
534 1948 582 1977 lib.
596 1949 706 1979 XXIII.
727 1949 766 1987 (e.
783 1951 845 1987 19.)
868 1950 971 1978 scribit
995 1949 1204 1978 Praenestinos
1228 1949 1374 1987 quosdam
1397 1948 1486 1976 fuisse
1505 1946 1625 1975 Casilini
1648 1945 1678 1973 in
1702 1943 1867 1983 praesidio,
1895 1942 2016 1970 famem-

64 2001 122 2030 que
148 1989 308 2026 tolerasse,
342 1991 373 2019 in
402 2000 459 2029 qua
483 1992 630 2020 Romanos
658 1992 766 2020 milites
795 2002 884 2021 nuces
906 1993 937 2021 in
960 1992 1087 2029 flumen,
1126 1992 1176 2030 qui
1207 1992 1322 2020 medius
1345 1996 1408 2020 erat
1430 1991 1507 2019 inter
1530 1990 1659 2018 Romana
1682 1992 1777 2016 castra
1808 1990 1837 2014 et
1859 1985 2013 2023 oppidum,

62 2032 246 2073 profudisse,
285 2043 393 2071 easque
423 2033 513 2062 fuisse
538 2034 669 2062 cratibus
693 2039 839 2073 exceptas.
885 2035 1052 2063 Macrobius
1075 2034 1123 2062 lib.
1142 2035 1186 2063 ΙΙΙ.
1209 2035 1327 2063 Saturn.
1351 2034 1443 2063 refert
1467 2033 1631 2062 Varronem
1654 2029 1853 2063 existimasse,
1888 2028 2013 2056 Praene-

62 2077 153 2105 stinas
170 2085 258 2104 nuces
275 2085 336 2104 esse
354 2076 462 2113 dietas,
487 2077 567 2114 quod
590 2077 676 2105 iuxta
701 2087 801 2115 agrum
818 2078 1043 2107 Praenestinum
1067 2082 1176 2114 essent,
1203 2078 1368 2105 Carsitanas
1390 2073 1451 2107 ἀπὸ
1474 2078 1532 2106 τῶν
1549 2074 1672 2114 καρναῖν
1689 2072 1794 2101 dictas·
1812 2070 1897 2100 Ani.
1914 2070 2011 2108 Aue?-

62 2119 190 2148 Naevius
212 2119 241 2146 in
267 2117 380 2147 Ariolo:

600 2180 636 2184 --
682 2178 723 2183 —
763 2178 806 2184 —
851 2160 927 2190 Heri

601 2203 674 2241 Quis
694 2203 774 2243 apud
797 2202 846 2234 te?
872 2204 1069 2239 Praenestini,
1096 2211 1122 2232 et
1145 2202 1276 2232 Lanuvii
1297 2202 1432 2243 hospites.

598 2246 707 2286 Suopte
731 2254 866 2286 utrosque
889 2245 984 2276 decuit
1007 2253 1143 2284 acceptos
1165 2245 1239 2275 cibo.

596 2287 710 2317 Alteris
732 2289 845 2317 inanem
869 2287 987 2317 bulbum
1009 2287 1210 2317 madulanum
1233 2286 1312 2324 dare,

598 2329 713 2359 Alteris
734 2342 820 2360 nuces
842 2332 871 2359 in
891 2329 1020 2370 proclivi
1038 2330 1224 2370 profundere.

14 2367 15 2378 ¹
61 2373 190 2402 Nuculas
221 2373 375 2401 manifesto
405 2371 500 2401 dictas
530 2372 707 2401 confirmant
738 2373 768 2401 hi
798 2383 911 2402 vei-susi.
955 2374 1060 2411 Itaque
1087 2373 1170 2402 iubet
1198 2373 1257 2401 illis
1285 2373 1315 2401 in
1339 2371 1467 2411 proclivi
1493 2380 1582 2400 nuces
1601 2368 1800 2410 profundere,
1839 2369 1872 2393 ut
1892 2361 2001 2408 solebat

61 2416 170 2455 pueris.
215 2415 297 2451 Quin
325 2416 356 2444 in
383 2415 533 2444 veteribus
561 2416 641 2444 saxis
664 2416 773 2445 mentio
797 2421 841 2445 est
864 2416 1025 2455 sparsionis
1048 2426 1175 2452 nucum,
1213 2425 1301 2455 quam
1324 2415 1482 2454 quotannis
1506 2415 1603 2443 facere
1625 2412 1663 2441 ad
1685 2410 1830 2440 tumulum
1852 2409 2000 2434 testatorls
