2263 2668
527 140 592 176 DE
623 139 1009 177 SIGNIFICATIONE
1041 139 1324 177 VERBORUM.
1382 141 1528 177 LIBER
1556 143 1612 180 VI.
1967 146 2043 181 429

96 237 176 267 Haec
205 241 275 265 sunt
306 244 408 272 nugae.
452 233 624 272 fascinum,
659 239 693 264 ut
723 236 831 274 optime
860 235 991 264 Cloatius
1013 233 1108 263 Verus
1136 235 1217 274 apud
1241 235 1371 264 Gellium
1393 235 1538 265 lib.XVI.
1562 246 1627 275 cap.
1642 239 1690 268 12.
1714 248 1728 266 a
1751 237 1864 266 Graeco
1887 236 2040 277 βάσκανον

95 285 123 309 et
146 280 291 308 fascinare
313 289 328 306 a
351 277 540 317 βασκαίνειν,
579 278 759 314 ensorceler,
796 277 964 307 enchanter.
1009 277 1055 306 Ad
1082 277 1225 306 fascinum
1249 278 1440 307 avertendum
1464 279 1558 308 omnia
1583 279 1681 319 turpia
1704 284 1819 309 veteres
1842 280 2038 319 adhibebant5

94 325 138 351 sic
159 322 269 351 veretri
293 321 416 359 figuram
439 320 475 348 de
499 320 576 348 collo
599 320 685 358 pueri
707 321 944 360 suspendebant,
980 319 1012 348 in
1034 320 1176 358 gremium
1201 331 1287 350 suum
1317 321 1517 360 despuebant,
1557 322 1593 351 de
1624 322 1732 361 quibus
1755 323 1834 352 alibi.
1863 322 1951 354 Duc.
1997 325 2039 354 De

93 364 223 394 Fascino
246 364 314 393 vide
337 373 429 401 supra
451 372 526 401 quae
549 362 678 391 diximus
700 363 738 391 ad
761 373 788 394 v.
806 362 955 393 Fescenoe.

260 405 447 435 Fartores.
484 405 655 442 Candidati,
678 405 709 434 id
732 410 775 434 est
798 406 849 444 qui
870 406 1069 444 magistratum
1094 404 1223 443 aliquem
1245 406 1402 445 petebant,
1426 416 1539 435 summa
1557 416 1611 446 ope
1625 407 1811 444 nitebantur,
1834 411 1867 436 ut
1882 407 1938 436 sibi
1957 418 2038 438 com-

93 449 225 488 plurium
254 448 351 477 studia
380 448 589 484 conciliarent,
620 447 747 486 ideoque
774 458 888 477 summo
917 458 1001 477 mane
1030 447 1166 476 solebant
1186 449 1266 477 domi
1288 449 1470 487 inambulare
1493 455 1521 478 et
1543 449 1755 478 salutatoribus
1777 450 1822 479 sui
1847 451 1964 489 copiam
1989 451 2034 479 fa·

95 502 179 529 cere,
208 501 337 530 quorum
361 490 492 528 singulos
516 490 634 519 nomine
657 491 781 530 proprio
805 491 1029 530 compellabant.
1074 490 1183 519 Verum
1208 501 1299 530 quum
1322 492 1352 520 in
1374 497 1455 520 tanta
1478 492 1670 521 salutantium
1694 492 1778 521 turba
1802 492 1865 521 fieri
1888 504 1949 522 non
1970 504 2039 532 pos-

93 539 153 571 set,
178 538 211 563 ut
234 544 326 572 aeque
349 543 451 562 omnes
473 532 582 570 cogniti
605 538 717 569 essent,
743 533 812 562 huic
834 535 878 563 rei
901 533 1066 562 ministrum
1088 532 1216 562 habuere
1239 535 1459 573 praepositum,
1481 539 1514 563 ut
1538 534 1740 564 accedentium
1763 536 1881 564 nomina
1901 536 2037 573 dictaret,

93 577 145 616 qui
167 576 237 605 inde
260 573 461 605 nomenclator
489 575 539 604 vel
567 576 709 611 monitor,
748 576 796 604 vel
820 577 922 615 fartor
944 576 1039 605 dictus
1063 579 1114 605 est.
1146 575 1234 606 Dae.
1281 577 1347 606 Alio
1376 576 1542 616 significatu
1570 577 1650 617 apud
1674 578 1833 606 Varronem
1865 579 1927 613 (De
1950 579 1980 607 L.
2003 579 2036 608 L.

91 620 243 659 pag.115.
263 618 336 656 Sp,).
372 618 484 646 Glossis
507 619 645 648 σιτευταί.
692 616 799 647 Goth.

256 659 452 691 Furnalia.
495 660 592 688 Varro
615 660 665 689 lib.
679 661 711 690 V.
735 661 771 690 de
794 661 824 689 L.
840 661 871 689 L.
895 661 966 699 (VI,
988 671 1017 700 p.
1032 662 1103 693 201.
1120 660 1199 700 Sp.):
1222 659 1376 690 Furinalia
1398 666 1426 690 et
1448 661 1528 691 LIV.
1551 661 1591 701 (p.
1605 664 1656 694 88.
1678 663 1741 700 Sp.)
1765 665 1793 691 et
1813 661 1862 692 VI.
1886 661 2036 701 (ibidem):

90 701 243 732 Furinalis
265 702 386 732 Flamen
411 707 440 731 et
461 701 615 731 Furinales
637 703 740 741 seriae.
785 703 818 732 In
848 704 931 732 fastis
958 703 1128 732 marmoreis
1149 703 1226 734 VIII.
1246 704 1311 732 Kal.
1335 704 1409 741 Aug.
1432 703 1515 733 Furr.
1538 704 1596 733 hoc
1618 709 1661 733 est
1683 704 1858 735 Furrinalia.
1902 704 1945 733 Ita
1968 714 2036 733 cre—

90 746 221 775 dendum
245 751 288 774 est
311 745 393 774 deam
416 745 510 783 ipsam
533 745 690 774 Furrinam
714 756 775 775 esse
804 747 991 785 appellatam.
1019 747 1105 776 Ant.
1127 746 1220 785 Aug.
1265 746 1339 784 Lege
1362 745 1525 776 Furinalia.
1560 747 1654 776 Varro
1677 747 1728 776 lib.
1743 746 1777 775 V.
1802 747 1838 775 de
1860 747 1892 782 L,
1916 747 1948 775 L.
1972 746 2035 787 (VI,

88 799 156 828 pag.
171 791 242 820 201.
267 789 347 826 Sp.):
388 786 543 816 Furinalia
565 798 584 816 a
608 787 736 824 Furina,
771 788 851 829 quod
879 790 904 817 ei
926 788 1006 817 Deae
1026 789 1119 827 feriae
1143 787 1281 828 publicae
1310 787 1371 817 dies
1393 789 1432 826 is,
1470 790 1550 818 cuius
1576 788 1644 818 eleae
1665 788 1757 819 honos
1778 788 1859 829 apud
1881 790 2035 830 antiquos:

89 842 158 860 nam
182 832 208 859 ei
229 841 315 860 sacra
339 830 473 859 instituta
495 841 594 858 annua
617 837 642 858 et
667 832 779 869 flamen
801 830 975 860 attributus.-
1008 842 1084 860 nunc
1106 832 1161 860 vix
1184 842 1286 860 nomen
1310 838 1408 860 notum
1429 832 1543 871 paucis.
1588 832 1738 861 Furinalia
1761 836 1844 861 erant
1866 831 1943 860 VIII.
1968 832 2035 861 Kal.

88 874 213 912 August.
250 873 358 901 Furina
382 872 500 909 eadem,
525 882 599 910 quae
622 872 719 902 Furia.
755 873 827 902 Vide
848 874 901 903 Lil.
925 874 1049 912 Gyraldi
1073 875 1243 912 Syntagma.
1288 873 1376 904 Dae.

252 914 451 944 Furcilles.
494 915 559 943 Imo
583 915 691 954 quibus
715 916 826 954 aliquid
849 916 1018 946 movebant.
1061 917 1201 946 Furcillis
1224 926 1359 953 movere,
1390 915 1555 954 expellere,
1580 916 1700 953 eiicere,
1724 920 1751 944 et
1774 916 1885 944 Latinis
1909 926 2034 955 prover-

87 957 206 986 bialiter
228 958 367 993 effertur,
392 962 419 985 et
435 957 555 986 Graecis
577 958 665 997 ipsis,
692 959 744 996 qui
767 957 923 999 δικράνοις
946 956 1038 990 οἷθεῖν
1058 959 1179 997 dicunt,
1208 959 1281 987 adeo
1306 963 1336 987 ut
1359 969 1395 987 ne
1417 958 1580 987 inferorum
1605 959 1723 997 quidem
1747 964 1914 997 temporum
1929 959 2034 988 Graeci

86 1000 262 1038 ignorarint.
308 1000 479 1029 Ceth-enus:
512 999 592 1036 Τούς
621 999 793 1039 βασιλικοὺς
814 1000 993 1042 θησαυροῦς
1015 1003 1161 1038 amalonis
1182 1002 1232 1032 καὶ
1255 1002 1500 1041 σαμβυκιστρίαις
1522 1001 1571 1031 καὶ
1595 997 1765 1041 ὅρχηστρίσι
1788 1002 1836 1032 καὶ
1859 998 2034 1032 ἀκολάστων

87 1040 166 1074 ὅλων
187 1039 304 1080 πληθῦι
326 1039 480 1081 δικράνοις
503 1040 584 1078 ὅλοις
608 1041 837 1080 ἀποκενοῦντες.
881 1045 947 1073 Non
978 1050 1021 1074 est
1050 1045 1190 1081 dubium,
1229 1044 1301 1083 quin
1333 1054 1364 1072 ea
1392 1043 1498 1072 verba:
1537 1042 1640 1084 quibus
1662 1043 1789 1072 homines
1811 1042 2032 1083 suspendebant,

85 1086 145 1114 sint
167 1085 360 1124 emplastrum
384 1085 476 1123 ipsius
500 1085 583 1114 Pauli
605 1086 791 1115 breviatoris.
815 1085 915 1117 Scal.
941 1087 1083 1116 Existimo
1106 1088 1224 1116 Festum
1247 1087 1329 1125 loqui
1353 1086 1389 1115 de
1412 1086 1505 1115 furcis
1528 1086 1717 1125 poenalibus,
1741 1085 1776 1114 ad
1800 1096 1871 1124 quas
1894 1090 2033 1115 nocentes

85 1128 205 1166 allegati
228 1133 257 1156 et
279 1128 318 1156 ita
341 1127 538 1156 circumducti
561 1128 591 1156 in
613 1129 649 1156 iis
672 1134 774 1168 postea
798 1129 989 1160 tollebantur.
1037 1130 1137 1166 Quare
1161 1135 1269 1159 temere
1292 1129 1440 1166 Scaliger,
1476 1129 1526 1168 qui
1549 1128 1638 1157 verba
1660 1130 1730 1157 ista:
1769 1128 1875 1166 quibus
1897 1127 2032 1158 homines

85 1170 322 1210 suspendebant,
346 1170 429 1199 Pauli
452 1171 642 1209 emplastrum
665 1172 882 1209 pronuntiavit.
920 1173 996 1202 Sane
1019 1173 1043 1201 si
1067 1172 1139 1212 quid
1161 1171 1211 1201 hic
1234 1172 1408 1202 tentandum
1432 1177 1522 1208 esset,
1557 1172 1709 1200 crederem
1733 1180 1834 1199 vocem
1858 1170 2032 1210 addendam,

84 1224 203 1252 nempe:
243 1212 350 1251 quibus
379 1212 512 1241 homines
541 1224 629 1242 onera
659 1214 898 1252 suspendebant,
937 1220 971 1244 ut
992 1215 1029 1244 de
1052 1216 1250 1253 aerumnulis,
1287 1214 1395 1254 quibus
1416 1214 1552 1252 religatas
1576 1214 1706 1243 sarcinas
1729 1213 1858 1242 viatores
1881 1213 2032 1251 gerebant,

84 1256 189 1284 Festus
211 1256 330 1284 locutus
353 1256 400 1283 sit.
444 1255 517 1283 Nam
540 1260 567 1283 et
590 1256 726 1285 furcillae
750 1256 935 1288 dicebantur.
973 1257 1049 1287 Vide
1070 1257 1281 1288 Aerumnulae.
1321 1257 1408 1286 Initio
1432 1257 1517 1285 etiam
1541 1257 1699 1294 legendum
1724 1254 1858 1294 furcilles
1880 1256 1941 1284 sive
1957 1255 2032 1294 sur-

84 1297 181 1328 cillae.
219 1297 402 1326 Dicebautur
425 1298 502 1329 enim
519 1297 657 1336 furcilles
680 1304 709 1328 et
725 1298 885 1339 furcillae,
909 1305 941 1330 ut
964 1299 1078 1338 caules,
1103 1299 1206 1330 caulae
1228 1306 1283 1330 etc.
1308 1299 1394 1330 Dac.
1433 1299 1516 1329 Adde
1539 1297 1622 1329 Muli
1644 1298 1790 1329 Mariani.
1836 1296 1940 1329 Goth.

247 1347 406 1377 Fundus.
452 1349 555 1378 Cicero
584 1360 630 1388 pr.
652 1350 746 1379 Balbo
770 1351 831 1389 (8.)
855 1351 894 1380 ita
923 1351 987 1381 fieri
1015 1353 1162 1392 populum
1192 1352 1318 1382 fundum
1346 1350 1465 1380 scribit:
1504 1350 1539 1380 Si
1562 1362 1626 1380 cum
1649 1350 1776 1379 iussisset
1795 1347 1920 1388 populus
1942 1347 2031 1378 Rom.

83 1389 218 1432 aliquid,
240 1391 267 1420 si
288 1389 321 1419 id
342 1389 534 1420 adscivissent
554 1393 629 1421 socii
647 1391 753 1433 populi
775 1404 811 1422 ac
833 1392 955 1432 Latini5
985 1403 1010 1424 et
1033 1396 1059 1424 si
1081 1406 1114 1424 ea
1136 1394 1205 1432 lex,
1234 1405 1322 1435 quam
1345 1405 1398 1423 nos
1419 1392 1604 1429 haberemus,
1627 1391 1726 1422 eadem
1749 1392 1779 1420 in
1799 1390 1908 1431 populo
1929 1389 2031 1432 aliquo

82 1441 223 1474 tanquam
245 1434 274 1462 in
292 1432 390 1472 fundo
414 1432 577 1471 resedisset,
613 1443 644 1464 ut
667 1442 727 1464 tum
747 1434 809 1475 lege
830 1435 931 1465 eadem
954 1437 979 1466 is
998 1437 1126 1478 populus
1148 1444 1296 1466 teneretur.
1340 1436 1511 1474 significare
1534 1440 1633 1465 autem
1656 1439 1805 1463 auctorem
1829 1444 1866 1462 ex
1888 1433 2031 1462 sententia

81 1477 262 1505 accusatoris
286 1476 368 1504 Balbi
392 1476 579 1506 crediderim.
624 1477 736 1517 Negat,
767 1478 883 1516 inquit,
918 1490 958 1508 ex
973 1480 1127 1518 foederato
1145 1478 1258 1519 populo
1281 1490 1454 1520 quemquam
1475 1480 1616 1518 potuisse,
1652 1478 1709 1506 nisi
1730 1477 1755 1505 is
1773 1474 1900 1516 populus
1915 1474 2032 1514 fundus

76 1518 181 1557 factus
202 1526 288 1555 esset,
319 1519 349 1547 in
372 1518 449 1548 hanc
471 1519 616 1548 civitatem
638 1521 740 1550 venire.
785 1521 820 1549 Et
844 1525 963 1558 postea:
995 1521 1096 1551 Potuit
1118 1523 1212 1560 magis
1227 1520 1342 1560 fundus
1363 1520 1492 1560 populus
1518 1519 1685 1550 Gaditanus
1699 1519 1783 1558 fieri,
1815 1518 1953 1559 quoniam
1974 1517 2031 1547 Ιιοο

80 1571 254 1600 magnopere
276 1559 420 1589 delectare
440 1559 543 1594 verbo,
578 1562 604 1589 si
626 1569 686 1590 turn
701 1563 740 1600 fit
756 1561 888 1600 fundus,
923 1574 989 1592 cum
1012 1564 1087 1593 scita
1109 1575 1147 1593 ac
1169 1565 1247 1592 iussa
1271 1571 1370 1592 nostra
1392 1575 1445 1592 sua
1467 1564 1607 1592 sententia
1630 1560 1818 1601 comprobat,
1853 1571 1939 1600 quam
1964 1571 2030 1588 cum

79 1601 236 1641 hospitium
254 1600 352 1640 fecit?
380 1602 500 1630 Plautus
523 1603 553 1630 in
576 1603 750 1632 Trinummo
773 1603 827 1643 (V,
853 1607 886 1641 1,
909 1604 966 1644 6.);
1000 1605 1089 1634 Nunc
1111 1604 1184 1634 mihi
1205 1606 1231 1633 is
1250 1616 1372 1644 propere
1393 1604 1604 1635 conveniendus
1626 1612 1683 1641 est,
1713 1610 1761 1639 ut,
1787 1613 1860 1643 quae
1882 1613 1946 1632 cum
1970 1602 2030 1631 eius

73 1642 142 1682 filio
163 1645 222 1683 egi,
252 1645 278 1672 ei
300 1645 340 1672 rei
356 1642 472 1682 fundus
492 1651 576 1682 pater
597 1646 634 1674 sit
653 1646 754 1684 potior·
775 1657 815 1675 eo.
863 1646 950 1676 Adde
974 1648 1050 1679 Gell.
1074 1648 1122 1677 lib.
1136 1647 1214 1676 XVI.
1238 1657 1263 1675 c.
1280 1649 1326 1678 13.
1349 1652 1378 1675 et
1399 1648 1417 1677 l.
1431 1647 1511 1675 XIX.
1535 1657 1559 1675 c.
1574 1649 1603 1679 8.
1625 1646 1713 1675 Ant.
1736 1645 1827 1684 Aug.
1868 1645 1892 1673 A
1915 1645 2028 1673 Graeco

80 1683 197 1724 βαθύς,
234 1687 327 1723 imus,
365 1687 427 1714 sive
449 1686 549 1725 potius
572 1687 685 1726 βένθος
706 1689 905 1726 profunditas.
950 1691 1023 1719 Nam
1049 1688 1165 1729 fundus
1186 1689 1283 1729 prima
1306 1689 1429 1718 notione
1452 1694 1536 1718 notat
1559 1689 1650 1717 imum
1674 1687 1770 1727 putei,
1807 1687 1910 1723 fluvii,
1947 1686 2028 1716 dolii.

78 1728 183 1757 Postea
208 1727 245 1756 de
268 1738 338 1766 agro
361 1738 428 1756 cum
451 1728 594 1757 aedificiis
617 1735 786 1769 usurpatus.
816 1731 907 1763 Dae.
952 1731 1074 1761 Fundus
1096 1742 1209 1773 quoque
1232 1730 1349 1761 dicitur.
1394 1731 1496 1760 Cicero
1518 1742 1574 1771 pro
1600 1731 1724 1760 Caecina
1746 1731 1823 1767 (36,
1849 1729 1955 1767 104.):
1990 1727 2028 1758 11¹

79 1768 222 1799 iudicium
246 1781 303 1799 non
324 1771 432 1807 venire,
463 1778 559 1799 utrum
583 1770 709 1802 Caecina
729 1772 874 1812 possedit,
906 1773 999 1804 multo
1021 1775 1107 1804 etiam
1132 1776 1227 1803 minus
1247 1774 1363 1815 quaeri,
1395 1772 1521 1804 Caecina
1544 1772 1701 1813 (Caecinae
1724 1771 1829 1811 Orell.)
1852 1769 1968 1810 fundus
1989 1771 2028 1800 sit

78 1823 182 1842 necne:
206 1823 251 1840 me
273 1819 368 1841 tamen
391 1811 523 1842 docuisse
538 1813 668 1852 fundum
690 1827 750 1844 esse
772 1814 928 1845 Caecinam
953 1815 1111 1856 (Caecinae
1132 1816 1247 1855 Orell.).
1284 1816 1405 1845 Fundus
1426 1816 1518 1855 igitur
1541 1816 1639 1845 dictus
1663 1820 1784 1851 auctor,
1808 1814 1888 1853 quod
1912 1814 1951 1843 sit
1972 1823 2026 1843 ve·-

77 1854 134 1883 luti
156 1854 251 1884 solum
275 1859 304 1883 et
325 1854 552 1886 firmamentum.
576 1856 668 1888 Dae.
715 1858 758 1887 Cf.
782 1858 876 1888 Varro
902 1859 941 1887 De
962 1860 993 1890 L.
1016 1861 1047 1890 L.
1072 1860 1113 1896 V,
1135 1869 1201 1899 pag.
1214 1861 1266 1891 38.
1291 1860 1341 1898 Sp.

242 1904 387 1934 Futare.
430 1906 563 1935 Isidorus
579 1906 648 1945 suto
671 1908 783 1948 ἐλέγχω.
806 1908 906 1939 Scal.
939 1911 1063 1950 Proprie
1085 1911 1166 1947 suto,
1189 1909 1270 1948 quod
1293 1914 1355 1938 erat
1378 1920 1430 1938 vas
1448 1909 1618 1949 aquarium,
1642 1919 1747 1948 aquam
1764 1908 1926 1937 ferventem
1942 1915 2024 1934 com-

76 1958 206 1988 pescere.
247 1947 341 1977 Varro
364 1947 475 1977 lib.lV.
498 1949 535 1977 de
556 1949 588 1979 L.
612 1950 644 1980 L.
669 1949 722 1990 (V,
747 1951 896 1990 pag.124.
921 1954 961 1992 Sp
975 1954 1001 1990 ):
1033 1952 1096 1981 Vas
1118 1953 1275 1992 aquarium
1296 1959 1403 1981 vocant
1420 1952 1519 1991 sutum
1545 1953 1652 1991 (satim
1676 1953 1740 1991 Sp.)
1763 1961 1821 1992 quo
1843 1949 1873 1978 in
1894 1946 2023 1977 triclinio

76 1989 202 2020 allatam
225 2001 332 2031 aquam
354 1989 558 2029 infundebant.
602 1993 639 2021 Et
661 1995 782 2032 proprie
804 1994 955 2024 Titinnius
978 1996 1008 2024 in
1031 1996 1144 2024 Setina:

569 2041 686 2083 quuus
706 2043 830 2073 ahenum
853 2044 972 2085 quando
991 2046 1082 2084 servit
1102 2043 1208 2085 paulla
1232 2045 1368 2083 confutat
1390 2051 1466 2074 true.

73 2091 149 2121 Inde
171 2101 226 2130 per
247 2090 453 2130 metaphoram
481 2092 593 2131 futare,
628 2104 766 2133 arguere,
804 2105 820 2123 a
843 2105 902 2134 quo
925 2096 1099 2133 confutare,
1134 2096 1275 2126 refutare.
1308 2095 1397 2125 Dae.
1441 2095 1465 2124 A
1489 2095 1540 2134 sut
1567 2093 1722 2124 aversandi
1744 2103 1836 2131 voce,
1873 2093 1953 2132 quod
1977 2098 2020 2123 est

75 2134 197 2164 Graecis
220 2134 286 2173 φεῦ.
333 2133 438 2164 Goth.

238 2183 389 2214 Futilis.
432 2186 570 2215 Lutatius
593 2187 824 2216 Grammaticus:
854 2186 964 2225 Futile,
992 2198 1046 2217 vas
1065 2187 1127 2218 lato
1150 2200 1212 2226 ore,
1239 2187 1336 2227 fundo
1358 2195 1498 2228 angusto,
1527 2197 1584 2229 quo
1606 2185 1759 2216 utebantur
1780 2186 1811 2215 in
1833 2187 1927 2216 sacris
1949 2185 2019 2215 deae

75 2225 199 2256 Vestae:
238 2229 308 2267 quia
329 2239 408 2268 aqua
430 2227 471 2257 acl
492 2240 580 2258 sacra
605 2229 712 2258 Vestae
733 2231 762 2258 in
786 2237 862 2258 terra
884 2241 941 2259 non
962 2231 1090 2270 ponitur.
1138 2230 1253 2269 Quodsi
1266 2233 1343 2269 fiat,
1377 2229 1528 2270 piaculum
1551 2236 1600 2261 est.
1649 2228 1733 2257 Unde
1754 2230 1953 2269 excogilatum
1977 2235 2017 2257 est

66 2269 134 2307 sas,
165 2268 246 2309 quod
266 2277 344 2298 stare
365 2281 424 2299 non
443 2279 555 2309 posset,
587 2270 638 2300 sed
658 2273 685 2300 si
703 2273 849 2312 positum,
880 2273 978 2301 statim
997 2272 1180 2311 funderetur.
1230 2272 1313 2302 Unde
1334 2280 1359 2302 et
1381 2273 1467 2302 homo
1490 2272 1644 2302 commissa
1667 2283 1724 2300 non
1747 2272 1885 2307 retinens,
1915 2268 2014 2308 sutilis

71 2309 188 2341 dicitur.
213 2311 311 2341 Scal.
338 2312 414 2341 Haec
436 2314 487 2341 ille
506 2319 593 2342 vetus
616 2314 832 2352 gramn‘iaticuS.
863 2315 902 2343 At
919 2315 1075 2344 Terentius
1094 2316 1122 2344 in
1141 2315 1284 2345 Eunucho
1301 2314 1420 2352 (Donat.
1440 2315 1476 2344 ad
1495 2315 1583 2343 Andr.
1601 2314 1661 2351 111,
1685 2315 1720 2350 5,
1743 2316 1773 2346 3.
1798 2319 1825 2342 et
1842 2314 1878 2342 ad
1897 2312 2011 2340 Phorm.

70 2352 114 2390 V,
140 2357 174 2390 1,
200 2356 261 2392 19.)
283 2366 335 2384 vas
351 2354 441 2393 sutile
460 2356 596 2394 intelligit
619 2358 740 2395 plenum
761 2357 912 2385 rimarum.
937 2357 1032 2387 Scal.
1078 2358 1181 2388 Donat.
1208 2358 1298 2388 Andr.
1312 2358 1370 2396 ΙΙΙ,
1392 2358 1427 2395 5,
1450 2358 1519 2396 (3.):
1550 2355 1657 2393 Futili,
1688 2355 1721 2386 id
1742 2363 1783 2385 est
1805 2354 1873 2391 levi,
1896 2364 1913 2381 a
1935 2362 2009 2387 vase,

70 2394 150 2436 quod
165 2395 254 2436 futile
276 2397 403 2436 dicitur,
424 2397 506 2438 quod
528 2410 585 2428 non
609 2398 754 2440 deponunt
777 2400 905 2428 ministri
925 2411 1090 2438 sacrorum,
1112 2399 1193 2441 quod
1214 2408 1255 2431 ese
1277 2408 1365 2431 acuto
1383 2399 1483 2440 fundo
1504 2407 1531 2429 et
1549 2398 1654 2440 patulo
1678 2410 1741 2435 ore,
1768 2408 1854 2437 eoque
1875 2390 2010 2423 instabile
