<?xml version="1.0" encoding="UTF-8"?>
<!DOCTYPE html PUBLIC "-//W3C//DTD XHTML 1.0 Transitional//EN"
    "http://www.w3.org/TR/xhtml1/DTD/xhtml1-transitional.dtd">
<html xmlns="http://www.w3.org/1999/xhtml" xml:lang="en" lang="en">
 <head>
  <title>
</title>
<meta http-equiv="Content-Type" content="text/html;charset=utf-8" />
  <meta name='ocr-system' content='tesseract 3.04.00' />
  <meta name='ocr-capabilities' content='ocr_page ocr_carea ocr_par ocr_line ocrx_word'/>
</head>
<body>
  <div class='ocr_page' id='page_1' title='image "./corpusgrammatico01linduoft_0640.png"; bbox 0 0 2263 2668; ppageno 0'>
   <div class='ocr_carea' id='block_1_1' title="bbox 361 157 1512 194">
    <p class='ocr_par' dir='ltr' id='par_1_1' title="bbox 361 157 1512 194">
     <span class='ocr_line' id='line_1_1' title="bbox 361 157 1512 194; baseline 0.005 -5"><span class='ocrx_word' id='word_1_1' title='bbox 361 157 435 189; x_wconf 77' lang='lat'><strong>218</strong></span> <span class='ocrx_word' id='word_1_2' title='bbox 981 157 1121 191; x_wconf 86' lang='lat' dir='ltr'><strong>SEXTI</strong></span> <span class='ocrx_word' id='word_1_3' title='bbox 1148 159 1346 194; x_wconf 84' lang='lat' dir='ltr'><strong>POMPEII</strong></span> <span class='ocrx_word' id='word_1_4' title='bbox 1374 161 1403 194; x_wconf 90' lang='lat' dir='ltr'>F</span> <span class='ocrx_word' id='word_1_5' title='bbox 1405 159 1512 194; x_wconf 82' lang='lat' dir='ltr'>ESTI</span> 
     </span>
    </p>
   </div>
   <div class='ocr_carea' id='block_1_2' title="bbox 183 251 2138 2187">
    <p class='ocr_par' dir='ltr' id='par_1_2' title="bbox 183 251 2138 2187">
     <span class='ocr_line' id='line_1_2' title="bbox 363 251 2130 295; baseline 0.003 -11"><span class='ocrx_word' id='word_1_6' title='bbox 363 252 628 284; x_wconf 83' lang='lat' dir='ltr'>communionem</span> <span class='ocrx_word' id='word_1_7' title='bbox 658 256 689 283; x_wconf 89' lang='lat' dir='ltr'><strong>et</strong></span> <span class='ocrx_word' id='word_1_8' title='bbox 714 251 907 283; x_wconf 85' lang='lat' dir='ltr'><strong>societatem</strong></span> <span class='ocrx_word' id='word_1_9' title='bbox 934 252 1054 295; x_wconf 83' lang='lat' dir='ltr'><strong>populi</strong></span> <span class='ocrx_word' id='word_1_10' title='bbox 1080 252 1203 286; x_wconf 83' lang='lat' dir='ltr'><strong>factam</strong></span> <span class='ocrx_word' id='word_1_11' title='bbox 1231 255 1385 287; x_wconf 82' lang='lat' dir='ltr'><strong>indicant.</strong></span> <span class='ocrx_word' id='word_1_12' title='bbox 1440 254 1683 295; x_wconf 81' lang='lat' dir='ltr'><strong>Quirinalia</strong></span> <span class='ocrx_word' id='word_1_13' title='bbox 1711 265 1823 286; x_wconf 81' lang='lat' dir='ltr'><strong>mense</strong></span> <span class='ocrx_word' id='word_1_14' title='bbox 1846 254 2029 290; x_wconf 78' lang='lat' dir='ltr'>Februario</span> <span class='ocrx_word' id='word_1_15' title='bbox 2057 257 2130 291; x_wconf 84' lang='lat' dir='ltr'><strong>dies</strong></span> 
     </span>
     <span class='ocr_line' id='line_1_3' title="bbox 363 302 2137 354; baseline 0.004 -21"><span class='ocrx_word' id='word_1_16' title='bbox 363 314 429 345; x_wconf 85' lang='lat' dir='ltr'><strong>qno</strong></span> <span class='ocrx_word' id='word_1_17' title='bbox 458 302 585 342; x_wconf 76' lang='lat' dir='ltr'><strong>Quirini</strong></span> <span class='ocrx_word' id='word_1_18' title='bbox 612 302 693 334; x_wconf 82' lang='lat' dir='ltr'><strong>fiunt</strong></span> <span class='ocrx_word' id='word_1_19' title='bbox 721 313 822 334; x_wconf 69' lang='lat' dir='ltr'><strong>sacra.</strong></span> <span class='ocrx_word' id='word_1_20' title='bbox 856 302 945 334; x_wconf 90' lang='lat' dir='ltr'><strong>idem</strong></span> <span class='ocrx_word' id='word_1_21' title='bbox 974 304 1147 337; x_wconf 87' lang='lat' dir='ltr'><strong>stultorum</strong></span> <span class='ocrx_word' id='word_1_22' title='bbox 1174 306 1275 338; x_wconf 85' lang='lat' dir='ltr'><strong>feriae</strong></span> <span class='ocrx_word' id='word_1_23' title='bbox 1304 306 1516 350; x_wconf 82' lang='lat' dir='ltr'><strong>appellantur</strong></span> <span class='ocrx_word' id='word_1_24' title='bbox 1543 306 1742 348; x_wconf 74' lang='lat' dir='ltr'><strong>(antequam</strong></span> <span class='ocrx_word' id='word_1_25' title='bbox 1770 306 1802 337; x_wconf 86' lang='lat' dir='ltr'><strong>in</strong></span> <span class='ocrx_word' id='word_1_26' title='bbox 1830 317 1904 338; x_wconf 80' lang='lat' dir='ltr'><strong>eum</strong></span> <span class='ocrx_word' id='word_1_27' title='bbox 1933 310 2137 354; x_wconf 31' lang='lat' dir='ltr'><strong>commigras-</strong></span> 
     </span>
     <span class='ocr_line' id='line_1_4' title="bbox 193 352 2113 403; baseline 0.006 -20"><span class='ocrx_word' id='word_1_28' title='bbox 193 357 226 383; x_wconf 66' lang='grc' dir='ltr'><strong>Ὗ.</strong></span> <span class='ocrx_word' id='word_1_29' title='bbox 251 356 351 389; x_wconf 85' lang='lat' dir='ltr'><strong>quidam</strong></span> <span class='ocrx_word' id='word_1_30' title='bbox 362 359 433 385; x_wconf 69' lang='lat' dir='ltr'><strong>rent</strong></span> <span class='ocrx_word' id='word_1_31' title='bbox 458 353 528 385; x_wconf 86' lang='lat' dir='ltr'><strong>fere</strong></span> <span class='ocrx_word' id='word_1_32' title='bbox 555 353 669 385; x_wconf 87' lang='lat' dir='ltr'><strong>Sabini</strong></span> <span class='ocrx_word' id='word_1_33' title='bbox 690 352 830 385; x_wconf 80' lang='lat' dir='ltr'><strong>Curibus</strong></span> <span class='ocrx_word' id='word_1_34' title='bbox 859 353 1022 387; x_wconf 81' lang='lat' dir='ltr'><strong>venientes</strong></span> <span class='ocrx_word' id='word_1_35' title='bbox 1051 364 1125 399; x_wconf 88' lang='lat' dir='ltr'><strong>post</strong></span> <span class='ocrx_word' id='word_1_36' title='bbox 1152 356 1270 390; x_wconf 70' lang='lat' dir='ltr'><strong>Foedus</strong></span> <span class='ocrx_word' id='word_1_37' title='bbox 1297 358 1380 390; x_wconf 85' lang='lat' dir='ltr'><strong>inter</strong></span> <span class='ocrx_word' id='word_1_38' title='bbox 1402 358 1584 390; x_wconf 73' lang='lat' dir='ltr'><strong>Romulum</strong></span> <span class='ocrx_word' id='word_1_39' title='bbox 1612 363 1644 390; x_wconf 87' lang='lat' dir='ltr'><strong>et</strong></span> <span class='ocrx_word' id='word_1_40' title='bbox 1669 357 1829 400; x_wconf 78' lang='lat' dir='ltr'><strong>Tatium)</strong></span> <span class='ocrx_word' id='word_1_41' title='bbox 1858 359 1948 400; x_wconf 90' lang='lat' dir='ltr'><strong>quod</strong></span> <span class='ocrx_word' id='word_1_42' title='bbox 1976 361 2113 403; x_wconf 86' lang='lat' dir='ltr'><strong>quidem</strong></span> 
     </span>
     <span class='ocr_line' id='line_1_5' title="bbox 208 404 2136 453; baseline 0.005 -17"><span class='ocrx_word' id='word_1_43' title='bbox 208 408 327 447; x_wconf 56' lang='lat' dir='ltr'><strong>facum</strong></span> <span class='ocrx_word' id='word_1_44' title='bbox 362 414 493 437; x_wconf 83' lang='lat' dir='ltr'><strong>snorum</strong></span> <span class='ocrx_word' id='word_1_45' title='bbox 535 404 753 438; x_wconf 79' lang='lat' dir='ltr'><strong>fornacalium</strong></span> <span class='ocrx_word' id='word_1_46' title='bbox 796 416 963 438; x_wconf 73' lang='lat' dir='ltr'><strong>sacrorum</strong></span> <span class='ocrx_word' id='word_1_47' title='bbox 1006 406 1310 451; x_wconf 76' lang='lat' dir='ltr'><strong>cognominant*¹;</strong></span> <span class='ocrx_word' id='word_1_48' title='bbox 1365 420 1404 441; x_wconf 91' lang='lat' dir='ltr'><strong>eo</strong></span> <span class='ocrx_word' id='word_1_49' title='bbox 1441 409 1687 453; x_wconf 65' lang='lat' dir='ltr'><strong>potissimum**</strong></span> <span class='ocrx_word' id='word_1_50' title='bbox 1718 420 1788 441; x_wconf 87' lang='lat' dir='ltr'><strong>rem</strong></span> <span class='ocrx_word' id='word_1_51' title='bbox 1825 408 1968 442; x_wconf 81' lang='lat' dir='ltr'><strong>divinam</strong></span> <span class='ocrx_word' id='word_1_52' title='bbox 2002 412 2136 447; x_wconf 84' lang='lat' dir='ltr'><strong>faciunt.</strong></span> 
     </span>
     <span class='ocr_line' id='line_1_6' title="bbox 191 446 2138 504; baseline 0.006 -18"><span class='ocrx_word' id='word_1_53' title='bbox 191 446 601 500; x_wconf 45' lang='lat' dir='ltr'><strong>.J{¹¹‘J4‘·³¹¹J{eQuirinalis</strong></span> <span class='ocrx_word' id='word_1_54' title='bbox 637 456 784 496; x_wconf 69' lang='lat' dir='ltr'><strong>collis,</strong></span> <span class='ocrx_word' id='word_1_55' title='bbox 835 457 890 499; x_wconf 85' lang='lat' dir='ltr'><strong>qni</strong></span> <span class='ocrx_word' id='word_1_56' title='bbox 924 468 1009 491; x_wconf 92' lang='lat' dir='ltr'><strong>nunc</strong></span> <span class='ocrx_word' id='word_1_57' title='bbox 1037 458 1173 499; x_wconf 87' lang='lat' dir='ltr'><strong>dicitur,</strong></span> <span class='ocrx_word' id='word_1_58' title='bbox 1223 460 1301 492; x_wconf 92' lang='lat' dir='ltr'><strong>olim</strong></span> <span class='ocrx_word' id='word_1_59' title='bbox 1332 463 1490 504; x_wconf 54' lang='lat' dir='ltr'><strong>egonus-i</strong></span> <span class='ocrx_word' id='word_1_60' title='bbox 1513 460 1748 504; x_wconf 71' lang='lat' dir='ltr'>appellabatur</span> <span class='ocrx_word' id='word_1_61' title='bbox 1775 465 1849 493; x_wconf 85' lang='lat' dir='ltr'><strong>ante</strong></span> <span class='ocrx_word' id='word_1_62' title='bbox 1876 472 1976 504; x_wconf 90' lang='lat' dir='ltr'><strong>quam</strong></span> <span class='ocrx_word' id='word_1_63' title='bbox 2003 463 2035 494; x_wconf 92' lang='lat' dir='ltr'><strong>in</strong></span> <span class='ocrx_word' id='word_1_64' title='bbox 2063 475 2138 497; x_wconf 88' lang='lat' dir='ltr'><strong>eum</strong></span> 
     </span>
     <span class='ocr_line' id='line_1_7' title="bbox 190 506 2137 555; baseline 0.004 -15"><span class='ocrx_word' id='word_1_65' title='bbox 190 511 232 540; x_wconf 85' lang='lat' dir='ltr'><strong>†s·</strong></span> <span class='ocrx_word' id='word_1_66' title='bbox 251 506 619 550; x_wconf 45' lang='lat' dir='ltr'><strong>Agoqusscommigrarent</strong></span> <span class='ocrx_word' id='word_1_67' title='bbox 647 508 760 551; x_wconf 82' lang='lat' dir='ltr'><strong>(fere)</strong></span> <span class='ocrx_word' id='word_1_68' title='bbox 789 507 919 541; x_wconf 78' lang='lat' dir='ltr'><strong>Sabinis</strong></span> <span class='ocrx_word' id='word_1_69' title='bbox 933 511 974 547; x_wconf 72' lang='lat'><strong>††</strong></span> <span class='ocrx_word' id='word_1_70' title='bbox 1002 509 1142 543; x_wconf 84' lang='lat' dir='ltr'><strong>Curibus</strong></span> <span class='ocrx_word' id='word_1_71' title='bbox 1175 512 1340 544; x_wconf 83' lang='lat' dir='ltr'><strong>venientes</strong></span> <span class='ocrx_word' id='word_1_72' title='bbox 1373 517 1449 555; x_wconf 88' lang='lat' dir='ltr'><strong>post</strong></span> <span class='ocrx_word' id='word_1_73' title='bbox 1475 512 1594 544; x_wconf 84' lang='lat' dir='ltr'><strong>foedus</strong></span> <span class='ocrx_word' id='word_1_74' title='bbox 1621 513 1705 544; x_wconf 88' lang='lat' dir='ltr'><strong>inter</strong></span> <span class='ocrx_word' id='word_1_75' title='bbox 1733 512 1916 544; x_wconf 84' lang='lat' dir='ltr'>Romulum</span> <span class='ocrx_word' id='word_1_76' title='bbox 1945 520 1976 546; x_wconf 89' lang='lat' dir='ltr'><strong>et</strong></span> <span class='ocrx_word' id='word_1_77' title='bbox 2003 513 2137 548; x_wconf 83' lang='lat' dir='ltr'><strong>Tatium</strong></span> 
     </span>
     <span class='ocr_line' id='line_1_8' title="bbox 190 544 2138 607; baseline 0.005 -19"><span class='ocrx_word' id='word_1_78' title='bbox 190 544 244 575; x_wconf 73' lang='lat' dir='ltr'>††s·</span> <span class='ocrx_word' id='word_1_79' title='bbox 261 544 470 590; x_wconf 53' lang='grc' dir='ltr'><strong>δᾶι”ωἰοῑυιηι</strong></span> <span class='ocrx_word' id='word_1_80' title='bbox 505 568 526 590; x_wconf 85' lang='lat' dir='ltr'><strong>a</strong></span> <span class='ocrx_word' id='word_1_81' title='bbox 552 570 620 602; x_wconf 88' lang='lat' dir='ltr'><strong>quo</strong></span> <span class='ocrx_word' id='word_1_82' title='bbox 647 559 734 593; x_wconf 87' lang='lat' dir='ltr'><strong>hanc</strong></span> <span class='ocrx_word' id='word_1_83' title='bbox 769 560 1028 603; x_wconf 76' lang='lat' dir='ltr'><strong>appellationem</strong></span> <span class='ocrx_word' id='word_1_84' title='bbox 1063 563 1194 596; x_wconf 83' lang='lat' dir='ltr'><strong>sortitus</strong></span> <span class='ocrx_word' id='word_1_85' title='bbox 1220 570 1286 596; x_wconf 81' lang='lat' dir='ltr'><strong>est:</strong></span> <span class='ocrx_word' id='word_1_86' title='bbox 1332 563 1480 606; x_wconf 86' lang='lat' dir='ltr'><strong>quamvis</strong></span> <span class='ocrx_word' id='word_1_87' title='bbox 1513 564 1694 596; x_wconf 75' lang='lat' dir='ltr'><strong>existiment</strong></span> <span class='ocrx_word' id='word_1_88' title='bbox 1718 563 1875 606; x_wconf 73' lang='lat' dir='ltr'><strong>quidam,</strong></span> <span class='ocrx_word' id='word_1_89' title='bbox 1919 564 2010 607; x_wconf 76' lang='lat' dir='ltr'><strong>quotl</strong></span> <span class='ocrx_word' id='word_1_90' title='bbox 2037 565 2070 597; x_wconf 86' lang='lat' dir='ltr'><strong>in</strong></span> <span class='ocrx_word' id='word_1_91' title='bbox 2097 576 2138 598; x_wconf 85' lang='lat' dir='ltr'><strong>eo</strong></span> 
     </span>
     <span class='ocr_line' id='line_1_9' title="bbox 360 610 2138 661; baseline 0.005 -21"><span class='ocrx_word' id='word_1_92' title='bbox 360 610 485 641; x_wconf 81' lang='lat' dir='ltr'><strong>factum</strong></span> <span class='ocrx_word' id='word_1_93' title='bbox 513 610 552 642; x_wconf 87' lang='lat' dir='ltr'><strong>sit</strong></span> <span class='ocrx_word' id='word_1_94' title='bbox 577 611 740 655; x_wconf 78' lang='lat' dir='ltr'><strong>templum</strong></span> <span class='ocrx_word' id='word_1_95' title='bbox 770 612 928 652; x_wconf 80' lang='lat' dir='ltr'><strong>Quirino,</strong></span> <span class='ocrx_word' id='word_1_96' title='bbox 955 613 1000 644; x_wconf 85' lang='lat' dir='ltr'><strong>ita</strong></span> <span class='ocrx_word' id='word_1_97' title='bbox 1027 613 1161 646; x_wconf 82' lang='lat' dir='ltr'><strong>(lictum.</strong></span> <span class='ocrx_word' id='word_1_98' title='bbox 1216 615 1393 656; x_wconf 84' lang='lat' dir='ltr'><strong>Quirina</strong></span> <span class='ocrx_word' id='word_1_99' title='bbox 1421 615 1574 648; x_wconf 81' lang='lat' dir='ltr'><strong>Tribus</strong></span> <span class='ocrx_word' id='word_1_100' title='bbox 1602 627 1620 647; x_wconf 87' lang='lat' dir='ltr'><strong>a</strong></span> <span class='ocrx_word' id='word_1_101' title='bbox 1640 614 1839 648; x_wconf 78' lang='lat' dir='ltr'><strong>Curensibus</strong></span> <span class='ocrx_word' id='word_1_102' title='bbox 1862 615 1992 648; x_wconf 76' lang='lat' dir='ltr'><strong>Sabinis</strong></span> <span class='ocrx_word' id='word_1_103' title='bbox 2017 617 2138 661; x_wconf 60' lang='lat' dir='ltr'><strong>appel*</strong></span> 
     </span>
     <span class='ocr_line' id='line_1_10' title="bbox 360 660 2138 710; baseline 0.005 -18"><span class='ocrx_word' id='word_1_104' title='bbox 360 660 515 694; x_wconf 84' lang='lat' dir='ltr'><strong>lationem</strong></span> <span class='ocrx_word' id='word_1_105' title='bbox 536 662 665 694; x_wconf 81' lang='lat' dir='ltr'><strong>videtur</strong></span> <span class='ocrx_word' id='word_1_106' title='bbox 689 663 833 695; x_wconf 71' lang='lat' dir='ltr'><strong>traxisse.</strong></span> <span class='ocrx_word' id='word_1_107' title='bbox 889 663 1115 704; x_wconf 84' lang='lat' dir='ltr'><strong>Quiritium</strong></span> <span class='ocrx_word' id='word_1_108' title='bbox 1145 666 1284 698; x_wconf 82' lang='lat' dir='ltr'><strong>fossae</strong></span> <span class='ocrx_word' id='word_1_109' title='bbox 1311 666 1483 705; x_wconf 76' lang='lat' dir='ltr'><strong>(licuntur,</strong></span> <span class='ocrx_word' id='word_1_110' title='bbox 1511 667 1629 710; x_wconf 83' lang='lat' dir='ltr'><strong>quibus</strong></span> <span class='ocrx_word' id='word_1_111' title='bbox 1653 669 1764 700; x_wconf 81' lang='lat' dir='ltr'><strong>Ancus</strong></span> <span class='ocrx_word' id='word_1_112' title='bbox 1787 667 1934 700; x_wconf 84' lang='lat' dir='ltr'><strong>Marcius</strong></span> <span class='ocrx_word' id='word_1_113' title='bbox 1961 668 2138 701; x_wconf 75' lang='lat' dir='ltr'><strong>circunde—</strong></span> 
     </span>
     <span class='ocr_line' id='line_1_11' title="bbox 360 712 2137 765; baseline 0.005 -22"><span class='ocrx_word' id='word_1_114' title='bbox 360 712 407 744; x_wconf 88' lang='lat' dir='ltr'><strong>dit</strong></span> <span class='ocrx_word' id='word_1_115' title='bbox 436 713 568 754; x_wconf 81' lang='lat' dir='ltr'><strong>urbem,</strong></span> <span class='ocrx_word' id='word_1_116' title='bbox 601 724 701 757; x_wconf 84' lang='lat' dir='ltr'><strong>quam</strong></span> <span class='ocrx_word' id='word_1_117' title='bbox 728 715 909 748; x_wconf 80' lang='lat' dir='ltr'><strong>secundum</strong></span> <span class='ocrx_word' id='word_1_118' title='bbox 938 717 1057 749; x_wconf 78' lang='lat' dir='ltr'><strong>ostium</strong></span> <span class='ocrx_word' id='word_1_119' title='bbox 1079 718 1211 750; x_wconf 81' lang='lat' dir='ltr'><strong>Tiberis</strong></span> <span class='ocrx_word' id='word_1_120' title='bbox 1238 719 1366 762; x_wconf 72' lang='lat' dir='ltr'><strong>posuit,</strong></span> <span class='ocrx_word' id='word_1_121' title='bbox 1401 730 1439 750; x_wconf 79' lang='lat' dir='ltr'><strong>ex</strong></span> <span class='ocrx_word' id='word_1_122' title='bbox 1465 730 1534 762; x_wconf 87' lang='lat' dir='ltr'><strong>quo</strong></span> <span class='ocrx_word' id='word_1_123' title='bbox 1562 719 1659 751; x_wconf 82' lang='lat' dir='ltr'><strong>etiam</strong></span> <span class='ocrx_word' id='word_1_124' title='bbox 1688 718 1826 752; x_wconf 85' lang='lat' dir='ltr'><strong>Ostiam.</strong></span> <span class='ocrx_word' id='word_1_125' title='bbox 1856 725 1888 750; x_wconf 88' lang='lat' dir='ltr'><strong>et</strong></span> <span class='ocrx_word' id='word_1_126' title='bbox 1914 719 1991 762; x_wconf 89' lang='lat' dir='ltr'><strong>qnia</strong></span> <span class='ocrx_word' id='word_1_127' title='bbox 2017 720 2137 765; x_wconf 84' lang='lat' dir='ltr'><strong>populi</strong></span> 
     </span>
     <span class='ocr_line' id='line_1_12' title="bbox 360 766 2138 814; baseline 0.005 -18"><span class='ocrx_word' id='word_1_128' title='bbox 360 775 463 807; x_wconf 84' lang='lat' dir='ltr'><strong>opera</strong></span> <span class='ocrx_word' id='word_1_129' title='bbox 491 774 544 797; x_wconf 83' lang='lat' dir='ltr'><strong>eas</strong></span> <span class='ocrx_word' id='word_1_130' title='bbox 572 766 714 806; x_wconf 83' lang='lat' dir='ltr'><strong>fecerat,</strong></span> <span class='ocrx_word' id='word_1_131' title='bbox 754 767 937 810; x_wconf 79' lang='lat' dir='ltr'><strong>appellavit</strong></span> <span class='ocrx_word' id='word_1_132' title='bbox 965 768 1148 809; x_wconf 75' lang='lat' dir='ltr'><strong>Quiritium.</strong></span> <span class='ocrx_word' id='word_1_133' title='bbox 1210 770 1492 810; x_wconf 80' lang='lat' dir='ltr'><strong>Quincentum</strong></span> <span class='ocrx_word' id='word_1_134' title='bbox 1528 776 1559 803; x_wconf 86' lang='lat' dir='ltr'><strong>et</strong></span> <span class='ocrx_word' id='word_1_135' title='bbox 1588 770 1751 814; x_wconf 81' lang='lat' dir='ltr'><strong>producta</strong></span> <span class='ocrx_word' id='word_1_136' title='bbox 1778 771 1888 814; x_wconf 81' lang='lat' dir='ltr'><strong>prima</strong></span> <span class='ocrx_word' id='word_1_137' title='bbox 1914 771 2060 814; x_wconf 80' lang='lat' dir='ltr'><strong>syllaba,</strong></span> <span class='ocrx_word' id='word_1_138' title='bbox 2105 777 2138 805; x_wconf 86' lang='lat' dir='ltr'><strong>et</strong></span> 
     </span>
     <span class='ocr_line' id='line_1_13' title="bbox 188 816 2137 867; baseline 0.005 -22"><span class='ocrx_word' id='word_1_139' title='bbox 188 822 222 845; x_wconf 65' lang='grc' dir='ltr'><strong>ἰζ</strong></span> <span class='ocrx_word' id='word_1_140' title='bbox 240 830 349 856; x_wconf 80' lang='lat' dir='ltr'><strong>usurpa·</strong></span> <span class='ocrx_word' id='word_1_141' title='bbox 359 826 420 859; x_wconf 85' lang='lat' dir='ltr'><strong>per</strong></span> <span class='ocrx_word' id='word_1_142' title='bbox 441 824 459 848; x_wconf 83' lang='lat' dir='ltr'><strong>c</strong></span> <span class='ocrx_word' id='word_1_143' title='bbox 481 816 620 849; x_wconf 80' lang='lat' dir='ltr'><strong>litteram</strong></span> <span class='ocrx_word' id='word_1_144' title='bbox 651 821 829 862; x_wconf 70' lang='lat' dir='ltr'><strong>usurpant*</strong></span> <span class='ocrx_word' id='word_1_145' title='bbox 855 819 994 862; x_wconf 84' lang='lat' dir='ltr'><strong>antiqui,</strong></span> <span class='ocrx_word' id='word_1_146' title='bbox 1022 822 1112 863; x_wconf 72' lang='lat' dir='ltr'><strong>quod</strong></span> <span class='ocrx_word' id='word_1_147' title='bbox 1142 828 1258 864; x_wconf 81' lang='lat' dir='ltr'><strong>postea</strong></span> <span class='ocrx_word' id='word_1_148' title='bbox 1285 822 1389 854; x_wconf 75' lang='lat' dir='ltr'><strong>levius</strong></span> <span class='ocrx_word' id='word_1_149' title='bbox 1415 822 1519 854; x_wconf 83' lang='lat' dir='ltr'><strong>visum</strong></span> <span class='ocrx_word' id='word_1_150' title='bbox 1549 829 1612 863; x_wconf 71' lang='lat' dir='ltr'><strong>est,</strong></span> <span class='ocrx_word' id='word_1_151' title='bbox 1643 823 1686 854; x_wconf 74' lang='lat' dir='ltr'><strong>ita</strong></span> <span class='ocrx_word' id='word_1_152' title='bbox 1714 826 1750 854; x_wconf 83' lang='lat' dir='ltr'><strong>ut</strong></span> <span class='ocrx_word' id='word_1_153' title='bbox 1777 832 1863 855; x_wconf 91' lang='lat' dir='ltr'><strong>nunc</strong></span> <span class='ocrx_word' id='word_1_154' title='bbox 1890 822 2028 855; x_wconf 85' lang='lat' dir='ltr'><strong>dicimus</strong></span> <span class='ocrx_word' id='word_1_155' title='bbox 2054 834 2137 867; x_wconf 86' lang='lat' dir='ltr'><strong>pro-</strong></span> 
     </span>
     <span class='ocr_line' id='line_1_14' title="bbox 237 856 2137 919; baseline 0.004 -21"><span class='ocrx_word' id='word_1_156' title='bbox 237 856 297 881; x_wconf 75' lang='lat' dir='ltr'><strong>bant</strong></span> <span class='ocrx_word' id='word_1_157' title='bbox 359 868 508 900; x_wconf 81' lang='lat' dir='ltr'><strong>nuntiari.</strong></span> <span class='ocrx_word' id='word_1_158' title='bbox 564 869 631 910; x_wconf 80' lang='lat' dir='ltr'><strong>Qui</strong></span> <span class='ocrx_word' id='word_1_159' title='bbox 658 875 785 913; x_wconf 72' lang='lat' dir='ltr'><strong>patres,</strong></span> <span class='ocrx_word' id='word_1_160' title='bbox 821 871 877 913; x_wconf 80' lang='lat' dir='ltr'><strong>qni</strong></span> <span class='ocrx_word' id='word_1_161' title='bbox 905 873 1100 916; x_wconf 72' lang='lat' dir='ltr'><strong>conscripti,</strong></span> <span class='ocrx_word' id='word_1_162' title='bbox 1138 875 1245 906; x_wconf 83' lang='lat' dir='ltr'><strong>vocati</strong></span> <span class='ocrx_word' id='word_1_163' title='bbox 1271 880 1345 906; x_wconf 87' lang='lat' dir='ltr'><strong>sunt</strong></span> <span class='ocrx_word' id='word_1_164' title='bbox 1371 874 1402 906; x_wconf 91' lang='lat' dir='ltr'><strong>in</strong></span> <span class='ocrx_word' id='word_1_165' title='bbox 1431 873 1584 914; x_wconf 76' lang='lat' dir='ltr'><strong>Curiam,</strong></span> <span class='ocrx_word' id='word_1_166' title='bbox 1619 885 1686 917; x_wconf 85' lang='lat' dir='ltr'><strong>quo</strong></span> <span class='ocrx_word' id='word_1_167' title='bbox 1714 880 1868 918; x_wconf 87' lang='lat' dir='ltr'><strong>tempore</strong></span> <span class='ocrx_word' id='word_1_168' title='bbox 1894 875 2028 919; x_wconf 82' lang='lat' dir='ltr'><strong>regibus</strong></span> <span class='ocrx_word' id='word_1_169' title='bbox 2054 874 2137 907; x_wconf 86' lang='lat' dir='ltr'><strong>urbe</strong></span> 
     </span>
     <span class='ocr_line' id='line_1_15' title="bbox 358 919 2136 970; baseline 0.004 -20"><span class='ocrx_word' id='word_1_170' title='bbox 358 919 519 962; x_wconf 82' lang='lat' dir='ltr'><strong>expulsis,</strong></span> <span class='ocrx_word' id='word_1_171' title='bbox 563 921 600 953; x_wconf 89' lang='lat' dir='ltr'><strong>P.</strong></span> <span class='ocrx_word' id='word_1_172' title='bbox 632 921 782 954; x_wconf 86' lang='lat' dir='ltr'><strong>Valerius</strong></span> <span class='ocrx_word' id='word_1_173' title='bbox 810 922 907 956; x_wconf 87' lang='lat' dir='ltr'><strong>Cous.</strong></span> <span class='ocrx_word' id='word_1_174' title='bbox 942 930 1081 968; x_wconf 84' lang='lat' dir='ltr'><strong>propter</strong></span> <span class='ocrx_word' id='word_1_175' title='bbox 1113 924 1261 968; x_wconf 88' lang='lat' dir='ltr'><strong>inopiam</strong></span> <span class='ocrx_word' id='word_1_176' title='bbox 1296 925 1511 970; x_wconf 81' lang='lat' dir='ltr'><strong>patriciorum</strong></span> <span class='ocrx_word' id='word_1_177' title='bbox 1547 936 1586 958; x_wconf 87' lang='lat' dir='ltr'><strong>ex</strong></span> <span class='ocrx_word' id='word_1_178' title='bbox 1620 926 1720 970; x_wconf 80' lang='lat' dir='ltr'>plebe</span> <span class='ocrx_word' id='word_1_179' title='bbox 1749 925 1878 970; x_wconf 81' lang='lat' dir='ltr'><strong>adlegit</strong></span> <span class='ocrx_word' id='word_1_180' title='bbox 1904 927 1936 958; x_wconf 91' lang='lat' dir='ltr'><strong>in</strong></span> <span class='ocrx_word' id='word_1_181' title='bbox 1964 937 2136 959; x_wconf 84' lang='lat' dir='ltr'><strong>numerum</strong></span> 
     </span>
     <span class='ocr_line' id='line_1_16' title="bbox 359 971 2137 1023; baseline 0.004 -21"><span class='ocrx_word' id='word_1_182' title='bbox 359 976 547 1003; x_wconf 76' lang='lat' dir='ltr'><strong>senatorum</strong></span> <span class='ocrx_word' id='word_1_183' title='bbox 574 971 611 1006; x_wconf 90' lang='lat' dir='ltr'><strong>C.</strong></span> <span class='ocrx_word' id='word_1_184' title='bbox 628 979 660 1006; x_wconf 82' lang='lat' dir='ltr'><strong>et</strong></span> <span class='ocrx_word' id='word_1_185' title='bbox 681 973 754 1008; x_wconf 78' lang='lat' dir='ltr'><strong>LX.</strong></span> <span class='ocrx_word' id='word_1_186' title='bbox 779 979 812 1006; x_wconf 81' lang='lat' dir='ltr'><strong>et</strong></span> <span class='ocrx_word' id='word_1_187' title='bbox 838 974 912 1008; x_wconf 76' lang='lat' dir='ltr'><strong>llll.</strong></span> <span class='ocrx_word' id='word_1_188' title='bbox 941 979 975 1007; x_wconf 88' lang='lat' dir='ltr'><strong>ut</strong></span> <span class='ocrx_word' id='word_1_189' title='bbox 1003 976 1151 1019; x_wconf 72' lang='lat' dir='ltr'><strong>expleret</strong></span> <span class='ocrx_word' id='word_1_190' title='bbox 1178 988 1350 1010; x_wconf 86' lang='lat' dir='ltr'><strong>numerum</strong></span> <span class='ocrx_word' id='word_1_191' title='bbox 1377 983 1563 1010; x_wconf 87' lang='lat' dir='ltr'><strong>senatorum</strong></span> <span class='ocrx_word' id='word_1_192' title='bbox 1591 983 1832 1019; x_wconf 84' lang='lat' dir='ltr'><strong>trecentorum,</strong></span> <span class='ocrx_word' id='word_1_193' title='bbox 1859 981 1892 1010; x_wconf 83' lang='lat' dir='ltr'><strong>et</strong></span> <span class='ocrx_word' id='word_1_194' title='bbox 1918 977 1985 1010; x_wconf 90' lang='lat' dir='ltr'><strong>duo</strong></span> <span class='ocrx_word' id='word_1_195' title='bbox 2013 989 2137 1023; x_wconf 86' lang='lat' dir='ltr'><strong>genera</strong></span> 
     </span>
     <span class='ocr_line' id='line_1_17' title="bbox 185 1022 2136 1073; baseline 0.006 -23"><span class='ocrx_word' id='word_1_196' title='bbox 185 1022 545 1066; x_wconf 58' lang='lat' dir='ltr'><strong>nzappenataappellaret</strong></span> <span class='ocrx_word' id='word_1_197' title='bbox 569 1035 637 1057; x_wconf 85' lang='lat' dir='ltr'><strong>esse</strong></span> <span class='ocrx_word' id='word_1_198' title='bbox 649 1025 669 1055; x_wconf 80' lang='lat'><strong>*.</strong></span> <span class='ocrx_word' id='word_1_199' title='bbox 726 1025 944 1069; x_wconf 75' lang='lat' dir='ltr'><strong>Quispiam</strong></span> <span class='ocrx_word' id='word_1_200' title='bbox 974 1027 1051 1069; x_wconf 86' lang='lat' dir='ltr'><strong>quin</strong></span> <span class='ocrx_word' id='word_1_201' title='bbox 1079 1028 1242 1072; x_wconf 81' lang='lat' dir='ltr'><strong>significet</strong></span> <span class='ocrx_word' id='word_1_202' title='bbox 1265 1029 1399 1072; x_wconf 89' lang='lat' dir='ltr'><strong>aliquis,</strong></span> <span class='ocrx_word' id='word_1_203' title='bbox 1429 1034 1462 1062; x_wconf 83' lang='lat' dir='ltr'><strong>et</strong></span> <span class='ocrx_word' id='word_1_204' title='bbox 1482 1029 1659 1073; x_wconf 79' lang='lat' dir='ltr'><strong>quaepiam</strong></span> <span class='ocrx_word' id='word_1_205' title='bbox 1685 1029 1817 1072; x_wconf 85' lang='lat' dir='ltr'><strong>aliquae</strong></span> <span class='ocrx_word' id='word_1_206' title='bbox 1828 1029 1855 1044; x_wconf 68' lang='lat'><strong>*⁴¹</strong></span> <span class='ocrx_word' id='word_1_207' title='bbox 1879 1029 2026 1062; x_wconf 84' lang='lat' dir='ltr'><strong>similiter</strong></span> <span class='ocrx_word' id='word_1_208' title='bbox 2049 1029 2136 1073; x_wconf 79' lang='lat' dir='ltr'><strong>qui†</strong></span> 
     </span>
     <span class='ocr_line' id='line_1_18' title="bbox 195 1066 2136 1129; baseline 0.004 -25"><span class='ocrx_word' id='word_1_209' title='bbox 195 1066 421 1129; x_wconf 54' lang='lat' dir='ltr'><strong>··f.S¹;i¹it‹1ua³li³</strong></span> <span class='ocrx_word' id='word_1_210' title='bbox 449 1074 594 1107; x_wconf 86' lang='lat' dir='ltr'><strong>eiusdem</strong></span> <span class='ocrx_word' id='word_1_211' title='bbox 623 1076 774 1120; x_wconf 79' lang='lat' dir='ltr'><strong>generis,</strong></span> <span class='ocrx_word' id='word_1_212' title='bbox 813 1083 847 1109; x_wconf 88' lang='lat' dir='ltr'><strong>ut</strong></span> <span class='ocrx_word' id='word_1_213' title='bbox 875 1077 1011 1111; x_wconf 87' lang='lat' dir='ltr'><strong>dubium</strong></span> <span class='ocrx_word' id='word_1_214' title='bbox 1042 1091 1105 1110; x_wconf 90' lang='lat' dir='ltr'><strong>non</strong></span> <span class='ocrx_word' id='word_1_215' title='bbox 1134 1085 1199 1119; x_wconf 83' lang='lat' dir='ltr'><strong>est,</strong></span> <span class='ocrx_word' id='word_1_216' title='bbox 1235 1081 1279 1112; x_wconf 83' lang='lat' dir='ltr'><strong>ita</strong></span> <span class='ocrx_word' id='word_1_217' title='bbox 1308 1082 1375 1124; x_wconf 86' lang='lat' dir='ltr'><strong>(ut)</strong></span> <span class='ocrx_word' id='word_1_218' title='bbox 1404 1081 1492 1113; x_wconf 89' lang='lat' dir='ltr'><strong>unde</strong></span> <span class='ocrx_word' id='word_1_219' title='bbox 1519 1093 1657 1124; x_wconf 87' lang='lat' dir='ltr'><strong>sequens</strong></span> <span class='ocrx_word' id='word_1_220' title='bbox 1683 1092 1760 1125; x_wconf 85' lang='lat' dir='ltr'><strong>pars</strong></span> <span class='ocrx_word' id='word_1_221' title='bbox 1788 1082 1856 1113; x_wconf 85' lang='lat' dir='ltr'><strong>eius</strong></span> <span class='ocrx_word' id='word_1_222' title='bbox 1882 1081 2051 1125; x_wconf 81' lang='lat' dir='ltr'><strong>coeperit,</strong></span> <span class='ocrx_word' id='word_1_223' title='bbox 2086 1081 2136 1112; x_wconf 88' lang='lat' dir='ltr'><strong>in-</strong></span> 
     </span>
     <span class='ocr_line' id='line_1_19' title="bbox 208 1125 2136 1177; baseline 0.002 -17"><span class='ocrx_word' id='word_1_224' title='bbox 208 1129 251 1160; x_wconf 84' lang='lat' dir='ltr'><strong>†f-</strong></span> <span class='ocrx_word' id='word_1_225' title='bbox 270 1139 319 1164; x_wconf 81' lang='lat' dir='ltr'><strong>que</strong></span> <span class='ocrx_word' id='word_1_226' title='bbox 358 1125 459 1157; x_wconf 74' lang='lat' dir='ltr'><strong>veniri</strong></span> <span class='ocrx_word' id='word_1_227' title='bbox 486 1137 552 1157; x_wconf 91' lang='lat' dir='ltr'><strong>non</strong></span> <span class='ocrx_word' id='word_1_228' title='bbox 580 1133 698 1170; x_wconf 70' lang='lat' dir='ltr'><strong>potest.</strong></span> <span class='ocrx_word' id='word_1_229' title='bbox 754 1128 1045 1171; x_wconf 77' lang='lat' dir='ltr'><strong>Quinquatrus</strong></span> <span class='ocrx_word' id='word_1_230' title='bbox 1073 1132 1237 1175; x_wconf 88' lang='lat' dir='ltr'><strong>appellari</strong></span> <span class='ocrx_word' id='word_1_231' title='bbox 1264 1133 1399 1175; x_wconf 85' lang='lat' dir='ltr'><strong>quidam</strong></span> <span class='ocrx_word' id='word_1_232' title='bbox 1428 1138 1544 1177; x_wconf 86' lang='lat' dir='ltr'><strong>putant</strong></span> <span class='ocrx_word' id='word_1_233' title='bbox 1570 1145 1589 1165; x_wconf 86' lang='lat' dir='ltr'><strong>a</strong></span> <span class='ocrx_word' id='word_1_234' title='bbox 1617 1144 1755 1166; x_wconf 91' lang='lat' dir='ltr'><strong>numero</strong></span> <span class='ocrx_word' id='word_1_235' title='bbox 1784 1133 1930 1176; x_wconf 84' lang='lat' dir='ltr'><strong>dierum,</strong></span> <span class='ocrx_word' id='word_1_236' title='bbox 1964 1133 2021 1176; x_wconf 91' lang='lat' dir='ltr'><strong>qui</strong></span> <span class='ocrx_word' id='word_1_237' title='bbox 2049 1132 2136 1165; x_wconf 80' lang='lat' dir='ltr'><strong>fere-</strong></span> 
     </span>
     <span class='ocr_line' id='line_1_20' title="bbox 183 1175 2137 1227; baseline 0.005 -21"><span class='ocrx_word' id='word_1_238' title='bbox 183 1180 242 1212; x_wconf 79' lang='lat' dir='ltr'>††f.</span> <span class='ocrx_word' id='word_1_239' title='bbox 265 1175 408 1209; x_wconf 66' lang='lat' dir='ltr'><strong>feriishis·</strong></span> <span class='ocrx_word' id='word_1_240' title='bbox 421 1179 462 1214; x_wconf 43' lang='grc' dir='ltr'>ᾖ</span> <span class='ocrx_word' id='word_1_241' title='bbox 485 1178 701 1211; x_wconf 78' lang='lat' dir='ltr'><strong>celebrantur.</strong></span> <span class='ocrx_word' id='word_1_242' title='bbox 740 1181 794 1222; x_wconf 86' lang='lat' dir='ltr'><strong>qni</strong></span> <span class='ocrx_word' id='word_1_243' title='bbox 823 1181 947 1214; x_wconf 82' lang='lat' dir='ltr'><strong>scilicet</strong></span> <span class='ocrx_word' id='word_1_244' title='bbox 975 1188 1082 1214; x_wconf 80' lang='lat' dir='ltr'><strong>errant</strong></span> <span class='ocrx_word' id='word_1_245' title='bbox 1109 1189 1174 1215; x_wconf 84' lang='lat' dir='ltr'><strong>tam</strong></span> <span class='ocrx_word' id='word_1_246' title='bbox 1209 1184 1368 1225; x_wconf 84' lang='lat' dir='ltr'><strong>hercule,</strong></span> <span class='ocrx_word' id='word_1_247' title='bbox 1413 1196 1513 1227; x_wconf 90' lang='lat' dir='ltr'><strong>quam</strong></span> <span class='ocrx_word' id='word_1_248' title='bbox 1546 1184 1722 1227; x_wconf 84' lang='lat' dir='ltr'><strong>quatriduo</strong></span> <span class='ocrx_word' id='word_1_249' title='bbox 1750 1184 1956 1227; x_wconf 84' lang='lat' dir='ltr'><strong>Saturnalia,</strong></span> <span class='ocrx_word' id='word_1_250' title='bbox 2001 1189 2033 1217; x_wconf 90' lang='lat' dir='ltr'><strong>et</strong></span> <span class='ocrx_word' id='word_1_251' title='bbox 2059 1183 2137 1216; x_wconf 86' lang='lat' dir='ltr'><strong>toti-</strong></span> 
     </span>
     <span class='ocr_line' id='line_1_21' title="bbox 356 1224 2134 1281; baseline 0.004 -21"><span class='ocrx_word' id='word_1_252' title='bbox 356 1227 432 1261; x_wconf 86' lang='lat' dir='ltr'><strong>dem</strong></span> <span class='ocrx_word' id='word_1_253' title='bbox 450 1224 469 1276; x_wconf 81' lang='grc' dir='ltr'>Η</span> <span class='ocrx_word' id='word_1_254' title='bbox 487 1228 603 1263; x_wconf 78' lang='lat' dir='ltr'><strong>(liebus</strong></span> <span class='ocrx_word' id='word_1_255' title='bbox 629 1230 839 1275; x_wconf 82' lang='lat' dir='ltr'><strong>Compitalia.</strong></span> <span class='ocrx_word' id='word_1_256' title='bbox 868 1244 942 1265; x_wconf 87' lang='lat' dir='ltr'><strong>nam</strong></span> <span class='ocrx_word' id='word_1_257' title='bbox 970 1234 1122 1266; x_wconf 86' lang='lat' dir='ltr'><strong>omnibus</strong></span> <span class='ocrx_word' id='word_1_258' title='bbox 1150 1234 1200 1267; x_wconf 81' lang='lat' dir='ltr'><strong>his</strong></span> <span class='ocrx_word' id='word_1_259' title='bbox 1227 1236 1363 1280; x_wconf 76' lang='lat' dir='ltr'><strong>singulis</strong></span> <span class='ocrx_word' id='word_1_260' title='bbox 1390 1236 1507 1268; x_wconf 86' lang='lat' dir='ltr'><strong>diebus</strong></span> <span class='ocrx_word' id='word_1_261' title='bbox 1535 1236 1616 1268; x_wconf 84' lang='lat' dir='ltr'><strong>liunt</strong></span> <span class='ocrx_word' id='word_1_262' title='bbox 1644 1247 1745 1270; x_wconf 87' lang='lat' dir='ltr'><strong>sacra.</strong></span> <span class='ocrx_word' id='word_1_263' title='bbox 1773 1236 1882 1269; x_wconf 83' lang='lat' dir='ltr'><strong>forma</strong></span> <span class='ocrx_word' id='word_1_264' title='bbox 1904 1240 2015 1269; x_wconf 84' lang='lat' dir='ltr'><strong>autem</strong></span> <span class='ocrx_word' id='word_1_265' title='bbox 2053 1233 2134 1281; x_wconf 80' lang='lat'>[65]</span> 
     </span>
     <span class='ocr_line' id='line_1_22' title="bbox 355 1280 2136 1332; baseline 0.004 -21"><span class='ocrx_word' id='word_1_266' title='bbox 355 1280 511 1312; x_wconf 73' lang='lat' dir='ltr'><strong>vocabuli</strong></span> <span class='ocrx_word' id='word_1_267' title='bbox 540 1281 623 1321; x_wconf 78' lang='lat' dir='ltr'><strong>eius,</strong></span> <span class='ocrx_word' id='word_1_268' title='bbox 672 1284 825 1327; x_wconf 84' lang='lat' dir='ltr'><strong>exemplo</strong></span> <span class='ocrx_word' id='word_1_269' title='bbox 854 1284 1033 1318; x_wconf 86' lang='lat' dir='ltr'><strong>multorum</strong></span> <span class='ocrx_word' id='word_1_270' title='bbox 1063 1287 1269 1330; x_wconf 84' lang='lat' dir='ltr'><strong>populorum</strong></span> <span class='ocrx_word' id='word_1_271' title='bbox 1296 1288 1488 1320; x_wconf 80' lang='lat' dir='ltr'><strong>Italicorum</strong></span> <span class='ocrx_word' id='word_1_272' title='bbox 1516 1289 1682 1321; x_wconf 80' lang='lat' dir='ltr'><strong>enuntiata</strong></span> <span class='ocrx_word' id='word_1_273' title='bbox 1711 1294 1774 1329; x_wconf 85' lang='lat' dir='ltr'><strong>est,</strong></span> <span class='ocrx_word' id='word_1_274' title='bbox 1823 1287 1916 1331; x_wconf 90' lang='lat' dir='ltr'><strong>quod</strong></span> <span class='ocrx_word' id='word_1_275' title='bbox 1943 1292 2019 1332; x_wconf 84' lang='lat' dir='ltr'><strong>post</strong></span> <span class='ocrx_word' id='word_1_276' title='bbox 2046 1287 2136 1319; x_wconf 84' lang='lat' dir='ltr'><strong>diem</strong></span> 
     </span>
     <span class='ocr_line' id='line_1_23' title="bbox 230 1332 2136 1382; baseline 0.005 -21"><span class='ocrx_word' id='word_1_277' title='bbox 230 1337 264 1362; x_wconf 66' lang='grc' dir='ltr'><strong>ἰζ</strong></span> <span class='ocrx_word' id='word_1_278' title='bbox 285 1337 303 1361; x_wconf 61' lang='lat' dir='ltr'><strong>is</strong></span> <span class='ocrx_word' id='word_1_279' title='bbox 355 1332 505 1373; x_wconf 80' lang='lat' dir='ltr'><strong>quintum</strong></span> <span class='ocrx_word' id='word_1_280' title='bbox 533 1332 645 1365; x_wconf 85' lang='lat' dir='ltr'><strong>iduum</strong></span> <span class='ocrx_word' id='word_1_281' title='bbox 676 1340 721 1366; x_wconf 71' lang='lat' dir='ltr'><strong>est</strong></span> <span class='ocrx_word' id='word_1_282' title='bbox 751 1334 821 1366; x_wconf 77' lang='lat' dir='ltr'><strong>his*</strong></span> <span class='ocrx_word' id='word_1_283' title='bbox 845 1335 914 1368; x_wconf 80' lang='lat' dir='ltr'><strong>dies</strong></span> <span class='ocrx_word' id='word_1_284' title='bbox 942 1337 1059 1376; x_wconf 68' lang='lat' dir='ltr'><strong>festus,</strong></span> <span class='ocrx_word' id='word_1_285' title='bbox 1095 1344 1129 1370; x_wconf 86' lang='lat' dir='ltr'><strong>ut</strong></span> <span class='ocrx_word' id='word_1_286' title='bbox 1157 1344 1238 1382; x_wconf 86' lang='lat' dir='ltr'><strong>aput</strong></span> <span class='ocrx_word' id='word_1_287' title='bbox 1259 1340 1467 1373; x_wconf 70' lang='lat' dir='ltr'><strong>Tusculanos</strong></span> <span class='ocrx_word' id='word_1_288' title='bbox 1490 1340 1659 1379; x_wconf 84' lang='lat' dir='ltr'><strong>Triatrus,</strong></span> <span class='ocrx_word' id='word_1_289' title='bbox 1696 1345 1728 1372; x_wconf 86' lang='lat' dir='ltr'><strong>et</strong></span> <span class='ocrx_word' id='word_1_290' title='bbox 1749 1339 1924 1377; x_wconf 81' lang='lat' dir='ltr'><strong>Sexatrus,</strong></span> <span class='ocrx_word' id='word_1_291' title='bbox 1955 1343 1987 1371; x_wconf 77' lang='lat' dir='ltr'><strong>et</strong></span> <span class='ocrx_word' id='word_1_292' title='bbox 2013 1338 2136 1382; x_wconf 83' lang='lat' dir='ltr'><strong>Septe-</strong></span> 
     </span>
     <span class='ocr_line' id='line_1_24' title="bbox 355 1385 2135 1433; baseline 0.004 -19"><span class='ocrx_word' id='word_1_293' title='bbox 355 1388 496 1425; x_wconf 82' lang='lat' dir='ltr'><strong>matrus,</strong></span> <span class='ocrx_word' id='word_1_294' title='bbox 525 1390 556 1416; x_wconf 83' lang='lat' dir='ltr'><strong>et</strong></span> <span class='ocrx_word' id='word_1_295' title='bbox 581 1385 728 1418; x_wconf 67' lang='lat' dir='ltr'><strong>Faliscos</strong></span> <span class='ocrx_word' id='word_1_296' title='bbox 747 1387 963 1420; x_wconf 67' lang='lat' dir='ltr'><strong>Decimam-us.</strong></span> <span class='ocrx_word' id='word_1_297' title='bbox 1018 1388 1189 1422; x_wconf 75' lang='lat' dir='ltr'><strong>Minervae</strong></span> <span class='ocrx_word' id='word_1_298' title='bbox 1217 1397 1327 1424; x_wconf 87' lang='lat' dir='ltr'><strong>autem</strong></span> <span class='ocrx_word' id='word_1_299' title='bbox 1355 1391 1499 1424; x_wconf 86' lang='lat' dir='ltr'><strong>dicatum</strong></span> <span class='ocrx_word' id='word_1_300' title='bbox 1527 1402 1601 1423; x_wconf 88' lang='lat' dir='ltr'><strong>eum</strong></span> <span class='ocrx_word' id='word_1_301' title='bbox 1630 1391 1718 1424; x_wconf 86' lang='lat' dir='ltr'><strong>‹liem</strong></span> <span class='ocrx_word' id='word_1_302' title='bbox 1746 1390 1946 1431; x_wconf 86' lang='lat' dir='ltr'><strong>existimant,</strong></span> <span class='ocrx_word' id='word_1_303' title='bbox 1975 1390 2065 1433; x_wconf 83' lang='lat' dir='ltr'><strong>quod</strong></span> <span class='ocrx_word' id='word_1_304' title='bbox 2095 1400 2135 1422; x_wconf 89' lang='lat' dir='ltr'><strong>eo</strong></span> 
     </span>
     <span class='ocr_line' id='line_1_25' title="bbox 354 1434 2135 1486; baseline 0.004 -21"><span class='ocrx_word' id='word_1_305' title='bbox 354 1434 409 1466; x_wconf 85' lang='lat' dir='ltr'><strong>die</strong></span> <span class='ocrx_word' id='word_1_306' title='bbox 442 1435 532 1467; x_wconf 82' lang='lat' dir='ltr'><strong>aedis</strong></span> <span class='ocrx_word' id='word_1_307' title='bbox 567 1436 634 1468; x_wconf 78' lang='lat' dir='ltr'><strong>eius</strong></span> <span class='ocrx_word' id='word_1_308' title='bbox 669 1437 701 1469; x_wconf 93' lang='lat' dir='ltr'><strong>in</strong></span> <span class='ocrx_word' id='word_1_309' title='bbox 728 1439 892 1471; x_wconf 75' lang='lat' dir='ltr'><strong>Aventino</strong></span> <span class='ocrx_word' id='word_1_310' title='bbox 928 1447 1117 1473; x_wconf 69' lang='lat' dir='ltr'><strong>consecr-ita</strong></span> <span class='ocrx_word' id='word_1_311' title='bbox 1154 1448 1210 1475; x_wconf 77' lang='lat' dir='ltr'><strong>est.</strong></span> <span class='ocrx_word' id='word_1_312' title='bbox 1274 1443 1607 1486; x_wconf 78' lang='lat' dir='ltr'><strong>Quinquertium</strong></span> <span class='ocrx_word' id='word_1_313' title='bbox 1642 1442 1808 1477; x_wconf 82' lang='lat' dir='ltr'><strong>vocabant</strong></span> <span class='ocrx_word' id='word_1_314' title='bbox 1841 1442 1983 1485; x_wconf 87' lang='lat' dir='ltr'><strong>antiqui,</strong></span> <span class='ocrx_word' id='word_1_315' title='bbox 2035 1453 2135 1484; x_wconf 88' lang='lat' dir='ltr'><strong>quem</strong></span> 
     </span>
     <span class='ocr_line' id='line_1_26' title="bbox 355 1485 1183 1531; baseline 0.01 -13"><span class='ocrx_word' id='word_1_316' title='bbox 355 1485 478 1519; x_wconf 82' lang='lat' dir='ltr'><strong>Graeci</strong></span> <span class='ocrx_word' id='word_1_317' title='bbox 505 1489 730 1531; x_wconf 64' lang='grc' dir='ltr'><strong><em>πένταθλον,</em></strong></span> <span class='ocrx_word' id='word_1_318' title='bbox 762 1495 795 1522; x_wconf 83' lang='lat' dir='ltr'><strong>ut</strong></span> <span class='ocrx_word' id='word_1_319' title='bbox 822 1490 945 1523; x_wconf 83' lang='lat' dir='ltr'><strong>indicat</strong></span> <span class='ocrx_word' id='word_1_320' title='bbox 971 1503 1081 1524; x_wconf 80' lang='lat' dir='ltr'><strong>versus</strong></span> <span class='ocrx_word' id='word_1_321' title='bbox 1110 1492 1183 1527; x_wconf 83' lang='lat' dir='ltr'><strong>hic:</strong></span> 
     </span>
     <span class='ocr_line' id='line_1_27' title="bbox 457 1538 1350 1588; baseline 0.008 -19"><span class='ocrx_word' id='word_1_322' title='bbox 457 1538 591 1571; x_wconf 85' lang='lat' dir='ltr'><strong>omnis</strong></span> <span class='ocrx_word' id='word_1_323' title='bbox 619 1541 812 1583; x_wconf 77' lang='lat' dir='ltr'><strong>aequalis</strong></span> <span class='ocrx_word' id='word_1_324' title='bbox 840 1542 1039 1576; x_wconf 81' lang='lat' dir='ltr'><strong>vincebat</strong></span> <span class='ocrx_word' id='word_1_325' title='bbox 1066 1545 1350 1588; x_wconf 86' lang='lat' dir='ltr'><strong>quinquertio.</strong></span> 
     </span>
     <span class='ocr_line' id='line_1_28' title="bbox 352 1588 1173 1635; baseline 0.01 -15"><span class='ocrx_word' id='word_1_326' title='bbox 352 1588 462 1621; x_wconf 84' lang='lat' dir='ltr'><strong>Livius</strong></span> <span class='ocrx_word' id='word_1_327' title='bbox 491 1601 625 1633; x_wconf 86' lang='lat' dir='ltr'><strong>qnoque</strong></span> <span class='ocrx_word' id='word_1_328' title='bbox 653 1591 741 1635; x_wconf 80' lang='lat' dir='ltr'><strong>ipsos</strong></span> <span class='ocrx_word' id='word_1_329' title='bbox 766 1593 908 1626; x_wconf 80' lang='lat' dir='ltr'><strong>athletas</strong></span> <span class='ocrx_word' id='word_1_330' title='bbox 935 1595 982 1627; x_wconf 86' lang='lat' dir='ltr'><strong>sic</strong></span> <span class='ocrx_word' id='word_1_331' title='bbox 1009 1596 1173 1628; x_wconf 84' lang='lat' dir='ltr'><strong>nominat:</strong></span> 
     </span>
     <span class='ocr_line' id='line_1_29' title="bbox 454 1642 1413 1689; baseline 0.007 -17"><span class='ocrx_word' id='word_1_332' title='bbox 454 1642 815 1684; x_wconf 81' lang='lat' dir='ltr'><strong>quinquertiones</strong></span> <span class='ocrx_word' id='word_1_333' title='bbox 842 1656 974 1689; x_wconf 86' lang='lat' dir='ltr'><strong>preco</strong></span> <span class='ocrx_word' id='word_1_334' title='bbox 1003 1646 1041 1678; x_wconf 86' lang='lat' dir='ltr'><strong>in</strong></span> <span class='ocrx_word' id='word_1_335' title='bbox 1068 1647 1251 1680; x_wconf 89' lang='lat' dir='ltr'><strong>medium</strong></span> <span class='ocrx_word' id='word_1_336' title='bbox 1280 1652 1413 1680; x_wconf 80' lang='lat' dir='ltr'><strong>vocat.</strong></span> 
     </span>
     <span class='ocr_line' id='line_1_30' title="bbox 353 1690 2134 1741; baseline 0.003 -19"><span class='ocrx_word' id='word_1_337' title='bbox 353 1690 627 1735; x_wconf 79' lang='lat' dir='ltr'><strong>Quisquiliae</strong></span> <span class='ocrx_word' id='word_1_338' title='bbox 656 1695 722 1727; x_wconf 84' lang='lat' dir='ltr'><strong>dici</strong></span> <span class='ocrx_word' id='word_1_339' title='bbox 748 1702 923 1740; x_wconf 85' lang='lat' dir='ltr'><strong>putantur,</strong></span> <span class='ocrx_word' id='word_1_340' title='bbox 952 1698 1117 1741; x_wconf 85' lang='lat' dir='ltr'><strong>quidquid</strong></span> <span class='ocrx_word' id='word_1_341' title='bbox 1142 1711 1181 1732; x_wconf 84' lang='lat' dir='ltr'><strong>ex</strong></span> <span class='ocrx_word' id='word_1_342' title='bbox 1205 1699 1378 1731; x_wconf 82' lang='lat' dir='ltr'><strong>arboribus</strong></span> <span class='ocrx_word' id='word_1_343' title='bbox 1400 1698 1532 1731; x_wconf 88' lang='lat' dir='ltr'><strong>minutis</strong></span> <span class='ocrx_word' id='word_1_344' title='bbox 1555 1697 1784 1738; x_wconf 83' lang='lat' dir='ltr'><strong>surculorum,</strong></span> <span class='ocrx_word' id='word_1_345' title='bbox 1811 1696 2012 1729; x_wconf 81' lang='lat' dir='ltr'><strong>foliorumve</strong></span> <span class='ocrx_word' id='word_1_346' title='bbox 2036 1695 2134 1731; x_wconf 77' lang='lat' dir='ltr'><strong>cadit.</strong></span> 
     </span>
     <span class='ocr_line' id='line_1_31' title="bbox 201 1742 1046 1787; baseline 0.02 -22"><span class='ocrx_word' id='word_1_347' title='bbox 201 1742 232 1766; x_wconf 84' lang='lat' dir='ltr'><strong>·s.</strong></span> <span class='ocrx_word' id='word_1_348' title='bbox 252 1743 327 1772; x_wconf 77' lang='lat' dir='ltr'><strong>cadit.</strong></span> <span class='ocrx_word' id='word_1_349' title='bbox 353 1742 442 1775; x_wconf 83' lang='lat' dir='ltr'><strong>velut</strong></span> <span class='ocrx_word' id='word_1_350' title='bbox 468 1744 630 1787; x_wconf 85' lang='lat' dir='ltr'><strong>quidquid</strong></span> <span class='ocrx_word' id='word_1_351' title='bbox 658 1746 773 1780; x_wconf 87' lang='lat' dir='ltr'><strong>cadiae</strong></span> <span class='ocrx_word' id='word_1_352' title='bbox 786 1749 807 1780; x_wconf 83' lang='lat'><strong>*.</strong></span> <span class='ocrx_word' id='word_1_353' title='bbox 862 1748 1046 1782; x_wconf 85' lang='lat' dir='ltr'><strong>Caecilius:</strong></span> 
     </span>
     <span class='ocr_line' id='line_1_32' title="bbox 455 1795 1671 1846; baseline 0.004 -19"><span class='ocrx_word' id='word_1_354' title='bbox 455 1795 710 1839; x_wconf 83' lang='lat' dir='ltr'><strong>quisquilias</strong></span> <span class='ocrx_word' id='word_1_355' title='bbox 738 1799 923 1834; x_wconf 84' lang='lat' dir='ltr'><strong>volantis</strong></span> <span class='ocrx_word' id='word_1_356' title='bbox 950 1801 1062 1834; x_wconf 87' lang='lat' dir='ltr'><strong>venti</strong></span> <span class='ocrx_word' id='word_1_357' title='bbox 1090 1802 1232 1846; x_wconf 84' lang='lat' dir='ltr'><strong>spolia</strong></span> <span class='ocrx_word' id='word_1_358' title='bbox 1258 1800 1512 1834; x_wconf 83' lang='lat' dir='ltr'><strong>memoranti</strong></span> <span class='ocrx_word' id='word_1_359' title='bbox 1541 1800 1671 1833; x_wconf 90' lang='lat' dir='ltr'><strong>modo.</strong></span> 
     </span>
     <span class='ocr_line' id='line_1_33' title="bbox 352 1846 824 1894; baseline 0.019 -19"><span class='ocrx_word' id='word_1_360' title='bbox 352 1851 384 1876; x_wconf 80' lang='lat' dir='ltr'><strong>et</strong></span> <span class='ocrx_word' id='word_1_361' title='bbox 410 1846 532 1880; x_wconf 89' lang='lat' dir='ltr'><strong>Novius</strong></span> <span class='ocrx_word' id='word_1_362' title='bbox 558 1848 592 1880; x_wconf 86' lang='lat' dir='ltr'><strong>iu</strong></span> <span class='ocrx_word' id='word_1_363' title='bbox 618 1849 824 1894; x_wconf 82' lang='lat' dir='ltr'><strong>Togularia:</strong></span> 
     </span>
     <span class='ocr_line' id='line_1_34' title="bbox 455 1898 1780 1947; baseline 0.004 -18"><span class='ocrx_word' id='word_1_364' title='bbox 455 1898 522 1930; x_wconf 85' lang='lat' dir='ltr'><strong>abi</strong></span> <span class='ocrx_word' id='word_1_365' title='bbox 550 1899 734 1934; x_wconf 81' lang='lat' dir='ltr'><strong>deturba</strong></span> <span class='ocrx_word' id='word_1_366' title='bbox 760 1907 801 1935; x_wconf 85' lang='lat' dir='ltr'><strong>te</strong></span> <span class='ocrx_word' id='word_1_367' title='bbox 827 1913 947 1943; x_wconf 81' lang='lat' dir='ltr'><strong>saxo,</strong></span> <span class='ocrx_word' id='word_1_368' title='bbox 979 1903 1106 1936; x_wconf 88' lang='lat' dir='ltr'><strong>homo</strong></span> <span class='ocrx_word' id='word_1_369' title='bbox 1134 1915 1233 1945; x_wconf 89' lang='lat' dir='ltr'><strong>non,</strong></span> <span class='ocrx_word' id='word_1_370' title='bbox 1264 1903 1537 1947; x_wconf 82' lang='lat' dir='ltr'><strong>quisquiliae.</strong></span> <span class='ocrx_word' id='word_1_371' title='bbox 1565 1902 1666 1947; x_wconf 88' lang='lat' dir='ltr'><strong>quid</strong></span> <span class='ocrx_word' id='word_1_372' title='bbox 1694 1901 1780 1935; x_wconf 83' lang='lat' dir='ltr'><strong>est?</strong></span> 
     </span>
     <span class='ocr_line' id='line_1_35' title="bbox 356 1945 2135 2008; baseline 0.002 -31"><span class='ocrx_word' id='word_1_373' title='bbox 356 1945 619 1992; x_wconf 71' lang='lat' dir='ltr'><strong>Quintipor2</strong></span> <span class='ocrx_word' id='word_1_374' title='bbox 646 1954 764 1986; x_wconf 82' lang='lat' dir='ltr'><strong>servile</strong></span> <span class='ocrx_word' id='word_1_375' title='bbox 791 1965 913 1987; x_wconf 86' lang='lat' dir='ltr'><strong>nomen</strong></span> <span class='ocrx_word' id='word_1_376' title='bbox 939 1955 1094 1999; x_wconf 81' lang='lat' dir='ltr'><strong>frequens</strong></span> <span class='ocrx_word' id='word_1_377' title='bbox 1121 1956 1213 2000; x_wconf 86' lang='lat' dir='ltr'><strong>apud</strong></span> <span class='ocrx_word' id='word_1_378' title='bbox 1241 1956 1392 1999; x_wconf 84' lang='lat' dir='ltr'><strong>antiquos</strong></span> <span class='ocrx_word' id='word_1_379' title='bbox 1421 1960 1510 1995; x_wconf 86' lang='lat' dir='ltr'><strong>erat,</strong></span> <span class='ocrx_word' id='word_1_380' title='bbox 1541 1967 1559 1987; x_wconf 88' lang='lat' dir='ltr'><strong>a</strong></span> <span class='ocrx_word' id='word_1_381' title='bbox 1586 1953 1804 2000; x_wconf 87' lang='lat' dir='ltr'><strong>praenomine</strong></span> <span class='ocrx_word' id='word_1_382' title='bbox 1830 1951 1956 1983; x_wconf 85' lang='lat' dir='ltr'><strong>domini</strong></span> <span class='ocrx_word' id='word_1_383' title='bbox 1985 1950 2135 2008; x_wconf 75' lang='lat' dir='ltr'><strong>ductum,</strong></span> 
     </span>
     <span class='ocr_line' id='line_1_36' title="bbox 203 1995 2136 2051; baseline 0.003 -21"><span class='ocrx_word' id='word_1_384' title='bbox 203 1997 235 2021; x_wconf 62' lang='grc' dir='ltr'><strong>Ὗ·</strong></span> <span class='ocrx_word' id='word_1_385' title='bbox 251 1997 390 2031; x_wconf 68' lang='lat' dir='ltr'><strong>Caiporut</strong></span> <span class='ocrx_word' id='word_1_386' title='bbox 412 1995 601 2044; x_wconf 81' lang='lat' dir='ltr'><strong>Marcipor,</strong></span> <span class='ocrx_word' id='word_1_387' title='bbox 644 2005 784 2049; x_wconf 84' lang='lat' dir='ltr'><strong>gripor*</strong></span> <span class='ocrx_word' id='word_1_388' title='bbox 812 2007 962 2050; x_wconf 85' lang='lat' dir='ltr'><strong>quamvis</strong></span> <span class='ocrx_word' id='word_1_389' title='bbox 987 2008 1067 2049; x_wconf 86' lang='lat' dir='ltr'><strong>siut,</strong></span> <span class='ocrx_word' id='word_1_390' title='bbox 1109 2008 1165 2051; x_wconf 90' lang='lat' dir='ltr'><strong>qui</strong></span> <span class='ocrx_word' id='word_1_391' title='bbox 1191 2019 1211 2040; x_wconf 89' lang='lat' dir='ltr'><strong>a</strong></span> <span class='ocrx_word' id='word_1_392' title='bbox 1238 2018 1378 2041; x_wconf 91' lang='lat' dir='ltr'><strong>numero</strong></span> <span class='ocrx_word' id='word_1_393' title='bbox 1407 2012 1559 2039; x_wconf 83' lang='lat' dir='ltr'><strong>natorum</strong></span> <span class='ocrx_word' id='word_1_394' title='bbox 1586 2018 1626 2039; x_wconf 80' lang='lat' dir='ltr'><strong>ex</strong></span> <span class='ocrx_word' id='word_1_395' title='bbox 1653 2005 1773 2038; x_wconf 83' lang='lat' dir='ltr'><strong>ancilla</strong></span> <span class='ocrx_word' id='word_1_396' title='bbox 1799 2003 1915 2047; x_wconf 88' lang='lat' dir='ltr'><strong>quinto</strong></span> <span class='ocrx_word' id='word_1_397' title='bbox 1942 2003 2036 2045; x_wconf 83' lang='lat' dir='ltr'><strong>loco,</strong></span> <span class='ocrx_word' id='word_1_398' title='bbox 2082 2000 2136 2033; x_wconf 78' lang='lat' dir='ltr'><strong>dt—</strong></span> 
     </span>
     <span class='ocr_line' id='line_1_37' title="bbox 220 2047 1876 2103; baseline 0.011 -33"><span class='ocrx_word' id='word_1_399' title='bbox 220 2047 252 2071; x_wconf 78' lang='lat' dir='ltr'><strong>·r.</strong></span> <span class='ocrx_word' id='word_1_400' title='bbox 275 2048 319 2074; x_wconf 76' lang='lat' dir='ltr'><strong>XI.</strong></span> <span class='ocrx_word' id='word_1_401' title='bbox 355 2052 443 2079; x_wconf 85' lang='lat' dir='ltr'><strong>ctum</strong></span> <span class='ocrx_word' id='word_1_402' title='bbox 473 2058 597 2091; x_wconf 83' lang='lat' dir='ltr'><strong>putent.</strong></span> <span class='ocrx_word' id='word_1_403' title='bbox 649 2056 818 2101; x_wconf 83' lang='lat' dir='ltr'><strong>Quippe</strong></span> <span class='ocrx_word' id='word_1_404' title='bbox 845 2058 1032 2103; x_wconf 84' lang='lat' dir='ltr'><strong>significare</strong></span> <span class='ocrx_word' id='word_1_405' title='bbox 1060 2059 1140 2103; x_wconf 88' lang='lat' dir='ltr'><strong>quid</strong></span> <span class='ocrx_word' id='word_1_406' title='bbox 1167 2059 1217 2100; x_wconf 88' lang='lat' dir='ltr'><strong>ni,</strong></span> <span class='ocrx_word' id='word_1_407' title='bbox 1261 2058 1449 2092; x_wconf 82' lang='lat' dir='ltr'><strong>testimonio</strong></span> <span class='ocrx_word' id='word_1_408' title='bbox 1477 2064 1524 2091; x_wconf 84' lang='lat' dir='ltr'><strong>est</strong></span> <span class='ocrx_word' id='word_1_409' title='bbox 1551 2057 1675 2091; x_wconf 87' lang='lat' dir='ltr'><strong>Ennius</strong></span> <span class='ocrx_word' id='word_1_410' title='bbox 1701 2057 1740 2090; x_wconf 90' lang='lat' dir='ltr'><strong>L.</strong></span> <span class='ocrx_word' id='word_1_411' title='bbox 1761 2055 1876 2089; x_wconf 80' lang='lat' dir='ltr'>XL.*:</span> 
     </span>
     <span class='ocr_line' id='line_1_38' title="bbox 358 2102 1555 2184; baseline 0.004 -47"><span class='ocrx_word' id='word_1_412' title='bbox 358 2146 390 2179; x_wconf 45' lang='lat'><strong>·¹</strong></span> <span class='ocrx_word' id='word_1_413' title='bbox 458 2102 618 2184; x_wconf 42' lang='lat' dir='ltr'><strong>‘lllligpe</strong></span> <span class='ocrx_word' id='word_1_414' title='bbox 645 2109 781 2142; x_wconf 86' lang='lat' dir='ltr'><strong>solent</strong></span> <span class='ocrx_word' id='word_1_415' title='bbox 805 2121 932 2155; x_wconf 84' lang='lat' dir='ltr'><strong>reges</strong></span> <span class='ocrx_word' id='word_1_416' title='bbox 959 2121 1099 2144; x_wconf 87' lang='lat' dir='ltr'><strong>omnes</strong></span> <span class='ocrx_word' id='word_1_417' title='bbox 1124 2111 1166 2144; x_wconf 87' lang='lat' dir='ltr'><strong>in</strong></span> <span class='ocrx_word' id='word_1_418' title='bbox 1192 2111 1321 2145; x_wconf 85' lang='lat' dir='ltr'><strong>rebus</strong></span> <span class='ocrx_word' id='word_1_419' title='bbox 1348 2109 1555 2144; x_wconf 82' lang='lat' dir='ltr'><strong>secundis.</strong></span> 
     </span>
     <span class='ocr_line' id='line_1_39' title="bbox 358 2154 638 2187; baseline 0.021 -9"><span class='ocrx_word' id='word_1_420' title='bbox 358 2158 378 2179; x_wconf 84' lang='lat' dir='ltr'><strong>u</strong></span> <span class='ocrx_word' id='word_1_421' title='bbox 395 2159 445 2180; x_wconf 88' lang='lat' dir='ltr'><strong>em</strong></span> <span class='ocrx_word' id='word_1_422' title='bbox 505 2178 511 2183; x_wconf 94' lang='lat'>.</span> <span class='ocrx_word' id='word_1_423' title='bbox 553 2154 638 2187; x_wconf 70' lang='lat' dir='ltr'>&#39;V1.:</span> 
     </span>
    </p>
   </div>
   <div class='ocr_carea' id='block_1_3' title="bbox 458 2202 1634 2247">
    <p class='ocr_par' dir='ltr' id='par_1_3' title="bbox 458 2202 1634 2247">
     <span class='ocr_line' id='line_1_40' title="bbox 458 2202 1634 2247; baseline -0.003 0"><span class='ocrx_word' id='word_1_424' title='bbox 458 2202 618 2247; x_wconf 65' lang='lat' dir='ltr'><strong>‘lUlPPss</strong></span> <span class='ocrx_word' id='word_1_425' title='bbox 644 2214 810 2244; x_wconf 80' lang='lat' dir='ltr'><strong>vetusta</strong></span> <span class='ocrx_word' id='word_1_426' title='bbox 836 2213 968 2246; x_wconf 89' lang='lat' dir='ltr'><strong>virum</strong></span> <span class='ocrx_word' id='word_1_427' title='bbox 997 2224 1077 2246; x_wconf 92' lang='lat' dir='ltr'><strong>non</strong></span> <span class='ocrx_word' id='word_1_428' title='bbox 1104 2218 1164 2246; x_wconf 89' lang='lat' dir='ltr'><strong>est</strong></span> <span class='ocrx_word' id='word_1_429' title='bbox 1190 2214 1292 2246; x_wconf 87' lang='lat' dir='ltr'><strong>satis</strong></span> <span class='ocrx_word' id='word_1_430' title='bbox 1319 2213 1436 2246; x_wconf 89' lang='lat' dir='ltr'><strong>bella</strong></span> <span class='ocrx_word' id='word_1_431' title='bbox 1464 2211 1634 2245; x_wconf 87' lang='lat' dir='ltr'><strong>moveri.</strong></span> 
     </span>
    </p>
   </div>
   <div class='ocr_carea' id='block_1_4' title="bbox 357 2297 2132 2478">
    <p class='ocr_par' dir='ltr' id='par_1_4' title="bbox 357 2297 2132 2478">
     <span class='ocr_line' id='line_1_41' title="bbox 359 2297 2131 2352; baseline 0.002 -25"><span class='ocrx_word' id='word_1_432' title='bbox 359 2297 557 2331; x_wconf 64' lang='lat' dir='ltr'><strong>Aulia-tirum.</strong></span> <span class='ocrx_word' id='word_1_433' title='bbox 597 2303 697 2333; x_wconf 83' lang='lat' dir='ltr'><strong>Funus</strong></span> <span class='ocrx_word' id='word_1_434' title='bbox 719 2307 909 2347; x_wconf 87' lang='lat' dir='ltr'><strong>indietivum‚</strong></span> <span class='ocrx_word' id='word_1_435' title='bbox 933 2313 969 2341; x_wconf 85' lang='lat' dir='ltr'><strong>ad</strong></span> <span class='ocrx_word' id='word_1_436' title='bbox 993 2314 1071 2351; x_wconf 87' lang='lat' dir='ltr'><strong>quod</strong></span> <span class='ocrx_word' id='word_1_437' title='bbox 1087 2324 1140 2352; x_wconf 85' lang='lat' dir='ltr'><strong>per</strong></span> <span class='ocrx_word' id='word_1_438' title='bbox 1157 2324 1223 2352; x_wconf 83' lang='lat' dir='ltr'><strong>pre·</strong></span> <span class='ocrx_word' id='word_1_439' title='bbox 1273 2314 1398 2351; x_wconf 70' lang='lat' dir='ltr'><strong>Quiris,</strong></span> <span class='ocrx_word' id='word_1_440' title='bbox 1439 2323 1475 2341; x_wconf 85' lang='lat' dir='ltr'><strong>ex</strong></span> <span class='ocrx_word' id='word_1_441' title='bbox 1502 2312 1581 2341; x_wconf 78' lang='lat' dir='ltr'><strong>Festi</strong></span> <span class='ocrx_word' id='word_1_442' title='bbox 1613 2312 1776 2348; x_wconf 76' lang='lat' dir='ltr'><strong>fragmento</strong></span> <span class='ocrx_word' id='word_1_443' title='bbox 1805 2312 1931 2348; x_wconf 79' lang='lat' dir='ltr'><strong>apparet</strong></span> <span class='ocrx_word' id='word_1_444' title='bbox 1963 2305 2131 2351; x_wconf 72' lang='lat' dir='ltr'><strong>manifesto:</strong></span> 
     </span>
     <span class='ocr_line' id='line_1_42' title="bbox 359 2345 2132 2396; baseline 0.005 -28"><span class='ocrx_word' id='word_1_445' title='bbox 359 2352 462 2371; x_wconf 63' lang='lat' dir='ltr'><strong>sonem</strong></span> <span class='ocrx_word' id='word_1_446' title='bbox 487 2345 700 2378; x_wconf 65' lang='lat' dir='ltr'><strong>avocabantur.</strong></span> <span class='ocrx_word' id='word_1_447' title='bbox 745 2350 837 2381; x_wconf 71' lang='lat' dir='ltr'><strong>Varro</strong></span> <span class='ocrx_word' id='word_1_448' title='bbox 862 2354 912 2384; x_wconf 85' lang='lat' dir='ltr'><strong>lib.</strong></span> <span class='ocrx_word' id='word_1_449' title='bbox 931 2358 961 2386; x_wconf 88' lang='lat'><strong>6.</strong></span> <span class='ocrx_word' id='word_1_450' title='bbox 993 2356 1029 2384; x_wconf 88' lang='lat' dir='ltr'><strong>de</strong></span> <span class='ocrx_word' id='word_1_451' title='bbox 1053 2357 1134 2395; x_wconf 83' lang='lat' dir='ltr'><strong>Ling.</strong></span> <span class='ocrx_word' id='word_1_452' title='bbox 1159 2357 1220 2386; x_wconf 75' lang='lat' dir='ltr'><strong>Lat.</strong></span> <span class='ocrx_word' id='word_1_453' title='bbox 1271 2356 1371 2395; x_wconf 82' lang='lat' dir='ltr'><strong>itaque</strong></span> <span class='ocrx_word' id='word_1_454' title='bbox 1401 2355 1559 2394; x_wconf 82' lang='lat' dir='ltr'><strong>legendum</strong></span> <span class='ocrx_word' id='word_1_455' title='bbox 1599 2354 1677 2393; x_wconf 85' lang='lat' dir='ltr'><strong>apud</strong></span> <span class='ocrx_word' id='word_1_456' title='bbox 1706 2353 1888 2386; x_wconf 82' lang='lat' dir='ltr'><strong>Varronem,</strong></span> <span class='ocrx_word' id='word_1_457' title='bbox 1929 2349 2029 2396; x_wconf 47' lang='lat' dir='ltr'><strong>Qllus.</strong></span> <span class='ocrx_word' id='word_1_458' title='bbox 2051 2347 2132 2384; x_wconf 68' lang='lat' dir='ltr'><strong>Qut-</strong></span> 
     </span>
     <span class='ocr_line' id='line_1_43' title="bbox 358 2384 2132 2434; baseline 0.008 -23"><span class='ocrx_word' id='word_1_459' title='bbox 358 2384 390 2412; x_wconf 88' lang='lat' dir='ltr'><strong>ln</strong></span> <span class='ocrx_word' id='word_1_460' title='bbox 429 2384 583 2416; x_wconf 75' lang='lat' dir='ltr'><strong>funeribus</strong></span> <span class='ocrx_word' id='word_1_461' title='bbox 618 2388 768 2419; x_wconf 80' lang='lat' dir='ltr'><strong>indictivis</strong></span> <span class='ocrx_word' id='word_1_462' title='bbox 808 2397 925 2431; x_wconf 82' lang='lat' dir='ltr'><strong>quando</strong></span> <span class='ocrx_word' id='word_1_463' title='bbox 961 2396 1094 2434; x_wconf 86' lang='lat' dir='ltr'><strong>dicitur,</strong></span> <span class='ocrx_word' id='word_1_464' title='bbox 1144 2399 1223 2427; x_wconf 82' lang='lat' dir='ltr'><strong>ellus</strong></span> <span class='ocrx_word' id='word_1_465' title='bbox 1271 2400 1316 2426; x_wconf 70' lang='lat' dir='ltr'><strong>ris</strong></span> <span class='ocrx_word' id='word_1_466' title='bbox 1353 2399 1430 2426; x_wconf 73' lang='lat' dir='ltr'><strong>letho</strong></span> <span class='ocrx_word' id='word_1_467' title='bbox 1468 2397 1562 2426; x_wconf 73' lang='lat' dir='ltr'><strong>datus</strong></span> <span class='ocrx_word' id='word_1_468' title='bbox 1597 2402 1664 2432; x_wconf 42' lang='lat' dir='ltr'><strong>ets-l,</strong></span> <span class='ocrx_word' id='word_1_469' title='bbox 1713 2395 1781 2424; x_wconf 85' lang='lat' dir='ltr'><strong>vide</strong></span> <span class='ocrx_word' id='word_1_470' title='bbox 1817 2393 1894 2422; x_wconf 73' lang='lat' dir='ltr'><strong>infra</strong></span> <span class='ocrx_word' id='word_1_471' title='bbox 1932 2400 1964 2420; x_wconf 78' lang='lat' dir='ltr'><strong>ln</strong></span> <span class='ocrx_word' id='word_1_472' title='bbox 2000 2387 2132 2425; x_wconf 73' lang='lat' dir='ltr'><strong>s,mplu—</strong></span> 
     </span>
     <span class='ocr_line' id='line_1_44' title="bbox 357 2425 2132 2478; baseline 0.005 -24"><span class='ocrx_word' id='word_1_473' title='bbox 357 2425 437 2456; x_wconf 79' lang='lat' dir='ltr'><strong>letho</strong></span> <span class='ocrx_word' id='word_1_474' title='bbox 464 2427 553 2459; x_wconf 76' lang='lat' dir='ltr'><strong>datus</strong></span> <span class='ocrx_word' id='word_1_475' title='bbox 584 2436 636 2460; x_wconf 83' lang='lat' dir='ltr'><strong>est.</strong></span> <span class='ocrx_word' id='word_1_476' title='bbox 667 2432 697 2460; x_wconf 88' lang='lat' dir='ltr'><strong>iu</strong></span> <span class='ocrx_word' id='word_1_477' title='bbox 729 2433 837 2471; x_wconf 83' lang='lat' dir='ltr'><strong>quibus</strong></span> <span class='ocrx_word' id='word_1_478' title='bbox 865 2438 961 2466; x_wconf 87' lang='lat' dir='ltr'><strong>verbis</strong></span> <span class='ocrx_word' id='word_1_479' title='bbox 993 2438 1094 2469; x_wconf 79' lang='lat' dir='ltr'><strong>deesse</strong></span> <span class='ocrx_word' id='word_1_480' title='bbox 1117 2451 1222 2470; x_wconf 82' lang='lat' dir='ltr'><strong>vocem</strong></span> <span class='ocrx_word' id='word_1_481' title='bbox 1271 2441 1378 2470; x_wconf 77' lang='lat' dir='ltr'><strong>diarea.</strong></span> <span class='ocrx_word' id='word_1_482' title='bbox 1423 2440 1499 2470; x_wconf 71' lang='lat' dir='ltr'><strong>Urs.</strong></span> <span class='ocrx_word' id='word_1_483' title='bbox 1526 2455 1563 2462; x_wconf 87' lang='lat'><strong>—-·</strong></span> <span class='ocrx_word' id='word_1_484' title='bbox 1600 2437 1625 2478; x_wconf 86' lang='lat'><strong>1)</strong></span> <span class='ocrx_word' id='word_1_485' title='bbox 1650 2438 1692 2466; x_wconf 89' lang='lat' dir='ltr'><strong>Cf.</strong></span> <span class='ocrx_word' id='word_1_486' title='bbox 1716 2436 1855 2474; x_wconf 81' lang='lat' dir='ltr'><strong>Scaligeri</strong></span> <span class='ocrx_word' id='word_1_487' title='bbox 1878 2437 1977 2463; x_wconf 79' lang='lat' dir='ltr'><strong>notam</strong></span> <span class='ocrx_word' id='word_1_488' title='bbox 2001 2430 2037 2459; x_wconf 78' lang='lat' dir='ltr'><strong>ud</strong></span> <span class='ocrx_word' id='word_1_489' title='bbox 2061 2429 2089 2460; x_wconf 80' lang='lat' dir='ltr'><strong>h.</strong></span> <span class='ocrx_word' id='word_1_490' title='bbox 2116 2430 2132 2458; x_wconf 90' lang='lat' dir='ltr'><strong>l·</strong></span> 
     </span>
    </p>
   </div>
  </div>
 </body>
</html>
