2263 2668
525 117 588 149 DE
615 115 1001 151 SIGNIFICATIONE
1029 115 1312 152 VERBORUM.
1365 119 1510 154 LIBER
1536 120 1624 155 xlv.

1977 124 2047 157 121

101 212 295 247 Pararium
322 222 377 243 aes
404 210 638 254 appellabatur
664 210 717 250 id,
759 210 849 254 quod
879 209 1043 253 equitibus
1071 209 1196 254 duplex
1222 223 1286 254 pro
1314 213 1397 245 binis
1425 215 1517 257 equis
1544 214 1693 248 dabatur.

102 259 282 298 Ριιννίοἱ33
309 267 500 306 quaestores
535 262 811 306 appellabantur,
861 263 917 304 qui
952 261 1104 294 solebant
1137 263 1240 294 creari
1274 274 1372 296 causa
1405 276 1515 298 rerum
1549 267 1738 311 capitalium
1772 267 2047 310 quaerendarum.

204 316 290 347 Nam
317 313 483 358 parricida
494 310 518 330 ³⁴
541 325 608 346 non
635 314 747 357 utique
774 314 817 355 is,
858 313 914 356 qui
938 318 1112 357 parentem
1141 314 1331 355 occidisset,
1375 315 1567 359 dicebatur,
1603 319 1661 351 sed
1689 319 1953 362 qualemcunque
1980 320 2046 352 ho—

203 366 334 399 minem.

388 365 428 397 ld
454 371 563 398 autem
591 365 636 398 ita
661 365 760 398 fuisse
770 362 795 382 ³³
816 365 940 398 indicat
966 365 1018 397 lex
1045 365 1176 397 Numae
1200 366 1356 410 Pompilii
1382 368 1468 412 regis
1478 365 1512 410 ³⁰,
1548 369 1599 402 his
1627 371 1814 415 composita
1840 371 1966 404 verbis:
2006 371 2046 405 Sa·

204 418 262 462 qai
272 414 297 434 ³³
319 417 491 450 hominem
518 416 665 450 liberum
693 413 808 450 dolo³⁸
830 416 939 449 sciens
965 416 1069 448 morti
1079 412 1104 432 ³⁹
1127 416 1203 449 duit
1213 413 1248 457 ⁴⁰,
1275 416 1496 462 Ρανίςίιίαε41
1522 418 1633 453 estoff.

101 470 304 514 Parampcr
329 469 493 513 significat
517 468 706 512 paulisper,
739 468 830 511 quasi
856 479 1057 512 perparvum

203 526 343 564 tempus,

101 573 343 616 Parasangae
353 567 377 587 ⁴⁰
400 569 490 613 apud
516 570 632 603 Persas
658 571 784 604 viarum
813 582 994 605 mensurae.

1068 463 1093 484 4³

1094 491 1103 507 ,
1144 467 1212 502 hoc
1240 474 1287 501 est
1313 469 1412 503 valde
1438 469 1627 515 parvum⁴⁴;
1667 472 1807 506 refertur
1833 479 1943 507 autem
1954 470 1979 491 ⁴⁵
2002 474 2045 507 ad

101 624 255 657 Penuria
284 628 331 655 est
356 622 391 654 id
402 618 436 661 ⁴⁷,
477 621 568 664 quod
597 634 705 666 paene
732 623 836 655 minus
863 623 918 666 sit,
960 633 1059 665 quam
1087 633 1219 655 necesse
1246 630 1302 656 est.

102 675 250 709 Pellices
276 685 363 707 nunc
387 672 522 716 quidem
549 671 795 718 appellantur⁴⁸
816 670 963 706 alienis⁴⁹

202 726 339 769 Antiqui
365 725 502 769 proprie
529 736 601 757 eam
629 722 822 770 pellicem⁵⁰

983 674 1236 707 succumbentes
1263 686 1329 707 non
1355 676 1462 708 solum
1497 677 1658 718 feminae,
1705 678 1764 710 sed
1799 679 1897 712 etiam
1926 691 2042 713 mares.

844 726 1074 766 nominabant,
1124 737 1211 768 quae
1246 737 1383 759 uxorem
1419 727 1555 760 habenti
1587 726 1776 761 nubebat⁵¹.

202 779 376 811 mulierum
405 777 502 809 etiam
528 787 640 820 poena
667 777 840 810 constituta
868 783 916 809 est
942 789 961 809 a
988 778 1098 810 Numa
1123 777 1293 821 Pompilio
1322 778 1388 812 hac
1413 779 1507 824 lege:

1837 730 1901 764 Cui
1927 733 2043 776 generi

1552 780 1677 813 Pellem
1703 792 1807 814 aram
1833 782 1975 817 Iunonis
2000 794 2043 817 ne

202 830 360 874 tangi!o;
391 828 422 861 si
447 831 592 872 tanget,
625 828 749 861 Iunoni
777 828 927 861 crinibus
953 825 1145 862 demissis⁵²
1169 841 1305 874 agnam
1318 826 1566 875 ⁵³sevni11a771⁵¹
1588 832 1735 865 caedito.

100 881 283 914 Paedidos
309 879 461 912 sordidos
488 879 653 923 significat
676 886 774 923 atque
800 880 978 913 obsoletos.

1039 880 1200 914 Tractum
1228 882 1430 914 vocabulum
1457 894 1476 915 a
1503 883 1654 926 Graeco,
1695 883 1773 927 quia
1799 881 1964 927 naidegffi,
2005 886 2040 919 id

205 938 251 965 est
279 931 373 976 pueri
400 931 472 963 talis
499 931 560 963 sint
586 931 717 973 aetatis,
752 937 788 965 ut
815 944 834 963 a
860 931 1011 964 sordibus
1038 933 1182 966 nesciant
1208 933 1371 966 abstinere
1381 929 1414 965 ⁵⁶.

101 980 262 1018 Paeun⁵⁷
286 983 478 1027 Apollinem
506 988 725 1023 vocaverunt,
768 983 860 1026 quod
893 983 1086 1027 sagittarum
1118 984 1184 1018 ictu
1220 996 1295 1017 eum
1330 996 1452 1019 nocere
1481 985 1651 1030 putabant.

397 1034 479 1075 Alii,
523 1034 615 1077 quod
643 1035 827 1067 remedians
854 1031 1011 1067 morbis³⁹
1033 1035 1133 1068 finem
1161 1035 1287 1068 faceret
1312 1037 1384 1069 talis
1411 1037 1588 1082 gravitatiS.

627 1085 711 1118 Inde
739 1087 825 1119 enim
852 1086 996 1130 profecti
1024 1086 1128 1121 ductu
1156 1084 1332 1120 Volsimi⁰⁰
1352 1089 1459 1133 regi5‚
1506 1089 1560 1122 cui
1587 1099 1776 1133 cognomen
1802 1089 1863 1122 fuit
1889 1090 2042 1132 Lucullo,

804 1137 911 1170 Huius
937 1138 1070 1170 fuerunt
1095 1143 1233 1183 nepotes
1260 1140 1420 1181 Pacinus,
1469 1152 1488 1172 a
1514 1152 1581 1184 quo
1609 1140 1798 1181 Pacinates,
1845 1145 1877 1173 et
1902 1142 2043 1184 Pelicus,

201 1035 301 1068 ferire
311 1032 344 1067 ⁵⁸.

102 1087 247 1132 Peligni
274 1098 312 1119 ex
339 1086 474 1129 Illyrico
503 1086 574 1118 orti.

202 1143 330 1183 partem
353 1137 468 1170 ltaliae
495 1143 699 1182 occuparunt
710 1133 742 1170 ⁶¹.

202 1202 221 1222 a
247 1201 314 1232 quo
341 1189 484 1233 Peligni.

1711 987 1767 1019 Est
1802 987 1888 1020 enim
1922 988 2041 1024 παίειν

100 1241 210 1275 Pales
236 1241 408 1275 dicebatur
435 1239 499 1272 dea
525 1244 713 1283 pastorum,
747 1239 838 1272 cuius
865 1239 949 1272 festa
972 1236 1126 1273 Parilia⁰²
1148 1241 1361 1281 dicebantur3
1395 1242 1447 1275 vel
1458 1238 1492 1280 ⁶3,
1528 1248 1561 1274 ut
1588 1242 1642 1275 alii
1670 1243 1800 1283 volunt,
1833 1242 1922 1276 dicta
1948 1245 2042 1277 Pari-

200 1293 259 1332 lia,
301 1288 427 1335 quodffl
449 1302 513 1335 pro
540 1296 637 1335 partu
663 1291 795 1335 pecoris
822 1291 931 1324 eidem
958 1303 1051 1325 sacra
1077 1292 1210 1325 fiebant.

100 1343 231 1377 Partus
258 1350 290 1377 et
317 1355 379 1388 pro
405 1342 574 1376 nascendo
601 1343 736 1387 ponitur
763 1348 794 1375 et
820 1353 883 1387 pro
911 1348 1038 1386 parato.

470 1394 573 1427 Male
596 1398 708 1439 parta
735 1394 829 1426 male
856 1394 1069 1428 dilabuntur.

1091 1344 1234 1377 Naevius
1246 1356 1253 1377 ε

99 1445 257 1479 Parones
284 1446 415 1478 navium
442 1457 566 1490 genus,
609 1446 651 1478 ad
679 1447 772 1479 cuius
799 1446 1043 1479 similitudinem
1071 1457 1235 1490 myoparo
1264 1451 1409 1479 vocatur.

99 1497 230 1530 Passer
257 1498 416 1537 marinus,
458 1509 557 1540 quem
586 1503 685 1530 vocat
711 1494 865 1541 vulgus65
885 1498 1182 1531 struthocamelum
1193 1495 1226 1531 ⁶⁶.

99 1545 278 1582 Parc-stom
301 1549 462 1592 linguam
488 1549 520 1580 in
547 1549 713 1582 sacrificiis
740 1546 956 1588 dicebaturffi,
990 1550 1023 1581 id
1049 1554 1097 1582 est
1123 1553 1295 1586 coerceto,
1330 1547 1498 1580 continete
1509 1543 1543 1585 ¹⁵⁰,
1581 1551 1688 1579 taceto
1700 1543 1732 1579 ⁷⁰.

100 1596 300 1633 Pastillus-³¹
326 1600 433 1632 forma
459 1600 553 1644 parvi
580 1601 674 1644 panis
685 1597 709 1616 ⁷²
730 1600 843 1643 utique
870 1600 1100 1634 diminutivum
1128 1606 1176 1634 est
1201 1613 1219 1633 a
1248 1610 1334 1643 pane
1370 1626 1376 1632 .

101 1711 262 1751 rationem)
279 1717 307 1741 et
323 1713 378 1740 Gu.
392 1715 421 1744 2.
460 1712 635 1751 patricida-5·
650 1713 705 1742 Gu.
725 1716 750 1743 1.
796 1713 875 1741 Haec
893 1714 985 1741 forma
1001 1724 1050 1741 an-

100 1755 181 1792 tiqua
203 1764 294 1793 quum
312 1756 350 1783 sit
369 1755 397 1783 in
416 1755 533 1793 optimis
551 1755 652 1789 codd.‚
683 1765 741 1783 non
759 1755 892 1784 dubitavi
909 1756 1051 1793 recipere,

101 1807 278 1836 quamquam
301 1807 448 1836 nusquam
471 1808 517 1826 me
538 1798 657 1826 memini
679 1798 803 1826 similem
825 1798 948 1826 sormam
969 1798 999 1826 in
1018 1809 1050 1825 as

100 1849 208 1868 vocum
225 1840 391 1869 Latinarum
411 1840 515 1878 legere.
561 1841 632 1869 Nam
652 1850 726 1878 quae
744 1841 860 1868 Latinae
878 1840 1051 1869 declinatio-

99 1883 145 1911 nis
160 1882 273 1921 primae
289 1883 423 1921 exempla
439 1887 506 1911 sunt
522 1883 553 1911 in
569 1894 605 1911 as
622 1893 658 1911 ex
670 1884 780 1911 Graeca
797 1889 865 1911 sunt
882 1884 979 1920 lingua
996 1883 1050 1910 du-

100 1930 156 1954 eta.
183 1925 293 1953 Tacent
303 1925 500 1953 Grammatici.
522 1942 563 1947 —
585 1926 632 1963 42)
657 1925 729 1963 ens-lu]
746 1932 788 1953 est
802 1926 833 1955 B.
857 1941 896 1946 ——
920 1927 964 1961 43)
985 1935 1051 1962 ρει·-

93 1967 240 2006 parvum]
259 1978 423 2006 perparum
439 1969 468 1997 S.
488 1983 529 1989 -—
552 1967 596 2006 44)
614 1979 749 2006 parvam
760 1978 875 2007 parum
889 1969 915 1995 S.
939 1983 981 1988 —
1003 1965 1050 2005 45)

99 2009 218 2048 autem]
244 2020 299 2039 om.
317 2011 346 2039 L.
364 2010 397 2039 Β.
425 2025 467 2031 —
496 2009 541 2048 46)
565 2009 781 2049 Parasangae]
805 2021 862 2039 om.
879 2010 1001 2046 glossam
1020 2009 1051 2035 L.

100 2070 137 2074 —-
161 2054 206 2089 47)
230 2058 270 2080 est
287 2052 335 2090 id]
357 2052 406 2080 Sic
419 2052 458 2081 Μ.
477 2053 533 2081 Gu.
552 2055 577 2083 1.
591 2055 619 2084 2.
637 2064 681 2091 pr.
697 2055 724 2080 Sv
758 2058 799 2080 est
815 2051 897 2079 illud
912 2053 942 2079 l..
954 2052 984 2079 B.
1018 2050 1053 2078 id

99 2101 141 2123 est
157 2095 236 2132 vulg.
260 2111 300 2116 -—
323 2094 368 2132 48)
391 2094 596 2133 appellantur]
619 2096 773 2133 appellant
790 2095 819 2124 L.
849 2111 882 2115 —
909 2094 954 2132 421)
979 2093 1051 2120 alie-

98 2137 163 2176 nis]
186 2139 261 2165 viris
283 2137 350 2165 add.
372 2137 402 2165 L.
419 2137 450 2164 B.
475 2153 513 2157 -
536 2135 582 2176 50)
600 2139 723 2176 proprie
744 2147 809 2164 eam
826 2135 979 2174 pellican]
1003 2135 1051 2163 Sic

98 2181 135 2210 M.
156 2181 212 2209 Gu.
226 2182 290 2211 1.2.
318 2180 454 2217 pellicem
468 2190 531 2206 eam
544 2182 701 2217 propriam
716 2180 745 2207 L.
776 2189 841 2206 eam
851 2189 954 2216 propr.
971 2178 1050 2216 vulg.

39 2256 43 2260 .
93 2224 232 2261 pellicem
255 2232 312 2251 om.
332 2222 364 2250 B.
387 2237 429 2243 —
451 2223 498 2256 51)
521 2222 667 2260 nubebat]
691 2221 811 2249 nuberet
829 2222 858 2248 L.
904 2220 998 2248 nabat
1015 2221 1049 2249 B.

98 2276 143 2304 pr,
167 2281 209 2287 —-
230 2264 276 2302 52)
301 2264 454 2299 demissis]
480 2263 527 2292 Sic
550 2266 606 2293 Gu.
621 2268 649 2296 2.
672 2266 701 2292 S.
747 2263 883 2291 ‹limais-sis
904 2263 984 2300 vulg.
1009 2279 1051 2285 —

97 2307 145 2348 ὀύ)
168 2307 293 2347 agnam]
311 2317 426 2345 agnam
442 2307 470 2334 L.
486 2307 517 2335 B.
545 2324 579 2328 —
606 2306 650 2344 54)
668 2305 831 2344 seminam]
849 2316 904 2334 om.
919 2306 949 2334 L.
966 2306 996 2335 B.
1009 2321 1050 2327 —·

99 2352 143 2386 55)
165 2350 279 2388 παῖδες]
304 2360 360 2378 om.
378 2351 407 2377 L.
433 2366 471 2370 —
496 2351 540 2385 56)
563 2348 721 2386 abstinere]
745 2349 888 2376 abstineri
902 2348 939 2377 M.
957 2350 1049 2379 Gu.2.

149 2410 313 2439 Gmmu.
338 2420 402 2436 mr.
429 2408 461 2436 ll.

1342 1594 1367 1615 7³

1094 1729 1133 1735 —
1156 1713 1201 1749 57)
1224 1709 1340 1747 Paean]
1356 1708 1488 1738 Peanam
1502 1708 1534 1736 L.
1567 1706 1691 1736 Paeana
1705 1710 1732 1739 S,
1755 1725 1797 1730 —
1818 1712 1865 1745 58)
1887 1710 2043 1748 naletvse-

1093 1753 1164 1793 rire]
1190 1754 1290 1783 παίειν
1307 1762 1365 1780 om.
1381 1752 1412 1781 L.
1430 1751 1486 1780 Gu.
1500 1753 1526 1781 1.
1571 1749 1606 1778 id
1620 1752 1767 1788 estserire
1779 1751 1809 1780 L.
1836 1769 1869 1772 —
1896 1754 1941 1786 59)
1963 1764 2043 1781 mor-

1094 1797 1151 1835 bis]
1175 1796 1223 1824 Sic
1238 1796 1270 1825 L.
1285 1795 1317 1823 B.
1335 1794 1390 1821 Gu.
1409 1796 1435 1825 1.
1451 1796 1481 1825 2.
1497 1794 1526 1822 S.
1553 1793 1651 1821 morbi
1666 1794 1745 1832 vulg.
1769 1811 1807 1815 ——
1829 1793 1874 1833 60)
1900 1795 2042 1835 Volsimz]

1095 1850 1152 1868 om.
1168 1840 1197 1866 L.
1247 1837 1367 1866 Vols—mi
1381 1836 1436 1865 Gu.
1455 1838 1479 1866 1.
1496 1836 1524 1864 S.
1573 1836 1660 1864 Volst'
1674 1847 1718 1876 pr.
1766 1836 1944 1865 Volscorum
1958 1837 1989 1867 B.
2001 1855 2043 1860 -—

1094 1882 1139 1920 61)
1164 1878 1372 1918 occuparant]
1397 1884 1618 1916 occupaverant
1638 1879 1671 1907 B.
1715 1885 1865 1917 occupant
1881 1879 1937 1909 Gu.
1953 1883 1979 1911 1.
1995 1891 2040 1920 pr.

1093 1940 1134 1945 —
1156 1922 1202 1963 62)
1226 1921 1364 1960 Parilia]
1387 1921 1435 1949 Sic
1452 1921 1483 1949 L.
1504 1921 1559 1949 GU.
1580 1924 1604 1952 1.
1620 1923 1649 1952 2.
1667 1931 1714 1960 pr.
1758 1920 1876 1950 Palilia
1895 1922 1976 1960 vulg.
2000 1940 2041 1945 —

1094 1964 1141 2003 63)
1163 1963 1401 2002 vel—Parilia]
1425 1973 1481 1991 om.
1500 1963 1593 1994 Gu.1.
1630 1969 1664 1992 ut
1679 1973 1736 1994 om.
1749 1964 1783 1994 B.
1806 1980 1847 1985 —
1867 1962 1916 2005 64)
1940 1965 2039 2005 qaod]

1094 2009 1143 2036 Sic
1156 2009 1185 2036 L.
1200 2008 1232 2036 B.
1250 2007 1287 2035 M.
1305 2008 1360 2034 Gu.
1375 2009 1404 2038 2.
1421 2007 1450 2035 S.
1481 2007 1625 2044 quoniam
1641 2006 1720 2044 vulg.
1743 2023 1783 2029 --
1807 2005 1852 2044 65)
1877 2013 1962 2036 vocat
1976 2010 2042 2037 1¹ch-

1091 2050 1171 2089 gas]
1193 2055 1301 2078 vocant
1316 2049 1405 2086 vulgo
1426 2050 1481 2077 Gu.
1499 2052 1526 2080 l.
1549 2065 1590 2070 —
1613 2049 1660 2087 66)
1682 2048 1970 2090 struthocamelum]
1995 2052 2043 2081 Sic

1094 2088 1201 2132 scripsi
1215 2103 1230 2121 e
1242 2092 1279 2120 M.
1291 2092 1385 2122 Gu.2.
1395 2112 1403 2127 ‚
1427 2091 1459 2120 in
1474 2091 1582 2130 quibus
1598 2096 1655 2120 est:
1677 2093 1945 2129 soytocamellum.
1974 2096 2042 2122 stri.

1094 2136 1249 2164 tomellum.
1265 2135 1294 2162 L.
1307 2135 1362 2162 Gu.
1377 2136 1404 2165 1.
1422 2145 1464 2172 pr.
1507 2134 1729 2162 stratomellum
1743 2135 1774 2164 B.
1819 2137 2042 2164 stt-utomellum

1094 2180 1122 2207 S.
1146 2194 1185 2199 —
1209 2175 1256 2216 67)
1278 2175 1418 2214 Par-cito]
1440 2176 1488 2205 Sic
1506 2177 1561 2204 Gu.
1575 2179 1603 2208 2.
1647 2175 1769 2206 Ραεείιυ
1788 2178 1867 2216 vulg.
1888 2189 1955 2207 cum
1971 2179 2040 2207 reli-

1094 2221 1168 2260 quis.
1190 2236 1231 2242 —
1253 2217 1298 2260 68)
1322 2219 1493 2254 citabatur]
1517 2230 1573 2248 om.
1589 2220 1621 2247 B.
1646 2237 1684 2241 —
1708 2218 1753 2258 69)
1778 2221 1943 2259 continete]
1964 2222 2039 2248 atti-

1094 2269 1159 2292 neto
1175 2263 1207 2291 B.
1229 2278 1270 2284 —
1292 2261 1338 2301 70)
1362 2261 1474 2300 tacete]
1499 2261 1569 2290 inde
1591 2264 1767 2301 compescite
1789 2263 1857 2293 add.
1876 2264 1905 2291 L.
1928 2278 1969 2284 —-
1991 2260 2038 2301 71)

1095 2304 1261 2343 Pastillus]
1288 2303 1445 2334 Pasallius
1467 2305 1523 2333 Gu.
1540 2308 1566 2335 1.
1598 2321 1639 2327 —-
1670 2308 1713 2341 72)
1739 2306 1835 2343 parvi
1852 2304 1963 2343 panis]
1991 2303 2037 2330 sic

1095 2349 1151 2378 Gu.
1164 2351 1193 2379 2.
1233 2358 1307 2386 pan.
1320 2358 1410 2386 parv.
1427 2347 1506 2386 vulg.
1530 2363 1570 2369 —
1592 2346 1638 2386 73)
1663 2346 1785 2385 apane]
1805 2357 1861 2374 om.
1877 2347 1906 2374 L.
