2263 2668
211 100 259 134 76

625 96 767 130 PAULI
792 97 916 134 DIAC.
944 99 1201 133 EXGERPTA
1228 100 1291 133 EX
1317 99 1406 133 LIB.
1434 100 1577 135 POMP.
1606 102 1746 139 FESTI

210 193 432 238 Hippocoum
459 185 589 223 vinum¹
613 201 651 221 ex
678 190 783 222 insula
811 188 909 224 Coo²
933 192 1059 226 (lictum
1088 194 1129 226 ab
1158 205 1241 239 agro
1268 205 1452 239 generosO,
1494 196 1548 228 cui
1575 195 1720 230 nomen3
1741 203 1789 232 est
1815 199 1944 245 Hippo.

210 246 349 278 Hastae
375 238 651 276 subiiciebantur⁴
671 253 728 282 ea,
769 253 855 285 quae
882 244 1018 287 publice
1040 245 1291 287 venundabant,
1334 246 1412 289 quia
1435 247 1568 291 signum
1594 250 1814 295 praecipuum
1842 258 1889 284 est
1915 253 2018 286 hasta.
2071 255 2159 288 Nam

313 292 367 328 et⁵
390 292 667 336 Carthaginenses
694 304 798 336 quum
825 293 976 329 bellum⁶
998 296 1139 339 vellent,
1166 298 1313 330 Romam
1340 295 1491 331 hastam⁷
1511 300 1685 343 miserunt,
1722 307 1754 335 et
1773 303 1917 336 Romani
1943 305 2045 339 fortes
2071 306 2158 339 viros

313 357 412 389 saepe
439 344 534 375 hasta
562 344 737 376 donarunt.

211 396 390 430 Habitudo
417 395 550 427 habitus
577 407 768 439 corporum.

210 443 444 492 ΗαίαραηίιιΒ
463 446 627 491 significat
654 448 765 480 omnia
791 449 1020 490 mentientem,
1049 451 1092 483 ab
1120 462 1160 484 eo
1172 447 1194 492 ⁹,
1222 450 1313 494 quod
1342 451 1436 485 halet
1446 449 1471 469 ¹⁰
1490 454 1610 487 omnia.
1658 452 1809 503 ”Λλην“
1833 457 1920 490 enim
1941 457 2064 492 Graeci
2090 456 2156 506 τήν

308 495 443 545 πλάνην
454 494 488 540 ¹²,
528 497 563 530 id
593 503 639 531 est
666 499 837 533 fallentem
848 496 872 516 ¹³
896 501 1069 545 appellant
1080 498 1114 536 ¹⁴.

206 548 372 582 Habitior
394 549 561 593 pinguior.

207 601 366 634 Hostilia-‘s
392 601 515 634 laribus
543 601 778 643 immolabant,
814 599 942 646 quod¹⁵
968 604 1011 637 ab
1039 604 1090 637 his
1118 604 1229 637 hostes
1255 606 1360 638 arceri
1386 606 1558 650 putabant.

206 649 369 685 Hatlusffi
395 652 510 696 pollex
537 653 696 686 scandens
721 665 821 698 super
845 655 1055 699 proximum,
1103 656 1209 690 (lictus
1236 668 1255 688 a
1281 657 1440 691 saliendo.

309 704 475 748 significat
502 704 592 737 salio.

1505 655 1628 692 Nam¹⁷
1655 659 1813 706 ἅλλομαι
1841 658 1993 703 Graece,
2035 662 2155 695 Latine

206 754 360 788 Hammo
371 751 394 771 ¹³
416 756 688 800 cognominatus,
724 756 781 799 qui
807 756 839 788 in
867 769 966 790 arena
978 754 1002 775 ¹⁹
1020 763 1155 803 putatur
1180 759 1345 799 inventus,
1386 771 1473 803 quae
1501 761 1633 795 Graece
1659 760 1728 794 hoc
1754 759 1922 797 nomine²⁰
1943 763 2154 809 appellatum

308 806 360 839 cui
387 817 510 840 cornua
537 807 741 852 affinguntur
751 804 774 824 ²¹
802 809 910 840 arietis
937 821 956 841 a
983 821 1107 854 genere
1133 811 1285 855 pecoris,
1320 811 1404 844 inter
1429 813 1521 855 quod
1549 814 1697 846 inventus
1725 818 1781 846 est.

204 856 381 890 Horreum
408 859 533 902 antiqui
559 859 702 892 farreum
731 859 888 892 dicebant
898 857 923 876 ²²
944 873 963 893 a
990 862 1089 896 farre.

204 907 323 942 Hostis
349 909 441 953 apud
468 910 620 953 antiquos
647 911 842 955 peregrinus
870 911 1060 954 dicebatur,
1102 918 1134 946 et
1144 910 1169 930 ²³
1195 913 1252 957 qui
1278 925 1365 947 nunc
1391 913 1512 957 hostis,
1529 912 1780 960 'perduellio²⁴.

202 959 331 993 Hostia
357 961 447 994 dicta
474 959 565 1006 est²⁵‚
608 963 650 995 ab
679 973 739 1003 e0,
782 963 876 1005 quod
904 968 952 996 est
979 964 1109 998 hostire
1135 965 1244 998 ferire.

202 1010 438 1045 Hor-diarium
464 1025 537 1055 aes,
572 1013 665 1057 quod
691 1025 755 1058 pro
782 1014 916 1047 hordeo
944 1016 1046 1059 equiti
1072 1018 1227 1049 Romano
1256 1016 1406 1049 dabatur.

202 1062 456 1096 Hostimentum
484 1065 637 1098 beneficii
662 1062 857 1109 pensatioffi.

201 1112 335 1147 Hortus
360 1115 452 1160 apud
479 1117 632 1160 antiquos
659 1118 764 1149 omnis
790 1118 869 1150 villa
895 1117 1085 1159 dicebatur,
1123 1119 1216 1162 quod
1243 1119 1289 1152 ibi
1316 1120 1374 1162 qui
1401 1131 1492 1152 arma
1519 1131 1641 1166 capere
1667 1118 1837 1166 possint²⁷,
1877 1121 2046 1155 orirentur.

201 1165 373 1199 Horetum
400 1172 432 1199 et
447 1166 610 1212 farctum
636 1180 699 1213 pro
725 1169 815 1201 bono
843 1169 1009 1203 dicebant.

201 1215 461 1262 Hosticapax²³
486 1219 632 1252 hostium
660 1225 788 1264 captor.

200 1267 520 1303 Ηωηοίναῖιοηιεέ29
541 1272 596 1304 alii
620 1271 818 1316 piscatores,
853 1272 925 1313 alii,
960 1268 1051 1315 qui3⁰
1073 1283 1159 1305 unco
1187 1272 1352 1305 cadavera
1378 1273 1522 1306 trahunt.

201 1319 329 1353 Horda
354 1319 586 1367 praegnansffl,
621 1323 710 1356 unde
738 1324 826 1365 dies,
860 1334 928 1366 quo
956 1323 1115 1368 gravidae
1141 1323 1271 1357 hostiae
1297 1325 1571 1368 immolabantur,
1606 1321 1837 1361 hordicidia³².

202 1371 419 1406 Honorarios
443 1373 558 1416 ludos,
596 1386 680 1418 quos
708 1380 740 1408 et
766 1375 917 1407 liberalia
944 1376 1109 1409 (licebant.

199 1420 436 1457 Hodidocos³³
458 1426 544 1458 latro
571 1431 670 1469 atque
698 1427 850 1460 obsessor
876 1427 1012 1460 viarum.

200 1473 398 1508 Homelium
409 1472 434 1493 ³⁴
459 1477 541 1521 pilei
567 1489 681 1522 genus.

200 1524 434 1569 Hyperionem
462 1529 516 1561 alii
542 1535 671 1574 patrem
699 1529 792 1570 solis,
828 1526 916 1562 alii³⁵
938 1530 1063 1574 ipsum,
1097 1529 1189 1573 quod
1217 1526 1304 1562 eat³⁶
1328 1541 1427 1574 super
1453 1535 1570 1571 terras,
1606 1531 1650 1564 ita
1677 1530 1888 1575 appellatum
1914 1524 2119 1574 putabantffl.

201 1576 401 1612 Humanum
411 1576 436 1596 ³⁸
455 1581 653 1616 sacrificium
681 1581 853 1622 dicebant,
893 1582 985 1625 quod
1013 1582 1134 1615 mortui
1162 1592 1260 1615 causa
1286 1581 1396 1615 fiebat.

283 1687 312 1724 l)
336 1689 431 1727 Hipp,
454 1690 528 1729 vim]
554 1692 613 1719 ι’ἰη.
628 1691 709 1729 hipp.
728 1691 766 1720 M.
789 1707 830 1712 —
851 1689 880 1730 2)
907 1689 980 1730 Coo]
1005 1701 1037 1719 co
1052 1691 1084 1718 L.
1106 1707 1147 1712 —

199 1724 230 1765 3)
254 1729 310 1766 est]
334 1731 402 1760 add.
419 1732 450 1760 L.
465 1733 497 1761 Β.
514 1733 549 1761 Μ.
572 1734 627 1761 Gn.
646 1737 671 1765 1.
687 1737 715 1765 2.
736 1743 784 1773 pr.
800 1734 828 1762 S.
874 1744 932 1762 om.
951 1734 1030 1771 vulg.
1057 1750 1092 1754 —
1116 1732 1145 1772 4)

199 1769 451 1813 .s·ul›iiciel›cmt1tr]
475 1775 522 1803 Sic
541 1776 579 1804 M.
597 1777 652 1805 GU.
668 1780 695 1807 2-
712 1777 740 1805 S·
785 1776 985 1804 Sllbl'iffliffhfflff
1006 1777 1087 1814 VUlg·
1107 1793 1142 1797 ἡ

198 1807 227 1847 5)
252 1811 296 1850 et]
328 1825 383 1843 om.
405 1816 434 1846 L,
448 1818 480 1846 Β,
510 1834 552 1839 —
580 1818 608 1856 6)
638 1819 783 1858 Cartlmg.
805 1830 900 1857 quum
921 1819 1051 1857 bellum]
1076 1828 1144 1846 cum

202 1851 303 1881 Carth.
322 1855 429 1885 bellum.
449 1860 481 1888 B.
526 1862 611 1889 Kart.
629 1862 684 1892 Gu.
701 1867 727 1892 1.
772 1861 847 1889 dam
866 1872 922 1900 pro
940 1872 1035 1900 (susum.
1048 1862 1080 1890 L.
1102 1878 1144 1883 --

198 1894 225 1928 7)
250 1895 379 1924 Romam
393 1900 524 1941 hastam]
548 1904 626 1931 ἠως-ί.
643 1915 716 1932 rom.
734 1905 762 1932 L.
773 1904 805 1933 Β.
828 1921 870 1926 —-
893 1905 922 1942 S)
945 1903 1143 1943 Halapanta]

197 1935 402 1974 Halaphanttc
418 1942 447 1968 L.
470 1959 510 1964 —-
531 1943 562 1984 9)
586 1947 623 1974 ab
640 1946 687 1985 co]
711 1957 803 1985 usque
825 1947 859 1975 ad
884 1946 934 1977 fin.
957 1958 1013 1975 om.
1030 1948 1061 1976 L.
1106 1947 1144 1974 αι’)

200 1988 230 2004 eo
252 1980 334 2016 quod
350 1981 431 2009 halet
453 1994 507 2012 om.
531 1987 586 2015 Gu.
605 1991 629 2018 1.
658 2007 699 2010 —
730 1991 773 2027 10)
796 1990 894 2028 halet]
919 1990 968 2018 Sic
993 1990 1048 2018 Gu.
1063 1993 1092 2021 2.
1114 1991 1143 2018 S-

197 2020 257 2047 alet
272 2021 310 2049 M.
352 2023 439 2051 hahet
455 2027 535 2064 vulg.
579 2030 687 2058 habeat
701 2032 732 2060 B.
758 2048 795 2053 —
820 2031 864 2070 11)
880 2031 976 2071 ΓἈλην
991 2034 1057 2070 etc.]
1083 2034 1143 2062 αλω

198 2079 236 2109 -.-
251 2075 356 2093 naviot-
403 2067 512 2095 Gracci
527 2072 602 2097 enim
617 2069 789 2110 ιῖλιτομενον
799 2075 962 2112 fallentem
976 2075 1141 2114 appellant.

196 2104 244 2132 Sic
257 2105 291 2134 B.
334 2108 400 2135 alm
415 2109 452 2139 M,
468 2112 523 2138 Gu.
536 2114 566 2141 2.
612 2123 667 2142 om.
682 2117 738 2143 Gu.
754 2120 782 2147 1.
797 2128 843 2155 pr.
866 2134 908 2140 -—-
931 2119 975 2155 12)
998 2116 1054 2157 τὴν
1068 2115 1142 2147 πλά-

195 2147 268 2185 νην]
291 2150 443 2187 tinplam'n
462 2153 518 2181 Gu.
535 2155 563 2183 2.
608 2157 662 2182 lim
679 2158 796 2192 planim
814 2160 851 2187 M.
898 2170 955 2189 om.
975 2161 1030 2190 Gn.
1047 2163 1075 2191 1·
1092 2171 1138 2199 pr·

193 2204 233 2210 —
265 2189 309 2229 13)
330 2193 508 2233 fallentem]
539 2195 587 2222 Sic
610 2196 647 2223 M.
671 2198 725 2226 (ἆυ.
742 2202 768 2229 1.
783 2203 811 2231 2.
833 2212 878 2239 pr.
901 2204 930 2231 S.
975 2203 1139 2240 fallatiam

193 2231 273 2269 vulg.
297 2249 336 2254 —-
362 2233 408 2275 14)
431 2237 601 2275 appellant]
625 2238 673 2265 Sic
689 2240 720 2268 B.
739 2242 793 2270 Gu.
810 2245 836 2271 1.
851 2246 878 2274 2.
900 2255 943 2282 pr.
960 2246 988 2275 S.
1034 2245 1139 2273 dicant

192 2274 271 2311 vulg.
293 2291 334 2297 —
357 2276 401 2316 15)
425 2279 518 2318 quod]
542 2282 615 2318 quia
633 2280 662 2308 L.
689 2297 723 2301 ——
750 2281 793 2319 16)
820 2285 942 2324 Hella-s]
966 2288 1087 2317 Hallnx
1103 2289 1136 2317 L.

191 2315 224 2343 Β.
245 2316 300 2346 Gu.
316 2321 340 2349 1.
360 2329 405 2358 pr.
426 2337 468 2343 -—
490 2320 537 2361 17)
560 2322 658 2360 Nam]
680 2332 773 2360 usque
794 2324 829 2350 ad
852 2325 900 2354 sin.
923 2338 978 2356 om.
1002 2330 1032 2357 L.
1051 2331 1083 2359 B.
1098 2330 1137 2359 M.

194 2358 250 2387 Gu.
265 2361 293 2389 1.
316 2370 360 2399 pr.
383 2379 425 2386 —
449 2364 495 2401 18)
517 2363 668 2403 Hammo]
692 2365 740 2393 Sic
762 2365 794 2394 Β.
809 2365 847 2394 Μ.
870 2368 926 2396 Gu.
945 2372 970 2400 1,
989 2372 1018 2400 2.
1041 2381 1087 2408 pr,
1106 2373 1135 2402 S,

1190 1692 1346 1719 Hammon
1362 1691 1443 1728 vulg.
1468 1707 1509 1712 —
1533 1689 1579 1732 19)
1603 1690 1714 1729 arena]
1736 1691 1852 1719 harena
1868 1691 1924 1721 Gu.
1941 1691 1968 1721 1.
1984 1693 2012 1722 2.
2033 1687 2143 1728 -2Ο)

1190 1733 1325 1772 nomine]
1350 1733 1470 1762 additur
1491 1733 1572 1771 vulg.
1592 1732 1704 1772 ἅμμος,
1729 1733 1808 1772 quod
1832 1744 1890 1763 om.
1911 1734 1945 1763 L.
1961 1733 2009 1769 B„
2039 1741 2090 1770 qul
2112 1741 2144 1759 ln

1188 1786 1280 1814 marg.
1297 1776 1416 1804 exhibet
1433 1779 1567 1815 αμαθος,
1597 1781 1625 1805 et
1639 1777 1677 1805 M.
1696 1777 1828 1808 Gn.1.2.
1845 1786 1889 1814 pr.
1913 1792 1955 1797 -—
1975 1775 2021 1811 21)
2047 1774 2142 1812 affin-

1186 1818 1321 1857 guntur]
1347 1820 1522 1857 affiguntur
1543 1820 1573 1848 L.
1598 1820 1653 1847 Gu.
1670 1822 1696 1851 1.
1718 1820 1747 1847 S.
1772 1835 1807 1840 --
1832 1820 1877 1856 22)
1890 1819 2038 1855 farreum
2060 1816 2142 1845 dice-

1187 1855 1273 1900 bant]
1297 1862 1345 1889 Sic
1364 1862 1457 1892 Gu.2.
1503 1861 1655 1898 cliasczrr.
1672 1862 1751 1899 vulg.
1774 1877 1816 1882 —-
1838 1863 1883 1899 23)
1907 1866 1934 1888 et
1949 1859 2018 1898 etc.]
2038 1859 2069 1888 L.
2084 1859 2141 1888 ita:

1187 1904 1275 1932 modo
1296 1904 1392 1932 hostis
1409 1915 1467 1942 pro
1492 1903 1653 1934 duellione.
1682 1920 1725 1926 —
1753 1904 1800 1940 24)
1823 1901 2011 1941 perduellio]
2041 1901 2090 1930 Sic
2108 1901 2139 1930 B.

1188 1948 1246 1977 Gu.
1264 1949 1290 1977 1.
1306 1949 1334 1978 2.
1374 1946 1542 1985 perduellis
1563 1947 1644 1985 vulg.
1676 1963 1711 1968 -
1742 1945 1788 1984 25)
1811 1945 1869 1984 est]
1894 1957 1951 1975 om.
1970 1946 2000 1974 L.
2022 1960 2065 1966 —
2089 1944 2137 1983 26)

1182 1989 1335 2028 pensatio]
1358 1991 1560 2028 compensatio
1576 1991 1606 2020 L.
1630 2005 1672 2011 —
1693 1990 1738 2027 27)
1757 1988 1891 2028 possint]
1908 1992 2031 2027 possent
2046 1987 2078 2017 L.
2099 2003 2135 2008 —

1185 2031 1231 2070 28)
1255 2032 1465 2071 Hosttcapax]
1488 2034 1677 2071 Ilo-sticapa-s·
1700 2032 1730 2061 L.
1747 2032 1784 2060 M.
1799 2032 1856 2059 Gu.
1874 2035 1897 2062 1.
1915 2034 1943 2063 2.
1959 2042 2004 2071 pr.
2027 2046 2069 2052 —
2090 2028 2136 2068 29)

1185 2075 1452 2114 Httmottahozzes]
1481 2075 1692 2103 Ιιιιιηοίναωιο.»1
1713 2074 1751 2105 Μ.
1773 2074 1829 2104 Gu.
1848 2077 1879 2106 2.
1911 2090 1948 2096 -
1985 2074 2034 2111 30)
2064 2070 2134 2112 qui]

1185 2117 1270 2156 quod
1281 2118 1314 2146 L.
1339 2133 1374 2139 ·—
1400 2117 1445 2157 31)
1457 2117 1645 2156 praegustata]
1655 2127 1813 2156 praegnas
1828 2116 1922 2148 Gu.1.
1944 2132 1982 2138 —
2004 2114 2050 2154 32)
2066 2114 2135 2142 hor-

1184 2159 1319 2198 dividia]
1344 2161 1392 2189 Sic
1407 2161 1435 2188 S.
1478 2160 1661 2189 hordianam
1681 2161 1711 2188 L.
1755 2158 1918 2187 hordiacia
1941 2160 1997 2188 Gu.
2014 2160 2041 2189 1.
2084 2167 2134 2185 or-

1183 2202 1286 2231 deatist
1301 2203 1333 2233 B.
1377 2202 1543 2231 hordeacia
1557 2214 1602 2242 pr.
1645 2201 1818 2231 horricidia
1834 2202 1914 2240 vulg.
1937 2217 1979 2223 -—
1999 2196 2047 2239 33)
2069 2199 2133 2228 Ho-

1182 2245 1324 2284 didon-os]
1348 2246 1396 2274 Sic
1417 2246 1452 2275 Β.
1472 2247 1528 2274 Gu.
1548 2249 1574 2277 1.
1589 2250 1616 2278 2.
1640 2256 1685 2284 pr.
1703 2246 1731 2273 S.
1775 2243 1901 2272 lzodicos
1919 2244 1950 2272 L.
1994 2239 2129 2270 Hodoed.

1181 2289 1261 2326 vulg.
1284 2304 1327 2310 —
1348 2290 1393 2326 34)
1415 2288 1608 2327 Ilomelium]
1630 2288 1679 2316 Sic
1699 2288 1727 2316 S.
1771 2286 1962 2316 Homelleum
1979 2285 2010 2315 B.
2032 2283 2086 2311 Gu·
2101 2283 2127 2312 1-

1180 2340 1226 2368 pr.
1270 2330 1459 2359 Homelctum
1474 2331 1554 2370 vulg.
1579 2349 1615 2352 —
1640 2329 1688 2370 35)
1712 2329 1787 2368 alii]
1811 2334 1866 2357 aut
1880 2328 1912 2357 L.
1932 2343 1975 2348 —
1994 2327 2041 2359 36)
2062 2322 2126 2361 eat]

1180 2373 1229 2402 Sic
1245 2373 1276 2402 B.
1292 2373 1329 2402 M.
1348 2374 1402 2402 Gu.
1417 2376 1445 2404 1.
1463 2376 1490 2405 2.
1508 2375 1536 2402 S.
1581 2378 1646 2401 erat
1661 2372 1739 2410 vulg.
1762 2387 1805 2394 ·—-
1825 2370 1874 2407 37)
1889 2365 2054 2408 putabant]
2070 2375 2126 2404 pu-
