2263 2668
553 128 616 163 DE
649 127 1035 164 SIGNIFICATIONE
1066 126 1349 162 VERBORUM.
1403 129 1546 163 LIBER
1569 130 1594 163 1.
1976 133 2050 168 305

99 225 132 254 id
155 234 191 253 ex
215 223 308 252 abusu
333 222 413 251 vocis
436 222 593 262 provenit,
617 227 653 252 ut
674 224 812 262 pluribus
839 221 970 252 ostendit
993 220 1142 259 Goropius
1165 221 1314 254 Becanus,
1346 223 1392 251 vir
1415 223 1566 261 ingeniose
1589 223 1740 260 eruditus,
1780 228 1807 252 et
1831 234 1846 251 a
1869 234 1927 262 quo
1957 227 2052 256 inter-

100 268 170 296 dum
196 267 283 295 etiam
307 276 411 294 verum
436 271 604 304 exspectes,
628 270 783 305 utcunque
806 266 922 305 saepius
945 264 1055 293 iudicio
1078 263 1247 294 frustretur.
1297 263 1402 294 Voss.
1435 267 1471 295 in
1498 265 1613 305 Etym.
1660 265 1766 294 Priscis
1790 266 1943 296 Germanis
1965 269 2052 298 Am-

101 309 190 340 bachi
211 309 288 338 idem
314 308 395 348 qnod
419 318 498 336 nunc
522 309 635 337 dicitur
657 310 754 347 Arut,
778 320 803 339 r.
828 320 850 337 e.
877 307 1015 336 officium.

267 361 345 390 Am.
390 360 574 398 Praepositio
597 360 760 398 loquelaris
784 364 843 396 est,
868 368 941 398 quae
970 367 1022 397 per
1046 367 1074 386 se
1098 368 1156 386 non
1180 358 1324 395 subsistit,
1349 359 1402 387 sed
1428 369 1494 388 cum
1518 360 1656 398 loquelis.
1700 359 1744 388 Ita
1767 360 1903 398 Sergius,
1926 360 2050 398 Probus,

99 403 273 440 Diomedes,
302 403 501 432 Grammatici.
558 402 711 431 Eiusmodi
735 402 967 441 praepositiones
991 405 1059 428 sunt
1082 399 1143 436 dis,
1174 412 1247 434 con,
1275 412 1337 438 am,
1368 413 1396 430 re
1418 407 1446 430 et
1476 403 1582 431 similes
1606 403 1631 430 si
1655 412 1729 440 quae
1756 408 1826 430 sunt
1849 403 1932 432 aliae.
1976 404 2049 433 Nam

101 456 170 475 cum
192 445 318 484 loquelis
342 445 455 483 aliquid
478 449 562 480 sunt,
587 455 640 484 per
663 456 693 474 se
717 445 801 474 nihil.
847 445 895 473 Sic
918 444 999 482 apud
1028 443 1199 471 Ciceronem
1230 444 1261 472 in
1286 444 1322 472 de
1352 445 1465 473 somnio
1489 445 1633 484 Scipionis
1664 443 1851 484 loquelariter
1872 444 1913 474 acl
1935 457 2050 475 cursum

101 487 173 518 solis
197 487 357 527 descriptus
381 498 442 516 esse
465 487 593 525 dicitur,
627 487 689 516 lioc
712 494 769 526 est,
803 487 1051 527 contemplatione
1074 486 1167 524 ipsius
1192 487 1281 522 solis,
1316 497 1373 515 non
1405 487 1485 525 quod
1508 499 1539 516 re
1568 498 1640 517 vera
1669 487 1693 516 is
1717 497 1809 515 annus
1835 488 1977 516 dicendus
2000 489 2048 517 sit.

103 530 359 567 Quemadmodum
383 530 451 558 illac
477 531 712 570 praepositiones
735 542 838 560 revera
861 541 920 559 non
943 534 1031 565 sunt,
1054 529 1112 557 nisi
1136 529 1387 568 contemplatione
1411 540 1509 558 earum
1532 540 1657 566 vocum,
1689 530 1795 567 quibus
1819 531 2050 568 coniunguntur.

104 574 204 609 Quare
227 574 383 602 manifesto
414 579 492 602 errat
516 573 699 610 Macrobius,
732 575 783 612 qui
814 573 893 612 apud
926 574 1065 601 Catonem
1095 572 1166 608 legit
1197 583 1245 600 am
1270 572 1421 600 terminum
1453 583 1512 601 non
1536 573 1754 609 amterminum,
1784 582 1850 601 cum
1874 584 1921 600 am
1946 584 1998 610 per
2022 584 2052 602 se

102 616 180 645 nihil
202 617 253 652 sit,
279 617 329 644 sed
353 615 555 654 loquelariter.
601 616 677 645 Vide
701 617 772 655 quid
803 621 976 645 annotamus
1003 624 1078 644 voce
1100 614 1288 643 Amtermini.
1337 614 1425 653 Apud
1449 615 1619 644 Ciceronem
1648 615 1737 652 vulgo
1763 625 1825 643 non
1854 613 2050 655 loquelariter,

103 659 155 688 sed
174 657 357 698 populariter
381 669 531 687 excusum.
576 659 632 687 Sed
659 659 774 688 discant
808 669 909 687 omnes
941 657 1124 686 Ciceroniani
1152 656 1229 685 hanc
1251 667 1366 692 vocem,
1400 668 1496 695 neque
1518 658 1587 686 mihi
1609 659 1788 691 irascantur,
1826 658 1849 685 si
1872 668 1933 686 eam
1958 658 1999 686 uti
2023 658 2052 687 in

103 702 240 730 omnibus
263 701 474 740 manuscriptis
497 701 621 739 legitur,
646 702 817 741 probamus.
862 700 965 730 Scal.
1008 700 1034 729 A
1058 700 1171 728 Graeco
1195 696 1283 738 ἆμφί.
1327 700 1400 728 Nam
1430 701 1575 729 falluntur
1598 701 1647 739 qui
1674 705 1798 739 putant,
1830 700 1941 728 Graece
1969 700 2052 739 prius

104 744 219 773 dictum
241 755 304 773 esse
328 741 385 782 οἷμ,
408 744 510 772 addito
535 756 584 781 φι,
610 741 697 783 α’μφί.
741 744 797 773 Da
808 756 833 773 c.
879 743 941 773 Am
971 743 1149 782 praepositio
1178 741 1338 783 loquelaris
1361 747 1417 770 cet.
1468 743 1529 772 Am
1556 743 1734 782 praepositio
1765 742 1908 779 significat
1934 743 2052 773 circum.

104 787 189 816 Unde
212 798 302 826 supra
324 787 473 815 locellaris
497 797 601 815 servus
625 786 794 823 ambactus,
819 788 837 817 i.
862 797 885 816 e.
911 786 1107 815 circumactus
1131 785 1246 814 dicitur.
1290 785 1332 813 Ita
1356 784 1438 813 hunc
1460 785 1558 813 locum
1581 786 1710 813 restituit
1733 785 1873 822 Scaliger.
1920 785 1973 813 Cui
1994 795 2053 813 ser-

104 839 158 858 vus
181 830 331 859 locellaris
355 830 403 858 vel
426 830 574 858 lucellaris
598 834 640 858 est
664 826 830 869 μισθωτός,
861 829 945 857 cuius
969 839 1074 868 operas
1106 828 1295 866 quotidianas
1319 827 1456 856 dominus
1480 828 1572 864 locat,
1602 828 1701 856 lucelli
1725 833 1753 856 et
1777 832 1917 866 quaestus
1943 827 2052 865 gratia5

105 877 157 901 aut
184 873 234 911 qui
258 873 288 901 in
313 883 375 902 eam
398 883 458 901 rem
482 873 638 901 discursat.
682 873 745 901 Nisi
768 872 929 910 loquelaris
959 881 1061 900 servus
1084 871 1248 910 accipiatur
1278 881 1334 909 pro
1357 871 1556 907 internuntio,
1593 875 1643 899 aut
1665 880 1726 898 vox
1749 869 1907 910 loquelaris
1934 870 2053 899 omnino

105 915 309 954 dispungatur.
358 913 463 944 Goth.

269 957 443 987 Ambesz.
488 959 533 986 Ex
556 969 604 986 am
629 962 657 987 et
679 956 749 995 edo,
781 956 923 994 ambedo,
952 956 1071 986 ambest.
1116 956 1172 985 Da
1184 968 1210 986 c.
1256 956 1364 986 Eadem
1398 956 1513 985 ratione
1543 953 1655 985 Comest
1683 955 1762 994 apud
1788 954 1914 984 Nonium
1938 955 2054 984 dicitur.

106 999 186 1029 Alias
208 1000 384 1039 regulariter
404 1000 565 1038 Anthedii,
590 1006 625 1030 ut
645 1001 675 1029 in
700 1001 722 1030 l.
746 1002 795 1031 38.
818 1000 850 1030 ff.
875 1001 912 1029 de
937 1000 1052 1039 adquir.
1075 1010 1175 1029 rerum
1202 999 1342 1029 dominio.
1389 997 1499 1028 Goth.

271 1051 467 1091 Ambegni.
511 1053 558 1081 Ex
589 1063 637 1081 am
663 1057 692 1081 et
720 1062 829 1090 agnus,
852 1050 1031 1091 ambagnus,
1062 1051 1228 1092 ambegnus.
1279 1051 1446 1088 Ambegnae
1469 1058 1560 1086 oves,
1591 1058 1666 1086 quae
1689 1058 1724 1076 ex
1745 1052 1869 1086 utraque
1891 1052 1976 1086 parte
1999 1046 2055 1074 lia-

106 1092 195 1122 beant
218 1104 316 1131 agnos.
361 1095 397 1123 Et
419 1094 470 1124 bos
492 1094 634 1135 ambegna
663 1094 742 1133 apud
769 1093 928 1122 Varronem
961 1094 1012 1124 lib.
1038 1094 1099 1124 VII.
1128 1096 1173 1133 (3.
1194 1104 1260 1133 pag.
1290 1096 1363 1125 319.
1388 1093 1440 1121 ubi
1463 1102 1543 1121 nunc
1564 1090 1718 1130 ambiegna
1741 1089 1801 1131 ed.)
1833 1100 1919 1129 quam
1944 1090 2056 1118 circum

107 1137 180 1164 aliae
202 1135 316 1165 hostiae
333 1138 560 1167 constituantur.
602 1137 750 1176 Fulgentii
773 1136 872 1165 locum
894 1137 930 1165 de
949 1136 1092 1176 ambegna
1115 1149 1166 1167 ove
1184 1142 1360 1175 corruptum
1382 1140 1466 1175 puto.
1511 1134 1622 1162 Scribit
1638 1133 1827 1171 Fulgentius:
1850 1132 1958 1161 Bebius
1980 1131 2056 1160 Ma-

109 1190 156 1208 cer
178 1180 229 1219 qui
242 1179 370 1220 festalia
394 1179 504 1209 dierum
525 1181 658 1220 scripsit,
686 1181 728 1208 ait
752 1178 863 1208 Iunoni
885 1190 949 1216 eas,
973 1191 1048 1219 quae
1068 1181 1200 1219 geminas
1220 1186 1357 1220 parerant
1381 1190 1460 1215 oves,
1495 1177 1664 1216 sacrificare
1685 1187 1750 1205 cum
1773 1174 1884 1203 duobus
1905 1175 1989 1214 agnis
2014 1173 2056 1202 al-

107 1222 249 1250 trinsecus
271 1221 423 1261 alligatis,
446 1234 520 1262 quas
549 1233 615 1251 oves
636 1221 797 1261 ambegnas
818 1222 937 1258 vocari,
967 1223 1052 1262 quasi
1080 1234 1120 1252 ex
1143 1230 1262 1263 utraque
1283 1229 1368 1262 parte
1396 1232 1488 1260 agnos
1517 1218 1662 1249 habentes.
1705 1217 1873 1256 Legendum
1904 1223 1932 1245 et
1956 1217 2058 1244 distin-

107 1264 271 1301 guendum:
297 1266 339 1293 ait
363 1265 473 1294 lunoni
494 1277 555 1301 eas,
579 1276 654 1305 quae
672 1265 803 1304 geminos
822 1271 975 1303 parerent,
999 1276 1064 1294 oves
1086 1266 1252 1303 sacrificari
1275 1270 1329 1293 cet.
1383 1263 1457 1294 Ovis
1488 1262 1563 1291 enim
1592 1260 1816 1290 sacrificabatur
1845 1270 1910 1288 cum
1943 1259 2058 1288 duobus

108 1307 205 1344 agnis,
227 1317 300 1345 quos
323 1312 487 1346 pepererat.
532 1308 635 1346 Neque
657 1307 882 1346 requirebatur,
917 1311 947 1335 ut
971 1317 1002 1335 ea
1027 1307 1101 1336 duas
1125 1318 1194 1336 oves
1216 1308 1388 1347 peperisset.
1433 1306 1531 1335 Dac.

273 1357 342 1386 Am
358 1357 506 1387 bidens.
550 1359 639 1387 Varie
668 1359 820 1387 bidentem
849 1359 1094 1397 interpretantur.
1140 1359 1215 1388 Vide
1240 1358 1368 1387 Gellium
1399 1357 1452 1389 lib,
1477 1356 1556 1385 XVI.
1587 1365 1652 1394 cap.
1677 1357 1705 1386 6.
1734 1358 1762 1382 et
1778 1352 1912 1381 Mam-ob.
1936 1352 1986 1381 lib.
2011 1351 2058 1380 Vl.

109 1404 198 1438 atque
222 1400 358 1428 Servium
384 1401 504 1438 Vergilii
527 1401 736 1440 interpretem,
759 1402 809 1439 qui
833 1401 953 1439 Nigidio
977 1402 1183 1439 consentiunt,
1216 1402 1352 1430 bidentes
1376 1400 1435 1429 dici
1459 1399 1554 1428 bimas
1578 1397 1706 1433 hostias3
1737 1396 1799 1425 sive
1825 1395 1904 1433 quasi
1929 1395 2059 1432 biennes,

108 1442 170 1471 sive
194 1443 274 1481 quod
299 1444 442 1472 emineant
465 1453 497 1473 ea
521 1449 617 1473 aetate
639 1444 701 1473 bini
725 1444 838 1474 dentes.
885 1444 959 1472 Vide
981 1444 1117 1473 Bidental
1142 1450 1170 1473 et
1192 1445 1303 1474 Bovem
1328 1442 1487 1472 bidentem.
1527 1440 1618 1470 Ant.
1642 1439 1734 1478 Aug.
1759 1436 1892 1468 Bidentes
1915 1438 1963 1465 vel
1985 1437 2059 1466 Am-

109 1483 237 1513 bidentes
258 1485 371 1514 hostiae
401 1496 475 1524 quae
506 1489 676 1524 cornigerae
700 1492 797 1515 essent
825 1492 855 1515 et
877 1487 952 1515 duos
975 1487 1076 1516 dentes
1107 1488 1253 1516 eminulos
1283 1487 1436 1515 haberent.
1486 1485 1520 1513 Id
1550 1484 1625 1512 enim
1657 1481 1863 1520 requirebatur
1891 1481 1920 1508 in
1943 1478 2060 1514 hostiis,

111 1528 223 1565 alioqui
247 1529 270 1556 si
295 1534 427 1557 carerent
450 1529 523 1566 illis,
564 1527 674 1565 α’τελεῐς
700 1534 783 1558 erant
810 1534 839 1558 et
868 1530 904 1558 ad
929 1530 1074 1558 sacrificia
1100 1531 1229 1569 ineptae.
1275 1531 1377 1568 Neque
1400 1528 1480 1567 quod
1512 1526 1605 1564 aliqui
1627 1529 1789 1564 putarunt,
1825 1522 1928 1551 bidens
1952 1521 2062 1550 dicitur

111 1572 195 1608 quasi
218 1569 314 1603 biens,
348 1571 464 1599 duobus
489 1572 572 1600 annis
595 1577 678 1609 nata,
715 1582 769 1600 cur
792 1572 868 1600 enim
893 1570 1034 1609 bidentis,
1075 1583 1134 1601 non
1164 1572 1296 1602 bidennis
1330 1577 1380 1600 aut
1403 1568 1513 1600 biennis
1542 1569 1702 1597 diceretur.
1753 1566 1863 1595 Gellius
1885 1570 1985 1593 tamen
2008 1565 2061 1592 in-

111 1613 225 1641 venisse
248 1623 276 1640 sc
301 1614 373 1641 dicit
394 1614 424 1641 in
448 1615 667 1643 commentariis
691 1615 870 1652 quibusdam
894 1614 930 1642 ad
953 1615 999 1643 ius
1025 1616 1214 1644 pontificium
1238 1614 1472 1654 peitinentibus‚
1495 1612 1629 1640 bidentes
1651 1609 1744 1638 bimas
1767 1608 1891 1645 hostias,
1920 1607 2062 1636 bidennes

113 1656 210 1693 primo
233 1656 343 1692 dictas,
366 1656 466 1684 littera
490 1655 510 1684 d
532 1657 660 1685 immissa
684 1657 770 1695 quasi
793 1656 922 1693 biennes,
954 1662 1015 1685 tum
1039 1658 1126 1696 longo
1154 1669 1209 1687 usu
1232 1657 1373 1696 loquendi
1399 1660 1571 1694 corruptam
1595 1663 1657 1682 esse
1680 1661 1783 1680 vocem
1807 1655 1836 1678 et
1868 1660 1905 1678 ex
1930 1648 2063 1678 bidenni-

113 1697 170 1725 bus
191 1697 325 1727 bidentes
347 1698 464 1728 factam.
509 1700 566 1728 Sed
591 1700 676 1728 addit
697 1700 793 1735 idem,
816 1699 965 1737 Hyginum
982 1700 1102 1738 Iulium,
1127 1702 1178 1739 qui
1200 1701 1246 1729 ius
1264 1700 1439 1729 Pontificum
1463 1708 1522 1726 non
1543 1695 1708 1734 ignorabat,
1730 1694 1760 1722 in
1780 1697 1884 1730 quarto
1907 1692 2062 1727 librorum,

116 1749 190 1778 quos
211 1740 248 1767 de
270 1740 394 1779 Virgilio
423 1742 509 1778 fecit,
543 1742 678 1771 bidentes
707 1742 850 1781 appellari
873 1742 1027 1780 scripsisse
1052 1743 1181 1779 hostias,
1218 1754 1291 1782 quae
1322 1753 1376 1781 per
1399 1745 1520 1769 aetatem
1544 1741 1619 1766 duos
1643 1738 1744 1766 dentes
1769 1736 1888 1764 altiores
1909 1733 2062 1763 haberent.

115 1781 226 1820 Hygini
248 1782 338 1810 Vffl'ba
361 1789 445 1813 sunt:
485 1795 559 1824 quae
582 1784 682 1814 bidens
704 1792 744 1813 est
767 1784 863 1813 hostia
888 1793 999 1823 oportet
1027 1785 1132 1814 habeat
1164 1785 1260 1815 dentes
1294 1792 1377 1819 octo,
1410 1781 1460 1812 sed
1482 1793 1522 1811 eoe
1544 1781 1589 1809 his
1613 1779 1686 1808 duos
1713 1779 1832 1807 caeteris
1854 1777 1988 1814 altiores,
2010 1785 2063 1813 per

116 1835 189 1864 quos
210 1831 368 1862 appareat,
403 1835 443 1854 ex
472 1827 583 1854 minore
611 1835 703 1856 aetate
730 1828 759 1855 in
786 1828 927 1855 maiorem
957 1827 1180 1857 transcendisse.
1226 1828 1269 1856 Cf.
1296 1827 1423 1855 Gellium
1446 1825 1496 1853 lib.
1521 1823 1608 1861 XVI,
1631 1833 1656 1852 c.
1681 1824 1710 1852 7.
1755 1820 1846 1851 Dae.
1892 1820 1966 1848 Vide
1984 1817 2061 1845 infra

116 1867 252 1896 Bidental
275 1872 302 1895 et
323 1867 434 1896 Bovem
457 1873 485 1896 et
506 1868 654 1897 Bidentes.
699 1869 782 1897 Adde
804 1869 879 1897 Plin.
901 1869 938 1896 II.
986 1869 1168 1910 Gotkof'r.

279 1917 472 1947 Abemito.
523 1919 721 1948 Glossarium:
755 1919 891 1957 Abemit,
926 1920 963 1949 ab
992 1932 1024 1949 eo
1055 1922 1182 1960 accepit,
1214 1920 1324 1959 ἔλαβεν.
1383 1919 1432 1947 Sic
1466 1916 1623 1951 Surremil,
1666 1925 1779 1943 sursum
1813 1910 1897 1944 emit,
1936 1907 1995 1936 hoc
2019 1911 2062 1957 est

116 1961 248 2000 suscepit.
295 1961 332 1988 Et
356 1962 538 2000 surrempsit,
561 1963 722 2002 susceperit.
767 1962 875 1993 Scat.
921 1962 1038 2000 Emere,
1069 1963 1148 2001 quod
1174 1974 1254 1991 nune
1277 1961 1420 1998 mercari,
1456 1959 1585 1997 antiquis
1608 1957 1790 2001 significabat
1818 1962 1943 1999 sumere,
1975 1961 2062 2000 11⁶0}-

116 2014 190 2042 pere.
234 2004 282 2031 Sic
301 2005 433 2031 surremit
464 2004 483 2032 i.
508 2014 530 2033 e.
560 2015 676 2033 sursum
705 2006 785 2042 emit,
809 2007 932 2045 accepit.
979 2006 1125 2034 Lucilius:
1157 2004 1248 2045 Inque
1275 2016 1393 2034 manum
1426 2003 1559 2033 surremit
1587 2000 1709 2030 hastam.
1755 1995 1829 2026 V1dc
1851 2004 1883 2022 111
1912 1992 2061 2023 Surremn.

118 2045 174 2074 Da
185 2057 209 2075 c.
253 2046 334 2074 Idem
355 2047 384 2074 in
407 2057 496 2074 emere
516 2047 593 2076 infra
616 2053 644 2076 et
665 2048 741 2076 infra
764 2048 794 2076 in
819 2048 1004 2087 Surrempsit.
1053 2046 1230 2089 Gothofr.

283 2095 552 2126 Ambarvales.
597 2099 621 2126 A
644 2098 800 2127 duodecim
825 2099 965 2128 fratribus
989 2098 1165 2133 scriberem,
1188 2108 1249 2126 non
1271 2109 1285 2125 a
1303 2097 1434 2131 duobus,
1458 2104 1494 2122 ex
1519 2092 1592 2121 Plin.
1616 2089 1729 2126 XVIII,
1752 2098 1818 2127 cap.
1833 2088 1870 2118 II.
1900 2086 1995 2116 Gellio
2011 2086 2060 2121 VI,

108 2149 183 2181 ‚Cssp-
199 2139 262 2167 VII.
287 2143 316 2167 et
327 2139 483 2177 Fulgentio
508 2140 543 2168 de
566 2141 717 2178 obscuris;
740 2147 772 2170 ut
794 2141 975 2179 intelligatur
998 2142 1033 2169 de
1057 2141 1215 2168 duodecim
1238 2140 1382 2168 sratiilius
1407 2136 1564 2165 arvalibus.
1607 2133 1663 2162 Sed
1686 2142 1761 2171 quae
1781 2135 1963 2179 sequuntur:
1984 2128 2059 2158 Am-

120 2180 248 2210 hamatis
273 2181 367 2211 hostia
389 2190 445 2218 est,
470 2182 637 2212 Macrobius
661 2184 750 2212 refert
774 2184 823 2211 lib.
846 2184 905 2220 111,
930 2183 970 2211 uti
995 2194 1009 2211 a
1034 2183 1174 2221 Pompeio
1196 2183 1282 2210 Festo
1305 2180 1492 2219 conseriptw,
1515 2183 1543 2207 et
1565 2177 1595 2205 in
1617 2175 1664 2204 his
1687 2175 1770 2203 nulla
1793 2178 1902 2203 mentio
1925 2173 2059 2206 fratrum,

118 2223 186 2252 ideo
209 2224 368 2252 videndum
393 2230 453 2261 est,
477 2235 512 2253 an
536 2227 613 2254 arvis
636 2231 663 2254 et
687 2226 821 2263 frugibus
844 2225 991 2254 emendari
1016 2230 1160 2264 oporteat.
1206 2225 1291 2254 Ant.
1316 2224 1410 2262 Aug.
1455 2222 1479 2250 Δ
1501 2220 1618 2249 duobus
1651 2217 1802 2247 fratribus.
1846 2216 1980 2245 Fortasse
2002 2222 2058 2250 P¹'⁰

118 2266 185 2296 XII.
208 2267 319 2304 legerat
343 2267 396 2304 IL,
421 2273 449 2295 ct
471 2268 547 2305 fugit
570 2278 635 2296 eum
661 2274 727 2296 nota
752 2268 864 2297 denarii
888 2268 1013 2296 numeri.
1059 2267 1127 2297 Sca
1137 2266 1158 2298 l.
1202 2267 1341 2304 Intelligit
1370 2266 1476 2294 fratres
1506 2262 1634 2299 arvales,
1670 2270 1799 2300 quorum
1822 2259 1910 2286 talem
1933 2265 1994 2303 esse
2016 2254 2057 2282 fe-

118 2314 192 2338 runt
211 2309 361 2347 originem.
406 2310 484 2338 Acca
509 2311 682 2345 Laurentia,
707 2311 825 2339 Romuli
850 2311 952 2339 nutrix
977 2314 1173 2339 consueverat
1195 2321 1250 2349 pro
1275 2309 1352 2347 agris
1375 2307 1463 2337 semel
1490 2306 1520 2334 in
1544 2315 1621 2334 anno
1643 2300 1904 2350 sacrific-are,·XII
1925 2298 1991 2326 silus
2011 2306 2056 2341 sas

120 2351 264 2381 orificium
287 2352 539 2391 praecedentibus.
585 2354 622 2381 At
645 2364 711 2381 cuin
734 2363 808 2382 nnus
832 2358 968 2381 mortuus
1000 2358 1092 2390 esset,
1122 2358 1247 2392 propter
1273 2351 1398 2380 nutricis
1427 2349 1548 2388 gratiam
1577 2346 1722 2376 Romulus
1751 2355 1789 2392 in,
1809 2352 1904 2371 Vicem
1924 2339 2054 2368 defunct!

120 2405 150 2424 se
172 2395 330 2423 succedere
351 2395 522 2434 pollicetur.
565 2396 648 2425 Unde
671 2396 745 2425 ritus
768 2396 913 2436 processit
936 2406 1002 2424 cum
1026 2395 1092 2426 XII.
1121 2397 1178 2425 iam
1202 2395 1340 2434 deinceps
1363 2392 1545 2428 sacrificare,
1585 2391 1635 2428 qui
1665 2387 1821 2418 duodecim
1843 2385 1947 2413 fratres
1968 2388 2052 2407 arva—

173 2446 338 2475 GRAMMAT.
362 2457 427 2475 rar.
449 2447 483 2475 ll.
1573 2442 1604 2482 Q
1626 2453 1646 2484 ‘l
