2263 2668
525 139 589 172 DE
621 136 1006 172 SIGNIF'ICATIONE
1034 135 1317 172 VERBORUM.
1376 139 1520 173 LIBER
1543 138 1601 173 VI.
1960 140 2033 175 421

87 235 156 274 (ΙΙΙ,
180 234 215 270 5,
239 235 297 270 9.):
330 230 479 273 Oppidum
498 231 650 268 Formiae,
674 230 818 260 Hormiae
841 229 966 266 dictum,
996 236 1027 258 ut
1050 229 1270 269 existimavere,
1293 232 1417 273 antiqua
1439 231 1672 272 Laestrygonum
1695 229 1783 260 sedes.
1827 231 1931 261 Nescio
1954 234 2034 263 unde

87 277 206 306 Servius
237 276 294 312 (ad
319 276 392 304 Aen.
411 275 479 312 VII,
504 276 596 311 695.)
626 271 684 305 ἀπὸ
708 277 761 311 τῆς
784 272 878 313 ὁρμῆς
901 273 1012 301 dictum
1037 272 1169 302 tradidit.
1214 273 1363 312 Formiae,
1398 275 1510 313 inquit,
1550 285 1623 315 quae
1643 281 1711 303 ante
1734 272 1879 303 Hormiae
1901 273 1959 307 ἆπὸ
1982 278 2034 316 τῆς

85 318 197 361 ὁρμῆς,
221 319 252 347 id
275 323 319 347 est
341 318 377 347 ab
402 319 533 357 impetu,
557 317 663 347 dictae.
712 316 796 346 Dac.
1869 320 1873 324 '

248 368 393 399 Forma.
440 369 528 406 Lege:
565 375 596 396 ut
620 379 684 397 cum
708 374 796 404 σιτία,
833 378 908 408 quae
929 364 1053 403 dantur,
1090 365 1232 395 Formida
1255 366 1450 406 appellantur.
1482 365 1581 397 Scal.
1625 366 1762 396 Formum
1792 367 1906 406 antiqui
1929 367 2034 398 dixere

86 412 232 448 calidum,
268 412 348 450 quod
371 416 414 440 est
436 422 450 439 a
475 412 590 439 Graeco
614 408 736 449 θερμός.
780 411 864 438 Unde
894 409 1044 439 desormus
1074 409 1153 447 apud
1177 410 1317 438 Catonem
1341 410 1427 438 valde
1451 409 1570 437 calidus.
1615 410 1687 438 Inde
1704 410 1805 448 forma
1828 420 1883 448 pro
1906 410 1981 439 facie
2005 416 2034 440 et

85 454 291 496 pulcritudine
313 459 342 483 et
359 455 519 493 formosus.
561 452 689 488 Quidam
714 462 773 480 non
789 453 938 491 formum,
961 451 1011 480 sed
1028 451 1146 489 forvum
1171 452 1274 481 dicunt
1297 463 1312 480 a
1328 450 1468 490 fervendo
1491 451 1611 482 scilicet.
1657 453 1792 482 Servius:
1815 452 1894 481 Nam
1912 452 2034 491 forbum

85 505 127 527 est
150 496 297 533 calidum,
336 495 412 525 unde
440 503 466 524 et
488 496 638 534 formosos
668 493 809 532 dicimus,
847 494 951 535 quibus
979 492 1062 523 color
1090 495 1241 533 sanguinis
1263 506 1303 523 esc
1326 493 1428 523 rubore
1447 492 1692 533 pulchritudinem
1717 502 1804 524 creat.
1850 495 1907 524 Sed
1930 496 2034 524 melius

79 541 221 579 formum.
249 540 356 568 Donat.
380 539 411 567 in
434 538 553 567 Phorm.
576 538 643 567 Act.
659 537 695 565 Il.
719 539 764 567 Sc.
781 541 809 569 2.
834 537 877 574 (Ι,
900 540 934 574 2,
957 535 1040 576 57.):
1068 535 1184 564 Veteres
1207 537 1300 575 ignem
1324 544 1349 565 et
1373 535 1497 565 calorem
1521 535 1679 576 quendam,
1702 537 1789 576 quasi
1803 537 1965 575 servorem,
1989 537 2033 567 di-

84 589 193 612 :reruni
209 581 339 620 formam
362 588 388 609 et
410 580 474 610 ideo
491 581 632 619 fornaces
648 580 794 620 forcipes,
816 580 946 618 sormam
969 586 995 608 et
1012 579 1177 617 formoSOS,
1204 590 1243 607 ex
1266 578 1370 619 quibus
1394 579 1470 617 ignis
1493 580 1601 608 amoris
1623 580 1763 608 exoritur.
1807 580 1914 608 Melius
1935 585 2032 609 tamen

80 625 182 664 forma
207 624 253 653 vel
277 624 312 651 ab
337 621 450 663 ὅραμα,
487 623 534 651 vel
558 633 573 651 a
597 620 700 660 μορφή
722 622 913 661 transpositis
935 623 1039 651 literis.
1086 621 1125 649 De
1143 621 1244 658 forma
1269 632 1322 660 pro
1345 620 1425 660 pulte
1447 631 1531 649 nemo
1555 622 1637 659 quod
1660 622 1750 650 sciam
1774 628 1892 661 praeter
1913 623 2032 651 Festum

85 666 228 696 meminit.
253 666 341 695 Dac.
387 664 533 695 Calidum.
565 665 710 693 Calidum.
737 665 886 704 Deforma.
917 664 1062 694 Formida.
1091 662 1196 692 Hieme
1212 663 1353 702 sor-mido.
1382 663 1484 691 Hieme
1506 664 1618 700 calido,
1641 664 1781 693 formido.
1807 663 1915 693 Goth.
1956 663 2032 694 For-

84 720 164 738 mum
189 718 252 738 esse
276 710 490 737 Germanorum
513 719 618 744 warm,
648 718 708 736 nou
731 712 773 736 est
795 708 874 746 quod
898 707 1003 738 dicam.
1049 707 1092 734 Cf.
1112 706 1189 735 Non.
1213 709 1364 745 pag.531.
1389 716 1411 733 s.
1436 715 1462 733 v.
1486 705 1620 735 Fornum.

250 758 497 789 Fordicidiis.
543 759 639 788 Varro
662 759 711 789 lib.
727 759 761 787 V.
785 758 858 798 (VI,
881 769 946 798 pag.
962 757 1052 797 198.)
1077 768 1137 786 non
1161 768 1177 785 a
1200 757 1298 791 soetu,
1334 756 1384 784 sed
1409 756 1476 794 quia
1501 757 1557 785 sert
1578 757 1607 785 in
1630 761 1733 785 ventre
1749 755 1871 795 fordam
1894 756 1954 785 dici
1977 767 2033 786 ex-

85 801 208 831 istimat.
242 802 331 832 Ovid.
352 802 402 832 lib.
415 802 478 832 IV.:
503 800 603 831 ,Forda
620 802 717 840 ferens
741 800 792 830 hos
814 809 868 839 est,
886 799 1074 841 fecundaque
1097 800 1179 829 clieta
1197 798 1341 839 ferendo:
1363 797 1446 828 Hinc
1469 800 1555 827 eriam
1569 799 1647 837 fetus
1670 811 1772 828 nomen
1794 798 1897 827 habere
1917 806 2031 838 putant.

83 845 189 873 Festus
219 843 344 873 hordam
373 845 457 874 etiam
487 844 545 873 dici
570 849 598 872 et
619 844 786 872 hordicidia
810 844 940 872 ostendit
962 844 1059 872 littera
1083 843 1119 871 H.
1141 842 1230 872 Ant.
1255 842 1348 881 Aug.
1395 841 1593 870 Glossarium:
1634 841 1762 877 Fordas,
1797 839 2032 880 ἐγκυμονούσας.

82 885 200 924 Forata,
223 889 319 917 θυσία
342 885 505 927 ἐγκύμονος
526 884 607 926 βοός.
632 885 732 915 Scal.
776 886 871 915 Varro
895 886 1007 916 lib.1V.
1032 886 1068 914 de
1092 886 1122 915 L.
1146 886 1177 913 L.
1201 885 1270 924 (VI,
1294 886 1473 922 pug.198-):
1502 882 1673 912 Fordicidia
1695 896 1712 912 α
1729 883 1828 921 sordis
1851 883 1956 921 bubu33
1981 883 2033 913 bos

78 928 187 968 forda,
220 941 294 969 quae
310 929 370 968 fert
393 931 423 958 in
446 936 548 958 venire.
592 929 626 958 A
643 928 742 967 sordis
765 927 921 958 caedendis
937 927 1106 968 sordicidia
1130 926 1228 964 dicia,
1265 925 1345 966 quod
1367 937 1399 954 eo
1421 925 1467 954 die
1487 925 1603 966 publice
1625 925 1814 955 immolantur
1837 925 1920 955 boves
1939 938 2032 966 prae-

81 978 205 1010 gnantes
226 973 255 1000 in
280 973 370 1001 curiis
399 971 568 1011 complures.
614 973 687 1000 Vide
710 970 828 1000 Horda.
850 971 939 1001 Dac.
977 968 1066 1000 Ford.
1106 971 1189 1006 Quae
1214 975 1242 998 et
1264 969 1453 1005 Hordicalia3
1493 970 1563 996 Cato
1581 968 1614 996 II.
1640 969 1675 996 de
1699 979 1728 996 re
1750 969 1853 997 rustic.
1876 969 1924 1004 5.;
1954 969 2033 997 cele-

82 1013 167 1042 brata
191 1014 251 1044 VlI.
274 1014 393 1043 kalend.
419 1015 494 1043 Maii.
533 1015 645 1043 Glossis
672 1014 779 1044 θυσίαι
809 1012 972 1054 ἐγκύμονος
998 1011 1079 1054 βοός.
1123 1013 1198 1042 Vide
1220 1012 1297 1041 infra
1321 1010 1447 1048 Horda‚-
1485 1011 1646 1040 Varronem
1671 1011 1720 1039 lib.
1734 1011 1765 1041 V.
1792 1009 1894 1039 Goth.
1938 1011 2033 1040 Boves

76 1055 203 1094 fordae;
232 1056 464 1097 ἐγκυμονοῦσαι.
494 1055 604 1085 Idem.
646 1055 770 1085 Hordus
793 1061 820 1085 et
843 1055 967 1087 Fordus.
1007 1057 1173 1094 Utrumque
1198 1055 1378 1084 vocabulum
1399 1054 1576 1082 descendere
1599 1064 1614 1081 a
1638 1054 1786 1081 Sanscrita
1808 1052 1907 1081 radice
1931 1052 2032 1088 bhri,

81 1098 112 1127 h.
133 1108 159 1128 e.
183 1109 199 1127 a
222 1099 394 1128 Latinorum
412 1100 505 1138 serre,
535 1099 628 1128 multa
651 1104 722 1128 sunt
744 1099 920 1128 testimonia.
965 1099 1013 1128 Sic
1036 1099 1207 1128 Latinorum
1232 1109 1298 1134 cor,
1329 1095 1480 1132 cord-is,
1503 1101 1545 1125 est
1567 1096 1746 1124 Sanscritum
1771 1094 1854 1132 hrid,
1880 1096 1960 1134 quod
1982 1095 2033 1124 de-

81 1141 198 1170 scendit
221 1152 236 1169 a
259 1141 321 1179 liri,
351 1143 452 1181 capio,
483 1152 592 1180 carpo,
620 1141 773 1182 percipio,
805 1142 978 1171 Latinorum
1000 1149 1098 1178 vorto,
1126 1149 1223 1177 verto,
1255 1139 1411 1168 descendit
1432 1151 1448 1168 a
1471 1139 1622 1167 Sanscrito
1644 1139 1708 1167 vrit.
1752 1137 1799 1166 Bk
1821 1138 1978 1173 Indorum,
2003 1142 2033 1167 et

81 1184 254 1212 Latinorum
273 1184 312 1221 F,
336 1186 417 1223 quod
440 1185 518 1213 iden]
540 1194 628 1222 saepe
652 1185 682 1213 in
705 1184 857 1213 sanserito
880 1195 1015 1213 sermone
1039 1185 1145 1214 transit
1167 1185 1197 1212 in
1221 1182 1271 1219 H,
1297 1182 1480 1221 frequentius
1504 1187 1601 1210 tamen
1625 1181 1705 1219 apud
1730 1180 1855 1210 Latinos.
1887 1181 1930 1208 Cf.
1948 1179 2031 1209 Hor-

81 1227 172 1263 miae,
200 1226 352 1264 Formiae,·
386 1227 535 1263 Hormus,
566 1226 699 1264 Forctis;
733 1226 854 1261 Hedus‚
884 1226 980 1256 Fedus
1008 1232 1036 1256 et
1064 1227 1130 1257 alia.
1174 1226 1330 1254 Simillimo
1354 1225 1442 1254 modo
1465 1225 1649 1253 Sanscritum
1673 1222 1772 1251 &humi
1793 1228 1837 1251 est
1860 1223 2030 1252 Latinorum

82 1268 203 1306 humus,
225 1269 305 1298 unde
328 1269 479 1298 hliuvanas
502 1269 529 1306 (a
552 1269 682 1298 breviori
705 1269 798 1297 forma
824 1268 909 1308 blm),
932 1269 1096 1305 humanus,
1120 1269 1274 1305 blzaumas,
1297 1267 1396 1297 homo.

245 1318 399 1350 Foedus.
445 1319 546 1358 virgil.
568 1321 621 1350 lib.
635 1321 712 1349 VIII.
736 1320 808 1349 Aen.
833 1320 881 1358 (v.
894 1322 984 1357 641.)
1008 1319 1134 1349 Fetiales
1162 1325 1260 1349 autem
1288 1319 1345 1347 dici
1372 1323 1495 1358 apparet
1518 1318 1546 1346 in
1570 1317 1720 1346 veteribus
1742 1316 1939 1345 monumentis
1962 1320 1992 1345 et
2015 1326 2031 1344 a

81 1361 200 1391 Graecis
222 1362 364 1400 Dionysio
388 1367 416 1391 et
438 1362 598 1392 Plutarcho
621 1364 662 1392 ita
683 1363 873 1402 appellantur
896 1373 911 1390 a
935 1363 995 1391 feta
1018 1364 1144 1392 fortasse
1167 1373 1262 1392 caesa.
1305 1362 1378 1390 Vide
1398 1361 1494 1390 Porci.
1515 1361 1603 1390 Ant.
1622 1360 1714 1399 Aug.
1763 1360 1836 1388 Vide
1859 1361 1889 1388 in
1912 1357 2030 1387 Fedum.

78 1405 117 1433 Et
138 1405 264 1434 sortasse
286 1404 335 1433 hic
358 1404 460 1434 Fostia
482 1415 538 1443 pro
562 1405 659 1434 hostia
681 1405 882 1434 scribendum.
925 1405 1028 1434 Velius
1051 1406 1169 1443 Longus
1191 1406 1228 1434 de
1251 1404 1472 1442 Orthographia
1496 1404 1574 1441 (pag.
1588 1405 1680 1434 2230.
1699 1401 1848 1440 Putsch.):
1880 1399 2031 1441 Siquidem

80 1454 111 1475 ut
133 1448 213 1476 iestis
235 1455 276 1476 est
303 1447 415 1483 Varro,
446 1458 464 1476 a
488 1447 607 1477 Sabinis
630 1447 745 1477 Fas-ena
768 1447 893 1483 dicitur,
923 1455 949 1476 et
971 1449 1046 1477 sicut
1071 1448 1094 1477 S
1110 1447 1304 1487 familiariter
1325 1448 1355 1476 in
1378 1446 1409 1475 R
1432 1447 1554 1482 transit,
1587 1446 1629 1474 ita
1652 1444 1679 1472 F
1698 1446 1727 1473 in
1750 1445 1875 1474 vicinam
1899 1443 2032 1482 transpi-

80 1490 222 1518 rationem
251 1497 401 1527 mutatur‚·
436 1489 569 1519 similiter
596 1502 664 1529 ergo
693 1499 719 1519 et
745 1489 854 1519 hoedos
877 1489 1002 1519 dicimus
1025 1502 1090 1520 cum
1114 1492 1308 1529 aspiratione,
1344 1491 1483 1530 quoniam
1501 1487 1586 1526 foedi
1609 1486 1760 1516 dicebatur
1781 1485 1861 1526 apud
1883 1486 2030 1525 antiquos,

79 1531 146 1560 item
169 1530 280 1569 hircos,
309 1532 446 1571 quoniam
469 1531 581 1560 eosdem
605 1544 694 1572 aeque
708 1535 801 1571 fircos
823 1531 979 1561 vocabant.
1004 1532 1108 1563 Fulv.
1137 1533 1213 1562 Urs.
1259 1533 1312 1560 Vel
1336 1543 1350 1560 a
1368 1532 1475 1570 ferire,
1508 1532 1555 1560 vel
1578 1541 1593 1558 a
1610 1529 1720 1568 forda,
1749 1532 1798 1558 vel
1822 1540 1837 1556 a
1855 1527 1958 1567 foede,
1982 1527 2031 1556 vel

79 1572 191 1612 afide,
221 1574 271 1602 vel
294 1575 329 1602 ab
354 1572 487 1602 Haedus.
531 1574 590 1603 Sed
612 1580 657 1603 est
680 1586 695 1603 a
711 1573 813 1613 fidus;
837 1584 905 1602 nam
928 1579 957 1603 et
971 1573 1053 1613 fidus
1074 1585 1131 1614 pro
1148 1574 1257 1614 foedus
1280 1575 1357 1604 dixit
1378 1574 1502 1603 Ennius.
1524 1573 1580 1601 Da
1591 1584 1614 1603 c.
1649 1571 1771 1601 Hostia.
1807 1572 1922 1608 Fadia,
1944 1575 1978 1599 ut
1998 1569 2028 1598 in

80 1625 109 1644 v,
131 1614 252 1646 Fedum.
285 1615 401 1652 Foeda3
425 1614 516 1653 feda,
541 1617 617 1655 feta.
667 1615 771 1647 Goth.

245 1665 432 1705 Forcipes.
480 1666 580 1694 Velius
604 1667 722 1705 Longus
746 1666 823 1706 (pag.
839 1670 930 1700 2232.
950 1667 1099 1708 Putsch.):
1122 1668 1261 1707 Forcipes
1283 1666 1408 1697 dicimus
1430 1667 1469 1697 ab
1493 1679 1540 1704 eo,
1565 1665 1645 1708 quod
1661 1667 1791 1705 formum
1814 1665 1947 1704 capiunt,
1969 1663 1988 1692 i.
2005 1674 2028 1692 e.

80 1705 222 1737 calidum.
249 1707 348 1736 Fulv.
377 1707 453 1736 Urs.
498 1707 702 1748 Formicapes,
733 1710 878 1750 forcipes,
917 1711 941 1740 si
964 1712 1050 1741 Festo
1080 1711 1246 1740 credimus:
1282 1710 1340 1739 Sed
1363 1711 1468 1740 melius
1491 1711 1606 1749 aserro
1633 1710 1716 1748 quasi
1740 1708 1910 1747 ferricapes.
1941 1705 2027 1735 Dac.

80 1749 189 1779 Forma
210 1748 243 1779 id
262 1757 303 1778 est
325 1748 436 1779 calida.
479 1750 561 1779 Idem
586 1752 685 1780 velius
709 1753 824 1790 Longus
847 1753 924 1782 libro
947 1754 984 1783 de
1008 1753 1238 1792 Orthographia.
1285 1751 1390 1782 Goth.

244 1799 432 1830 Forbeam.
477 1802 611 1830 Servius:
633 1802 745 1841 fibrae,
768 1802 881 1835 herbae.
920 1803 1022 1844 Nigid.
1048 1803 1215 1834 Commenta
1241 1802 1486 1833 Grammaticali:
1510 1799 1657 1841 φορβή,
1680 1799 1731 1830 sed
1753 1807 1839 1829 antea
1862 1798 1953 1828 Fibra
1975 1796 2029 1827 di·-

80 1849 129 1872 σία
151 1850 206 1879 est,
237 1850 269 1871 ut
292 1854 368 1872 nunc
389 1843 475 1872 eiiam
499 1846 601 1874 rustici
623 1844 734 1877 dicunt.
778 1846 859 1874 Haec
883 1847 1020 1884 Servius,
1053 1848 1104 1885 qui
1128 1847 1224 1875 adhuc
1247 1850 1291 1874 est
1313 1846 1343 1873 in
1367 1845 1542 1874 conditoriis
1565 1844 1672 1874 eruditi
1696 1843 1782 1872 amici
1804 1842 1899 1871 nostri
1920 1841 1950 1870 P.
1969 1840 2028 1868 Da-

78 1885 175 1915 nielis.
209 1885 252 1914 Ex
275 1886 382 1924 quibus
405 1887 542 1925 suspicor
565 1888 742 1917 alterutrum
767 1889 943 1927 scriptorem
968 1900 1003 1917 ex
1028 1890 1123 1918 altero
1146 1888 1375 1918 emendandum.
1398 1887 1496 1918 Scal.
1535 1890 1558 1916 A
1580 1888 1694 1916 Graeco
1717 1883 1847 1926 φορβειᾶ
1870 1894 1924 1923 pro
1949 1893 2027 1922 φορ-

79 1926 137 1967 βή,
161 1928 241 1967 quod
265 1928 344 1967 apud
367 1928 487 1957 Suidam
512 1930 634 1967 legitur:
659 1928 776 1970 φυρβὴ,
801 1932 918 1972 φέρβω,
940 1943 1041 1971 pascO.
1069 1932 1158 1961 Dae.
1200 1932 1253 1959 Alii
1278 1931 1403 1960 Fibram.
1430 1928 1550 1970 φορβή;
1574 1935 1659 1958 antea
1681 1929 1777 1957 Fibra.
1826 1925 1929 1956 Goth.

243 1969 417 2002 Foedum.
461 1970 579 2000 Fedum.
611 1973 705 2001 Varro
729 1973 778 2001 lib.
792 1974 841 2003 IV.
865 1975 902 2003 de
925 1975 955 2002 [A-
975 1975 1004 2003 L.
1025 1975 1080 2012 (V,
1106 1985 1131 2011 p.
1147 1977 1196 2005 99.
1217 1975 1257 2012 Sp
1271 1973 1296 2011 ):
1322 1972 1434 2002 Hircus
1457 1971 1537 2013 quod
1560 1971 1666 2000 Sabini
1679 1973 1791 2010 fircus:
1812 1975 1838 1997 et
1860 1965 1939 2008 quod
1961 1965 2026 1996 illic

72 2010 160 2051 sedus
182 2013 212 2041 in
230 2013 323 2042 Latio
347 2025 411 2042 rure
432 2012 537 2050 Indus,
561 2014 640 2054 quod
663 2017 692 2044 in
716 2014 786 2044 urbe
808 2023 838 2044 ui
860 2017 889 2045 in
913 2015 1029 2053 mullis,
1053 2028 1070 2045 a
1089 2015 1212 2052 addito,
1236 2014 1346 2043 haedus
1369 2015 1490 2052 (Editur
1507 2026 1522 2043 a
1540 2016 1590 2053 Sp.
1608 2015 1703 2050 ircus,
1725 2011 1809 2048 edus,
1832 2008 1938 2046 aecius,
1961 2009 2025 2038 siue

78 2054 296 2094 aspiratione).
335 2055 380 2084 Ab
403 2057 530 2094 antiquis
554 2058 674 2086 Graecis
698 2057 858 2086 dcduclum
882 2064 973 2098 puto,
998 2060 1046 2096 qui
1071 2070 1126 2098 pro
1151 2059 1278 2097 aspirata
1302 2058 1453 2096 ponebant
1477 2058 1506 2085 F.
1546 2058 1643 2085 Latini
1665 2056 1751 2084 etiam
1774 2054 1839 2082 vice
1862 2063 1946 2081 versa
1967 2061 2023 2091 pro

77 2097 92 2125 f
111 2097 273 2126 utebantur
294 2098 423 2136 aspirata
446 2097 476 2127 h.
520 2100 568 2127 Sic
592 2099 702 2129 herceis
724 2100 861 2129 dicebant
886 2112 939 2139 pro
958 2102 1081 2140 formis,
1109 2101 1190 2139 quod
1214 2105 1241 2129 et
1264 2100 1403 2138 Hispanis
1425 2100 1577 2128 familiare.
1604 2099 1688 2128 Dae.
1735 2096 1816 2125 Adde
1840 2095 1967 2124 Nonium
1992 2095 2023 2123 in

76 2139 217 2170 Foedum.
249 2139 378 2177 Fosiim3
401 2141 516 2172 fosiom.
544 2140 675 2170 Fostiam
696 2153 752 2182 pro
774 2142 880 2173 hostia.
910 2144 952 2172 lta
977 2144 1129 2182 legendum
1154 2144 1183 2172 in
1205 2153 1234 2172 v.
1250 2141 1384 2182 Foedus;
1407 2143 1478 2182 quin
1501 2147 1530 2171 et
1549 2142 1591 2171 ita
1611 2139 1800 2169 scribendum
1821 2138 1922 2168 Velius
1946 2138 2023 2166 Lon-

75 2192 130 2221 gus
152 2182 190 2212 de
213 2182 433 2221 Orthographia
455 2184 556 2212 refert.
602 2182 708 2213 Goth.

240 2224 408 2255 Furvum.
453 2226 568 2255 Furvus
591 2231 635 2255 est
658 2227 741 2255 color
764 2226 812 2265 qni
836 2237 871 2255 ox
894 2227 1048 2256 adustione
1072 2233 1270 2266 comparatur.
1315 2227 1338 2256 Α
1356 2228 1455 2266 ferveo
1479 2226 1560 2267 quasi
1576 2225 1685 2264 servus.
1725 2224 1782 2253 Vel
1804 2229 1838 2253 ut
1858 2222 1981 2251 Vossius
2004 2230 2020 2248 fl

76 2262 183 2306 φαῖζω,
207 2272 317 2298 torreo.
354 2269 429 2296 Nam
452 2273 480 2297 et
503 2269 571 2297 olim
595 2268 732 2298 dicebant
748 2269 862 2307 susuus.
887 2269 971 2299 Dac.
1015 2269 1096 2300 Hinc
1119 2269 1198 2300 dicta
1217 2271 1342 2309 furnus,
1368 2271 1475 2309 furiae.
1514 2270 1631 2297 Furnus
1655 2267 1774 2306 quidem
1799 2279 1814 2296 a
1830 2266 1920 2305 furvo
1940 2267 2019 2292 recte

75 2309 145 2338 duci
169 2310 277 2348 possit,
308 2310 359 2338 sed
382 2311 412 2338 in
435 2312 559 2350 reliquis
582 2311 683 2340 Festus
706 2313 822 2350 ineptus
844 2317 896 2341 est.
935 2312 1022 2341 Furia
1045 2313 1120 2341 enim
1145 2324 1160 2342 a
1177 2313 1294 2352 furere-,-
1318 2312 1417 2353 fuligo
1437 2323 1452 2340 a
1469 2312 1572 2351 sumo,
1604 2312 1687 2349 quasi
1705 2308 1865 2350 fumiligo3
1894 2307 1979 2352 sunus
2001 2313 2017 2331 a

77 2352 224 2381 funalibus
247 2353 310 2381 sive
332 2353 431 2391 potius
455 2364 469 2382 a
494 2352 599 2390 φόνος.
635 2353 743 2383 Fumus
765 2354 801 2382 ab
826 2354 944 2384 Aeolico
968 2353 1067 2395 φύμος
1088 2366 1143 2395 pro
1165 2355 1282 2395 θυμός,·
1307 2354 1404 2395 πνοή,
1427 2352 1494 2396 ἀήρ.
1518 2354 1604 2385 Dac-
1630 2355 1654 2392 §
1666 2355 1695 2384 2.
1717 2353 1813 2383 instit.
1838 2351 1874 2380 de
1897 2348 2014 2384 obhgsst·

77 2404 113 2423 ex
135 2395 243 2424 delicto
265 2395 284 2423 l.
299 2398 325 2427 1.
349 2396 457 2433 §.2.1r.
481 2396 519 2426 de
542 2396 635 2426 furtis.
684 2395 788 2427 Goth.
