2263 2668
243 200 319 234 480
671 193 1015 230 COMMENTARH
1042 193 1089 227 ΙΝ
1115 193 1257 227 PAULI
1284 195 1479 230 DIACONI
1506 194 1761 229 EXCERPTA

246 293 270 321 Α
294 292 359 322 lura
383 290 455 320 dicti
477 289 610 318 lurcones
626 292 654 316 et
670 285 782 315 lurcari
800 285 883 324 quasi
898 283 1044 314 luricones
1062 289 1092 314 et
1109 283 1250 323 luricari‚
1271 287 1329 316 hoc
1347 292 1405 323 est,
1431 288 1513 316 cibos
1529 288 1558 316 in
1573 292 1685 325 utrem,
1708 288 1740 317 in
1758 291 1891 317 ventrem
1909 288 2050 327 ingerere.
2081 293 2190 322 Lucil*

827 336 864 365 Ut
887 335 1070 364 Zure-arentur
1091 335 1208 366 lardum
1231 346 1256 367 et
1279 339 1417 367 carnaria
1431 338 1545 380 furtim

822 378 945 407 Patrum
967 379 1148 418 corficereni.

249 439 334 467 Dae.
379 434 422 462 Cf.
452 432 581 460 Nonium
612 432 696 470 (pag.
711 433 759 462 10.
773 440 833 468 seq.
862 429 969 466 Mero.)
999 430 1030 457 in
1060 440 1106 458 vv.
1135 429 1294 460 Lurcones.
1339 431 1437 462 Gloss,
1469 430 1536 459 Mss.
1565 429 1742 465 maeones,
1780 428 1973 461 devoratores.
2016 433 2054 462 Et
2081 433 2192 471 Lurco,

245 479 350 519 glutto.
399 474 504 505 Goth.

411 517 623 546 Lusit-icus.
668 514 868 543 Tertullianus
898 513 979 542 hunc
1009 514 1085 543 diem
1109 520 1196 544 vocat
1219 513 1410 550 Nominalia,
1446 514 1523 543 libro
1548 514 1582 542 de
1606 513 1779 542 Idololatria
1803 513 1942 554 (c.16.):
1984 514 2069 545 Circa
2092 517 2194 558 officia

250 574 315 592 vero
336 562 519 601 privatarum
543 565 568 586 ei
589 558 783 587 communium
808 555 1012 585 solenni-'aium
1036 565 1061 585 et
1085 565 1169 596 togae
1188 569 1291 596 purae,
1315 564 1345 585 ut
1361 556 1562 596 sponsalium,
1585 565 1616 585 ul
1631 554 1825 596 nuptialium,
1850 564 1880 584 ut
1895 557 2106 594 nominalium,
2130 559 2193 588 nul-

248 604 307 634 lum
329 612 400 643 puto
422 599 585 641 periculum
609 600 756 629 observari
779 598 813 626 de
834 606 912 627 siaiu
936 598 1133 628 idololatriae.
1169 599 1369 628 Glossarium:
1393 599 1581 640 No-minaliffi
1607 597 1834 638 ὄνοματοθεσία.
1867 599 1973 628 Graeci
1996 597 2192 641 α’μφιὸρόμια,

249 648 370 676 Glossae
385 646 581 674 Graecorum:
600 639 823 681 Ἀμφιὸρόμια,
848 638 943 679 ἡμέρα
966 639 1098 681 α’γομένη
1121 647 1183 678 τοῖς
1205 644 1351 679 παιδίοις,
1375 642 1406 672 ἐν
1429 641 1447 684 ᾑ
1471 641 1502 672 τὸ
1525 643 1638 681 βρέφος
1660 641 1727 678 περὶ
1750 640 1805 679 τήν
1827 641 1924 671 ἑστίαν
1948 643 2057 682 ἔφερον
2079 645 2194 683 τρέχον-

248 703 295 725 τες
320 687 436 729 κύκλῳ,
468 686 518 716 καὶ
541 685 715 715 ἐπετίθεσαν
739 682 820 724 αὐτῷ
845 681 954 723 ὄνομα,
987 683 1033 714 ὅτε
1057 681 1116 715 ὑπὸ
1140 688 1197 714 τῶν
1221 686 1338 714 οἰκείων
1362 685 1411 715 καὶ
1435 686 1530 721 φίλων
1554 688 1634 721 doum
1657 684 1810 721 ἐπέμπετο.
1856 684 1940 719 Quae
1963 687 2059 714 omnia
2083 697 2194 716 morem

250 731 486 764 Atheniensium,
526 728 576 765 qui
605 732 702 756 exstat
730 727 809 765 apud
835 727 1003 755 Terentium
1033 728 1063 755 in
1092 727 1236 766 protatica
1266 737 1393 765 persona
1422 728 1534 765 primae
1564 737 1668 755 scenae
1692 726 1878 755 Phormionis
1902 727 2083 758 Comoediae,
2128 730 2194 757 Non

248 780 345 804 tamen
368 774 396 801 in
416 770 650 810 Amphidroniiis
672 772 865 808 imponebant
888 770 1023 806 nomina,
1047 775 1079 798 ut
1101 769 1150 798 hic
1175 770 1298 806 dicitur,
1323 769 1373 798 sed
1399 770 1510 798 decima
1535 775 1602 807 post
1625 774 1726 797 natum
1751 779 1877 808 puerum
1900 769 1957 800 die.
1988 771 2091 809 Itaque
2113 772 2194 810 apud

249 817 366 845 fluidam
391 814 550 851 integriora
575 812 647 840 haec
676 813 765 841 verba
795 811 961 840 habentur:
1000 813 1058 842 Καὶ
1077 815 1113 853 τῇ
1136 810 1242 850 δεκάτῃ
1266 813 1404 842 ἐτίθεσαν
1428 810 1511 842 αὐτῶ
1530 810 1634 850 ὄνομα.
1679 812 1736 839 Sed
1760 811 1796 839 de
1818 812 1944 840 lustrico
1967 813 2016 841 die
2038 813 2108 842 vide
2130 824 2195 842 am-

249 860 328 899 plius
352 856 544 886 Plutarchum
567 857 596 883 in
621 855 824 890 Quaestionib.
850 854 957 893 (102).
994 855 1031 883 Et
1053 855 1180 883 Macrob.
1203 855 1253 885 lit),
1269 855 1288 883 l.
1312 856 1458 884 Saturnal.
1484 845 1521 893 (c.
1538 856 1597 893 16.)
1623 855 1658 882 de
1681 854 1819 882 Nundina
1843 855 1908 883 Dea.
1939 853 2038 884 Scal.
2080 857 2196 885 Lustri-

249 912 301 930 cus
324 900 405 936 dies,
430 909 487 937 quo
512 898 608 926 infans
632 899 791 933 lustratur,
815 897 844 925 id
869 902 913 925 est
936 898 1089 935 expiatur,
1112 898 1295 936 purificatur.
1335 899 1455 926 sueton.
1479 899 1587 926 Neron.
1612 899 1738 935 cap.6.:
1766 895 1901 925 Eiusdem
1915 896 2044 937 suturae
2065 897 2195 938 infelici-

249 945 318 972 tatis
342 944 456 982 signum
480 939 595 969 evidens
618 939 664 969 die
687 939 807 969 lustrico
831 940 939 970 extitit.
971 940 1042 968 Ideo
1066 939 1199 969 lustralis
1221 938 1389 968 solemnitas
1412 940 1523 969 dicitur
1545 938 1731 978 Symmacho.
1765 939 1799 967 Et
1822 939 1903 967 hunc
1927 940 2092 977 puellarum
2116 946 2195 969 octa-

250 997 319 1014 vum
350 986 441 1013 fuisse
474 993 646 1021 nonumque
669 993 829 1022 puerorum
854 983 1042 1011 consentiunt
1062 981 1212 1011 Plutaich.
1236 987 1263 1010 et
1287 983 1417 1011 Mam-ob.
1441 984 1477 1020 (l.
1498 986 1560 1019 cc.)
1584 983 1597 1010 'l
1609 982 1783 1010 ertullianus
1806 991 1869 1009 eam
1896 982 1973 1010 diem
1995 982 2196 1013 hebdomadae

249 1029 382 1057 ultimam
407 1032 510 1062 vocat,
543 1025 621 1064 quod
645 1036 702 1053 non
726 1031 882 1064 repugnat,
928 1025 1005 1053 Nihil
1029 1025 1103 1053 enim
1127 1030 1222 1059 vetat,
1254 1030 1285 1052 ut
1308 1026 1418 1063 optime
1443 1025 1563 1054 doctiss.
1588 1024 1778 1052 casaubonus
1801 1024 1830 1052 in
1855 1025 2003 1062 Persium,
2029 1025 2105 1054 diem
2128 1037 2196 1055 eau-

250 1071 316 1099 dem
345 1070 481 1099 ultimam
511 1078 574 1096 esse
604 1068 808 1096 hebdomadae
838 1072 865 1095 et
897 1068 1058 1096 nativitatis
1087 1073 1220 1095 octavam
1248 1068 1294 1095 vel
1318 1078 1436 1098 nonam.
1482 1068 1526 1096 Ita
1550 1073 1646 1095 autem
1670 1077 1777 1095 nomen
1799 1067 2000 1104 imponebant.
2043 1068 2197 1106 Eligebant

251 1114 364 1142 scilicet
386 1113 534 1150 aliquem,
559 1111 609 1148 qni
634 1116 780 1149 praeesset
803 1109 873 1138 hnic
895 1110 1022 1138 nominis
1046 1111 1226 1149 impositioni
1251 1111 1373 1148 eiusque
1398 1112 1480 1149 quasi
1505 1110 1642 1148 magister
1665 1110 1755 1145 soret,
1781 1114 1812 1137 ut
1834 1109 1923 1137 hodie
1945 1110 2024 1148 apud
2047 1121 2110 1139 nos.
2143 1113 2197 1140 Po-

251 1158 348 1194 lyaen.
367 1157 492 1191 Strateg.
512 1153 564 1182 lib.
580 1153 641 1181 VL:
668 1151 782 1191 Κύριον
807 1151 882 1183 εἶναι
905 1155 956 1191 τῆς
978 1153 1091 1188 θέσεως
1112 1155 1165 1182 τοῦ
1189 1150 1336 1190 ὀνόματος
1358 1157 1411 1183 τοῦ
1434 1154 1567 1183 παιδίου.
1607 1152 1774 1190 Aliquando
1798 1153 1884 1180 etiam
1909 1152 2005 1180 omina
2029 1154 2197 1191 captabant,

251 1204 284 1227 ut
307 1208 413 1227 nomen
435 1198 630 1235 imponerent.
672 1196 810 1223 Accensis
832 1195 907 1224 enim
932 1196 1032 1224 multis
1055 1195 1217 1223 luminibus
1241 1196 1401 1233 unicuique
1424 1206 1532 1224 nomen
1555 1195 1756 1232 assignabant,
1779 1200 1867 1232 atque
1891 1195 1953 1223 eius
1976 1195 2094 1223 demum
2118 1197 2197 1234 quod

252 1241 378 1270 caeteris
402 1239 540 1268 extinctis
564 1238 787 1276 supervixerat,
828 1248 933 1266 nomen
959 1238 1140 1276 arripiebant
1163 1248 1196 1266 ac
1220 1248 1313 1276 pueio
1336 1238 1537 1277 impombant.
1582 1238 1674 1275 idque
1696 1247 1747 1265 sua
1771 1242 1866 1265 aetate
1889 1237 1987 1266 adhuc
2010 1237 2198 1268 observatum

251 1284 342 1312 fuisse
366 1284 500 1322 queritur
524 1282 555 1309 l).
580 1280 808 1318 Cllrysostomus
832 1280 862 1308 in
885 1282 913 1312 4.
935 1286 1025 1319 caput
1048 1280 1158 1319 prioris
1182 1281 1218 1308 ad
1242 1280 1420 1310 Corinthios.
1446 1281 1532 1311 Dac.
1575 1281 1641 1308 Dixi
1664 1279 1700 1307 ad
1723 1280 1850 1308 Nonium
1874 1279 1904 1307 in
1928 1290 1992 1319 cap.
2007 1282 2055 1313 15.
2093 1279 2197 1314 Goth,

418 1331 567 1361 Luridi.
612 1332 732 1361 Graeci:
756 1330 869 1360 luridus
891 1329 1051 1370 ἰκτερικός,
1076 1328 1182 1370 ὦχρος.
1207 1330 1309 1360 Scal.
1341 1332 1366 1360 A
1381 1329 1462 1367 loro,
1486 1331 1537 1368 qui
1560 1331 1617 1359 lori
1640 1330 1770 1359 colorem
1793 1331 1934 1359 referunt.
1957 1330 2045 1361 Dae.
2076 1332 2120 1361 Gl.
2141 1332 2198 1361 Lu-

253 1376 337 1411 rida,
359 1375 493 1414 pallida,
515 1373 656 1411 sordida,
680 1372 819 1412 ἰκτερικά.
867 1372 968 1402 Goth.

417 1424 702 1466 Lyrnessiades.
747 1425 791 1454 Ex
813 1425 959 1463 Lyrnesso
989 1425 1124 1461 oriundi,
1161 1435 1235 1463 quae
1266 1424 1334 1453 urbs
1360 1429 1420 1453 erat
1444 1424 1475 1452 in
1498 1435 1550 1453 ora
1572 1424 1693 1461 Troiae,
1729 1424 1808 1453 unde
1830 1423 1959 1453 Achilles
1982 1424 2105 1453 abstulit
2128 1425 2199 1454 Bri-

253 1470 343 1498 seida.
377 1469 434 1497 Alii
457 1469 634 1507 Lyrnessum
658 1469 687 1496 in
711 1467 810 1495 Sicilia
834 1473 958 1506 ponunt.
993 1468 1072 1495 lnfra
1096 1468 1252 1505 legendum
1277 1466 1381 1498 dictae.
1415 1467 1623 1506 Lyrnessiades
1647 1467 1723 1495 enim
1747 1466 1778 1497 τό
1803 1464 1942 1505 θηλικόν.
1985 1466 2073 1496 Duc.

418 1518 634 1548 Loebesum.
680 1518 719 1545 Ut
747 1528 784 1546 ex
808 1518 921 1546 Gracco
949 1519 1083 1556 exemplo
1108 1524 1230 1557 apparet
1253 1529 1285 1547 oe
1308 1529 1363 1556 pro
1388 1519 1413 1546 εἰ
1434 1524 1607 1557 usurpatum
1632 1519 1722 1546 fuisse
1745 1517 1862 1546 dicebat
1885 1517 2009 1546 sortasse
2031 1518 2200 1556 Pompeius.

253 1564 357 1601 ltaque
378 1561 520 1591 loebesnm
544 1571 599 1600 pro
624 1559 758 1589 Zeibesum
782 1560 842 1589 sive
866 1559 1002 1588 leiberum
1026 1566 1054 1588 et
1077 1559 1259 1589 loeberturcm
1282 1571 1338 1598 pro
1362 1559 1537 1589 leibertatem
1561 1561 1743 1596 scribebant,
1767 1564 1868 1598 postea
1892 1558 2028 1588 leiberum
2051 1565 2080 1589 et
2102 1559 2200 1589 Zeiber-

253 1613 357 1641 tatem,
383 1605 418 1632 ml
443 1608 607 1632 extremum
630 1601 751 1631 liberum
776 1607 804 1630 et
826 1601 996 1631 libertatem.
1042 1604 1133 1631 Extat
1155 1603 1234 1641 apud
1260 1613 1305 1630 me
1328 1603 1465 1631 denarius
1489 1603 1521 1631 C.
1544 1603 1649 1638 Cassii,
1672 1603 1703 1630 in
1727 1612 1785 1640 quo
1809 1601 1951 1640 scriptum
1975 1607 2017 1630 est
2040 1601 2201 1632 Leibertas.

254 1649 303 1675 Sic
326 1648 356 1676 in
380 1647 457 1675 aliis:
497 1646 530 1676 T.
557 1644 652 1675 Deidi.
684 1644 721 1673 L.
749 1643 879 1683 Opeimi‚
914 1642 942 1673 C.
970 1643 1097 1673 Serveili.
1142 1645 1215 1680 Quis
1246 1650 1345 1674 autem
1376 1655 1445 1673 usus
1476 1645 1564 1673 suerit
1594 1645 1683 1673 huius
1710 1643 1906 1683 diphthongi,
1945 1644 2048 1673 docuit
2071 1645 2202 1674 Lucilius

255 1690 332 1729 apud
358 1689 595 1725 Quinctilianum
620 1688 664 1723 (l,
688 1690 724 1723 7,
750 1688 818 1723 15.)
842 1691 871 1714 et
894 1687 1037 1715 Scaurum
1062 1686 1148 1727 (pag.
1162 1688 1255 1719 2255.
1280 1686 1349 1728 P.),
1388 1687 1523 1724 Nigidius
1547 1688 1627 1726 apud
1651 1687 1777 1715 Gellium
1801 1686 1907 1726 (XIII,
1930 1686 1998 1726 25.)
2021 1691 2051 1716 et
2071 1687 2202 1726 Longum

257 1733 340 1772 (pag.
354 1730 481 1770 2220),
513 1736 600 1769 atque
623 1729 815 1758 Terentianus
841 1729 902 1768 (De
925 1729 1036 1767 Syllab.
1061 1740 1089 1758 v.
1104 1731 1176 1761 460.
1190 1729 1300 1768 seqq.).
1346 1730 1401 1758 Sed
1426 1735 1452 1758 et
1477 1731 1562 1758 Cotta
1587 1730 1666 1769 apud
1691 1730 1859 1757 Ciceronem
1883 1729 1998 1758 lib.III.
2022 1729 2058 1758 de
2080 1729 2204 1760 Oratore

258 1777 299 1812 (c.
314 1774 379 1811 10.)
401 1773 602 1812 reprehensus
626 1777 687 1808 est,
711 1772 792 1810 quod
815 1772 876 1800 ictu
899 1772 1017 1801 tolleret
1040 1778 1067 1801 et
1090 1783 1104 1801 e
1126 1772 1245 1810 plenum
1272 1773 1393 1801 diceret.
1427 1772 1499 1800 Vidn
1521 1772 1661 1802 Aboloes.
1684 1773 1770 1801 Ant.
1793 1771 1888 1811 Aug.
1922 1771 2063 1800 Serviane
2086 1772 2205 1802 schedia

259 1820 399 1855 (pagfil.
424 1817 469 1845 ed.
496 1816 595 1853 Dan.):
628 1813 734 1844 Sabim·
759 1812 884 1843 Cererem
905 1826 1011 1854 panem
1034 1813 1201 1855 appellant:
1232 1815 1371 1844 Liberum
1395 1814 1591 1850 Loebasium,
1621 1815 1691 1855 quia
1717 1813 1825 1843 Graece
1847 1813 1931 1854 λοιβή
1955 1813 2064 1843 dicitur
2086 1826 2130 1844 res
2152 1814 2206 1845 di-

259 1860 333 1888 vina.
359 1858 461 1889 Scal.
495 1858 635 1887 Liberum
658 1867 718 1885 non
742 1868 756 1885 a
779 1854 884 1896 λοιβή,
908 1857 959 1885 sed
983 1857 1018 1886 ab
1042 1854 1202 1895 ἐλεύθερος
1225 1858 1298 1895 dici,
1322 1868 1412 1897 supra
1436 1858 1472 1885 ad
1496 1867 1522 1886 v.
1540 1857 1631 1885 Liber
1653 1857 1791 1885 diximus.

424 1908 635 1950 Lycophos.
679 1909 740 1937 Imo
764 1908 893 1945 dictum,
923 1908 1006 1947 quud
1027 1907 1101 1948 λύκη
1125 1909 1179 1937 lux
1203 1908 1283 1948 apud
1306 1914 1434 1945 veteres,
1467 1908 1545 1937 unde
1568 1908 1674 1937 mansit
1696 1909 1725 1936 in
1750 1904 1921 1950 ἄμφιλύκῃ,
1950 1908 2018 1936 inde
2040 1909 2126 1937 etiam
2149 1907 2206 1939 lux

264 1955 291 1977 et
313 1949 412 1981 lucere.
438 1950 537 1981 scal.
583 1952 695 1979 Graece
717 1949 860 1990 λυκόφως
882 1960 1028 1980 summum
1051 1951 1233 1988 diluculum,
1271 1951 1372 1980 ultima
1395 1961 1464 1990 pars
1487 1950 1584 1980 noctis
1606 1951 1661 1979 sub
1685 1955 1822 1979 exortum
1847 1960 1986 1987 aurorae,
2017 1961 2077 1979 non
2100 1962 2115 1980 a
2139 1954 2207 1983 λευ-

263 1990 318 2021 κὸν
341 1995 420 2029 φῶς,
445 1999 476 2022 ut
499 1998 585 2032 putat
605 1994 724 2030 Festus,
751 1994 803 2022 sed
826 2005 841 2022 a
863 1991 947 2035 λύκῃ.
991 1993 1081 2024 Dae.

427 2043 643 2073 Libertatis
667 2042 853 2084 templum.
899 2044 920 2072 A
943 2049 1027 2083 patre
1050 2044 1114 2073 Tib.
1139 2045 1268 2074 Gracchi
1292 2050 1320 2074 et
1343 2044 1497 2074 conditum
1520 2049 1547 2073 et
1571 2044 1750 2073 dedicatum.
1789 2044 1850 2073 Liv.
1872 2043 1924 2075 lib.
1938 2044 2046 2076 XXIV.
2070 2048 2204 2077 sect.16.

265 2083 350 2112 Dae.
384 2081 592 2115 Constructum.
624 2087 834 2116 constitutum.
882 2085 988 2116 Goth.

344 2175 349 2180 .
427 2133 583 2173 Lingua.
626 2137 700 2167 Par-s
730 2139 869 2178 corporis.
914 2138 956 2167 Eo
986 2138 1152 2176 significatu
1182 2139 1309 2168 sumitur
1336 2139 1364 2167 in
1388 2139 1407 2166 l.
1424 2141 1450 2168 1.
1475 2140 1498 2176 §.
1516 2141 1544 2169 1.
1569 2137 1641 2166 Cod.
1665 2137 1701 2166 de
1724 2137 1811 2168 Offic.
1836 2139 1930 2168 Praet.
1954 2138 1994 2167 ibi
2020 2137 2128 2175 linguis
2151 2138 2207 2167 ab-

267 2176 366 2204 scissis
389 2185 497 2214 poenas
519 2177 610 2215 loqui.
639 2178 744 2210 Goth.
788 2181 924 2219 Lingua,
955 2191 1010 2219 pro
1035 2191 1094 2219 quo
1118 2182 1232 2220 antiqui
1256 2180 1381 2220 elingua,
1405 2185 1437 2209 ut
1459 2182 1549 2209 refert
1571 2180 1683 2208 Marius
1707 2180 1819 2211 Victor.
1843 2191 1910 2220 pag.
1923 2182 2033 2217 2457„
2056 2180 2208 2209 descendit

269 2229 285 2263 a
308 2219 456 2246 Sanscrito
480 2216 635 2257 dschigva‚
665 2223 744 2250 unde
766 2224 946 2251 Graecorum
971 2223 1104 2264 γλῶσσα,
1133 2225 1250 2264 (γλῶχα
1272 2224 1350 2252 unde
1374 2223 1519 2264 ykmxlm)
1542 2222 1651 2262 quibus
1675 2223 1834 2262 respondet
1856 2223 2072 2253 Germanorum
2095 2223 2207 2262 Zange,

269 2261 371 2288 Batav.
396 2260 511 2298 Tonge,
543 2261 660 2298 Anglor.
687 2264 814 2303 Tongue.
858 2266 901 2293 Cf.
927 2276 1002 2304 quae
1026 2276 1114 2305 supra
1139 2267 1269 2295 diximus
1292 2268 1322 2295 in
1345 2276 1372 2295 v.
1395 2264 1538 2305 Lingula.

432 2309 607 2348 Libycus.
649 2312 682 2340 In
706 2314 813 2351 Argeo,
843 2316 894 2344 ubi
918 2322 1020 2355 postea
1044 2318 1128 2346 vicus
1151 2319 1274 2347 Tuscus.
1319 2317 1404 2346 Duc.

433 2359 672 2401 LeparenseS.
717 2364 801 2392 Cives
818 2366 940 2404 Liparae
963 2368 1078 2397 insulae
1101 2369 1163 2397 sive
1179 2369 1362 2408 Lipararum.
1391 2368 1440 2396 Sic
1462 2368 1539 2396 enim
1559 2368 1718 2406 pluraliter
1740 2368 1859 2396 dicitur.
1887 2367 2011 2406 Liparae
2031 2365 2126 2394 insula
2149 2375 2207 2394 una

274 2412 312 2432 ex
332 2402 460 2439 AeoliiS‚
484 2413 558 2441 quae
581 2403 684 2432 Sicano
706 2405 788 2433 litori
811 2407 951 2438 obiectae.
985 2411 1090 2439 Docuit
1112 2416 1209 2439 autem
1233 2411 1423 2440 doctissimus
1445 2409 1627 2447 Bochartus,
1651 2411 1771 2449 Liparas
1793 2410 1906 2439 mollito
1929 2419 2002 2437 sono
2025 2417 2086 2436 esse
2108 2418 2123 2435 a
2146 2408 2207 2436 Pu-

273 2446 340 2474 nico
364 2443 463 2473 nibras
485 2446 532 2476 vel
555 2445 689 2482 nibaras,
713 2447 844 2484 lucerna,
868 2451 995 2488 lampas,
1019 2452 1120 2488 taeda,
1144 2453 1212 2487 fax,
1235 2458 1264 2481 et
1286 2453 1354 2481 inde
1378 2463 1485 2481 nomen
1504 2453 1631 2490 Liparis,
1655 2453 1724 2490 quia
1746 2453 1820 2481 sacis
1841 2452 1934 2480 instar
1955 2454 2046 2478 noctu
2070 2450 2207 2479 lucebant
