2263 2668
816 178 905 211 LlB.
922 177 966 211 ΙΙ.
1001 175 1144 211 SEGM.
1160 177 1218 211 IV.
1938 179 2012 216 145

229 269 263 305 5.
316 268 447 304 Nunc²⁸
472 270 630 314 quoniam
657 269 831 305 docuimus
858 269 964 311 haec,
994 281 1081 313 quae
1107 282 1127 302 a
1149 271 1245 304 nobis
1267 271 1453 307 stultissime
1483 271 1790 318 reprehenduntur,
1815 272 2011 309 indifferen-

65 329 115 357 ter
139 335 159 356 a
183 323 351 368 prioribus
374 322 501 367 posita,
532 326 710 355 structuras
735 323 831 356 nobis
853 321 1069 356 delectabiles
1093 332 1343 367 componamus.

229 393 537 443 Amphibrachys²⁹
564 401 596 430 et
623 398 802 432 molossus:
823 397 983 444 probare
1009 394 1200 434 deberesffl.

232 449 505 495 Amphibrachys
532 453 565 481 et
590 449 752 483 bacchius
779 462 798 483 a
822 451 941 495 longa:
968 450 1094 484 dolore
1120 447 1332 486 detrususffl.

230 503 436 546 Anapaestus
464 505 496 533 et
518 511 628 544 paeon
652 502 782 534 tertius:
802 501 888 548 fieri
907 503 1088 546 potuisset.

231 555 439 597 Anapaestus
465 556 496 585 et
516 552 647 586 Ionicus
672 554 794 586 minor:
820 549 1002 586 modici-9³²
1029 553 1223 586 coluerant.

233 605 439 648 Antispastus
465 607 497 636 et
519 604 697 637 molossus:
725 604 959 638 colz'u‘eredenz
986 604 1134 637 detraxi
1144 601 1177 636 ³³.

232 655 492 700 Amphimacrus
519 659 551 688 et
580 655 717 700 hippius
745 656 920 690 secundus:
948 656 1077 702 optime
1097 655 1286 700 ndvigdvi.

230 707 400 740 Bacchius
427 718 446 739 a
472 707 576 752 longa
602 709 805 752 geminatus:
833 707 996 741 de'tmldit
1024 707 1228 740 hoerefdem.

233 758 401 792 Bacchius
429 763 461 790 et
487 758 664 792 molossus:
691 762 840 793 οᾶηΐᾶνε
856 759 1030 805 fecerunt.

231 809 401 844 Bacchius
428 821 447 842 a
472 810 565 843 brevi
588 815 620 843 et
643 810 779 856 hippius
805 811 985 845 secundus:
1009 810 1149 843 dolores
1174 809 1382 842 detulerunt.

233 859 458 894 Choriambus
489 867 522 894 et
542 861 679 906 hippius
701 863 846 906 primus:
872 862 1091 896 condidimus
1114 857 1352 906 sepultat-affl.

233 912 379 947 Chorius
405 912 441 945 id
464 918 511 946 est
534 913 711 947 trochaeus
739 919 772 946 et
798 914 958 948 bacchius
981 925 999 946 a
1026 914 1145 957 longa:
1173 924 1246 945 esse
1272 912 1455 945 delectum.

231 964 431 998 Trochaeus
453 969 485 998 et
510 976 621 1008 paeon
643 965 755 998 tertius
780 965 903 999 facient
921 966 1014 998 illam
1037 968 1251 1005 structuram,
1276 963 1393 998 Tullio
1415 957 1666 1009 peculiarem³⁵:
1693 971 1766 995 esse
1785 959 1959 995 videatur.

234 1016 393 1060 Dactylus
417 1020 450 1048 et
471 1016 698 1050 ditrochaeus:
725 1017 879 1050 hostibus
887 1014 912 1034 ³⁶
934 1021 1144 1062 temperare.

232 1067 394 1111 Dactylus
422 1072 455 1100 et
478 1067 607 1101 lonicus
636 1080 655 1100 a
679 1068 824 1102 minore:
852 1069 969 1102 onmia
991 1069 1213 1113 placuerunt.

232 1118 453 1152 Ditrochaeus
479 1123 512 1151 et
534 1118 696 1153 bacchius
721 1132 740 1152 a
764 1120 882 1165 longa:
906 1120 1107 1153 vindicatur
1131 1120 1269 1152 electus.

232 1170 394 1214 Dactylus
415 1175 446 1203 et
468 1181 580 1214 paeon
601 1171 729 1203 tertius:
757 1173 893 1205 omium
919 1181 1091 1205 renovare
1100 1167 1132 1204 ³⁷.

229 1221 390 1265 Dactylus
412 1225 444 1254 et
465 1221 676 1266 dispondius:
700 1223 832 1256 Iumina
859 1222 1088 1268 deponebant.

230 1273 391 1317 Epitritus
412 1278 545 1316 quartus
569 1278 601 1306 et
623 1273 784 1307 bacchius
806 1287 825 1308 a
847 1275 967 1319 longa:
993 1267 1241 1308 deducentes³⁸
1267 1270 1455 1304 abducunt.

229 1324 390 1368 Epitritus
413 1329 549 1368 quartus
573 1330 605 1358 et
626 1326 803 1359 molossus:
830 1327 1015 1371 inpellente
1042 1318 1269 1359 ἀπίης-671839.

229 1376 391 1420 Epitritus
414 1377 527 1409 tertius
553 1381 586 1409 et
611 1376 841 1411 ditrochaeus:
864 1378 1024 1423 piratica
1049 1377 1242 1410 liberasset.
1773 1419 1779 1425 η
1878 1366 2011 1414 [1492]

230 1427 377 1472 Hippius
397 1428 527 1470 tertius,
554 1428 589 1461 id
613 1434 661 1461 est
686 1430 798 1462 tertius
826 1430 993 1474 epitritus,
1027 1434 1060 1462 et
1086 1428 1225 1473 hippius
1245 1423 1424 1459 secundus:
1447 1422 1646 1455 dileoeercmt
1668 1418 1877 1463 Caqnones,
1900 1430 2011 1465 prae-

65 1479 186 1513 domos
205 1479 394 1512 vindicasti
402 1476 436 1511 ⁴⁰.

227 1531 362 1564 Ionicus
388 1531 494 1563 maior
516 1535 547 1563 et
572 1530 704 1564 Ionicus
719 1530 840 1564 minor:
864 1532 1034 1576 contagia
1061 1531 1247 1564 doluerunt
1258 1523 1291 1559 ⁴¹.

230 1582 364 1616 Ionicus
386 1583 492 1615 maior
516 1586 548 1615 et
575 1582 804 1616 ditrochaeus:
832 1583 1011 1628 depellere
1035 1582 1243 1616 castitatem.

230 1635 346 1667 Paeon
371 1634 496 1678 primus
521 1638 553 1666 et
574 1634 711 1678 hippius
736 1638 886 1678 quartus:
912 1634 1077 1679 decipere
1100 1629 1361 1666 contendebant.

228 1686 344 1719 Paeon
366 1686 529 1719 secundus
554 1690 585 1719 et
607 1686 828 1730 dispondeus:
845 1687 1013 1731 pericula
1036 1685 1199 1718 devitavi.

230 1736 430 1770 Trochaeus
453 1742 485 1771 et
509 1737 669 1771 bacchius
696 1749 715 1770 a
738 1738 859 1782 longa:
886 1749 983 1771 same
1007 1731 1228 1770 decretumst.

229 1788 437 1833 Tribrachys
461 1794 493 1823 et
515 1789 746 1824 ditrochaeus:
774 1789 939 1823 Cererem
962 1789 1187 1823 decanamus.

1064 1982 1155 2009 tra'oei
1179 1978 1250 2008 Cod.
1277 1974 1423 2005 detraxit
1451 1971 1522 2001 Asc.
1540 1970 1574 2000 P.
1601 1984 1643 1993 -
1686 1969 1735 2007 34)
1757 1966 1915 2008 Ξεριῖῑιιῑνᾶ
1937 1968 2010 1998 eod.

65 1982 133 2010 ubi:
158 1979 198 2010 ad
217 1992 308 2011 meas
329 1994 446 2023 capsas
470 1983 550 2013 adm.
573 2000 615 2006 —
658 1983 705 2024 22)
725 1984 785 2013 Cic.
809 1985 843 2013 In
869 1984 902 2014 V.
923 1988 978 2012 act.
998 1983 1020 2019 I,
1463 2014 1468 2020 ,
1699 2011 1705 2016 .
1846 2010 1852 2016 .

68 2027 117 2056 12.
133 2040 175 2045 —-
210 2022 258 2063 23)
271 2023 534 2065 Reprehendentes
556 2027 621 2057 Asc.
637 2028 668 2055 P.
689 2043 731 2049 —-
774 2028 818 2061 24)
836 2029 944 2055 Breues
963 2025 1020 2052 ad-
1063 2021 1248 2062 sepulturam
1272 2019 1338 2048 Αεο.
1359 2018 1391 2046 Ρ.
1439 2015 1564 2062 Slgrrum
1585 2011 1777 2052 prosodicum
1797 2011 1918 2059 ult1mae
1943 2011 2011 2049 syll,

65 2066 131 2095 didi
147 2076 161 2094 e
177 2066 248 2095 Cod.
264 2083 307 2088 —
336 2068 383 2105 25)
400 2068 492 2097 Alios
508 2070 581 2098 Cod.
601 2068 733 2098 Tullium
749 2068 814 2097 Asc.
831 2070 860 2098 Ρ,
893 2070 1019 2095 Senten-
1061 2076 1117 2104 pro
1138 2064 1252 2093 litterae
1271 2073 1301 2090 m
1321 2061 1403 2098 signo
1429 2057 1563 2086 habltum
1583 2060 1699 2104 est3—
1740 2052 1789 2093 35)
1811 2051 2012 2102 Peculzarufn

64 2110 106 2137 tia
122 2113 182 2137 est:
205 2115 271 2148 post
287 2108 372 2138 illum
390 2117 493 2149 etpost
510 2111 617 2140 multos
632 2110 724 2147 alios,
747 2112 877 2150 quiante
894 2121 955 2138 eum
968 2110 1019 2137 vi-
1061 2108 1093 2137 P.
1108 2117 1207 2136 errore
1220 2114 1386 2144 operarum.
1408 2117 1451 2124 —
1493 2100 1540 2137 36)
1557 2096 1704 2127 Hostzbus
1718 2101 1799 2125 recte
1814 2095 1886 2124 Cod.
1905 2094 2012 2135 hospz-

65 2159 182 2181 xerunt.
210 2167 253 2173 -
297 2150 341 2191 26)
363 2151 527 2181 Disceretur
549 2154 620 2182 cod.
648 2160 811 2182 nosceretur
834 2153 900 2182 Asc.
923 2152 954 2179 P.
977 2167 1018 2173 —-
1061 2148 1138 2178 tibus
1158 2149 1225 2179 Asc.
1238 2149 1268 2179 P.
1287 2163 1325 2168 -
1356 2142 1572 2184 37J-R2'10v‘272
1592 2140 1662 2169 COd·
1685 2149 1819 2168 ⁷⁴⁶²·'00‘17‘2
1837 2137 1906 2167 ΑΒΘ·
1922 2138 1952 2166 P·
1971 2154 2009 2160 ’-

65 2193 112 2231 27)
128 2193 234 2222 Devita
242 2204 258 2221 υ
268 2203 294 2222 ο.
326 2194 369 2221 Ita
388 2195 458 2223 Cod.
474 2206 554 2225 more
570 2207 632 2224 su0.
656 2194 782 2223 devitare
797 2194 934 2223 constitui
951 2193 1016 2222 Asc.
1059 2190 1105 2229 38)
1117 2190 1293 2221 Deducentes
1306 2188 1385 2218 haud
1402 2186 1492 2215 dubie
1505 2185 1623 2232 falsum.
1653 2181 1857 2229 C0d3v1detur
1871 2179 2011 2227 exhibere

64 2236 97 2265 P.
112 2251 153 2258 —
183 2236 230 2274 28)
247 2236 282 2265 H.
299 2236 319 2264 l.
333 2246 398 2265 vero
413 2237 607 2277 interponunt
625 2238 688 2266 Asc.
704 2237 735 2264 P.
752 2252 787 2256 —
823 2236 871 2273 29)
887 2235 1017 2274 Amphi·
1059 2232 1238 2265 deducenter,
1282 2233 1366 2261 Latet
1386 2228 1466 2258 haud
1481 2226 1572 2276 duble-
1591 2225 1711 2254 adverb.
1725 2234 1757 2252 1n
1775 2239 1820 2273 .—-
1834 2229 1911 2251 enter
1929 2222 2010 2272 (11831.-

67 2276 205 2318 brachys
227 2278 299 2307 cod.
325 2278 410 2306 etita
427 2289 541 2318 semper
561 2281 650 2309 etiam
666 2279 695 2306 in
716 2288 797 2315 seqq.
832 2277 1017 2317 Amphibra-
1058 2287 1138 2307 nens.
1163 2292 1205 2299 --
1247 2274 1295 2315 39)
1317 2270 1486 2320 Inpellente
1508 2268 1660 2318 devfncens
1675 2267 1747 2296 cod.
1769 2277 1852 2305 zmp.
1877 2263 2011 2294 devmxzt

67 2320 138 2349 chus
153 2321 220 2349 Asc.
235 2321 266 2350 P.
281 2336 324 2342 —
367 2322 416 2358 30)
434 2321 520 2359 Signa
540 2321 697 2361 prosodica
718 2320 858 2359 appinxi‚
881 2325 915 2349 ut
936 2331 967 2348 ea
984 2320 1015 2348 in
1057 2319 1128 2348 Asc.
1146 2319 1176 2348 P.
1193 2335 1236 2341 —
1273 2320 1318 2352 40)
1336 2313 1519 2346 Praedonzos
1536 2310 1618 2360 vmd.
1636 2310 1707 2339 Cod.
1728 2306 1889 2349 praedones
1902 2318 1928 2337 υ.
1942 2306 2007 2336 Asc.

66 2363 138 2391 cod.
155 2363 267 2401 scripta
282 2362 395 2391 inveni.
417 2381 452 2385 —
491 2367 534 2397 31)
557 2364 700 2393 Diu-fisus
724 2362 794 2393 cod.
818 2361 928 2391 derisus
946 2363 1013 2392 Asc.
1060 2362 1090 2390 P.
1115 2379 1150 2383 —
1197 2359 1246 2401 41)
1276 2358 1441 2389 Doluerunt
1461 2355 1532 2386 Cod.
1565 2352 1711 2383 dzluerunt
1735 2351 1802 2381 Asc.
1823 2350 1853 2379 P.
1873 2364 1915 2372 —
1959 2349 2007 2381 42)

67 2405 98 2434 P.
119 2421 161 2426 —
202 2408 247 2442 32)
271 2404 405 2434 modicis
421 2405 492 2435 Cod.
510 2405 652 2436 modicos
671 2407 736 2434 ASC.
754 2405 786 2434 P.
802 2421 843 2426 —
881 2408 929 2443 33)
942 2405 1013 2434 Di-
1054 2404 1129 2433 Male
1144 2403 1217 2434 cod.
1242 2401 1405 2433 decertum.
1569 2440 1603 2474 Τ

119 2458 284 2485 GRAMMAT.
307 2467 372 2485 LAT.
396 2457 416 2484 Ι.
