2263 2668
569 142 903 178 PRAEFATIO
944 140 1178 176 IOSEPHI
1221 142 1541 179 SCALIGERI.
1959 149 2033 184 289

76 252 121 275 ac
149 239 353 285 praecipua
387 238 555 272 librorum
597 239 696 272 labes
731 238 810 284 fuit.
845 237 1000 270 homines
1031 247 1155 281 nempe
1193 244 1427 284 praepostere
1462 241 1659 285 diligentes.
1696 239 1778 272 istos
1818 240 1920 283 dico,
1975 246 2034 289 qm·

76 295 258 326 auctorum
297 290 485 336 Epitomas
511 292 807 336 conscripserunt.-
843 300 927 334 quos
953 289 1127 332 quomodo
1164 291 1341 334 appellem
1374 293 1497 325 neseio.
1553 292 1638 324 Nam
1680 296 1715 323 ut
1755 296 1903 335 taceam,
1939 296 2032 338 quod

76 355 117 377 ex
150 344 314 376 bonorum
356 348 530 376 auctorum
574 343 781 376 mutilatione
827 341 969 386 gloriam
1010 340 1072 372 sibi
1112 351 1151 373 ac
1192 353 1311 374 nomen
1354 344 1470 376 iniuste
1506 343 1776 387 aucupabantur:
1824 345 1904 387 quid
1952 348 2031 380 mali

76 407 142 428 non
169 395 336 435 fecerunt,
380 405 456 427 curn
484 395 658 438 diligentia
686 406 743 427 sua
778 393 903 426 alienae
929 391 1155 436 negligentiae
1181 394 1268 425 viam
1296 396 1507 428 munierunt?
1560 396 1668 427 Nemo
1704 395 1790 427 enirn
1819 395 1890 429 fere
1918 399 2030 440 extitit,

76 447 132 491 qui
159 447 294 479 illorum
322 447 497 490 Epitomas
523 446 659 491 integris
686 445 912 490 Scriptoribus
939 454 1004 476 non
1032 444 1241 487 praetulerit:
1275 452 1375 488 atque
1404 447 1494 479 caleo
1520 447 1578 491 qui
1608 458 1674 479 non
1701 447 1867 480 maluerit
1894 449 1929 481 in
1954 450 2031 483 sinu

76 510 138 532 suo
172 498 335 535 Florum,
382 502 443 530 (tut
479 498 592 530 nescio
625 508 725 542 quem
760 497 868 530 alium
901 498 1065 541 gestare,
1119 506 1225 539 quum
1260 500 1367 530 totum
1402 499 1540 530 Livium
1575 499 1608 530 in
1640 498 1863 532 Bibliotheca
1897 501 2028 546 legere.

77 550 289 583 Permanavit
316 550 358 582 ab
386 550 451 581 illis
477 550 684 594 temporibus
711 548 754 581 ad
782 553 892 581 nostra
924 552 1078 590 tempora
1105 548 1232 580 scabies
1256 548 1329 590 illa,
1372 562 1411 582 ae
1445 549 1621 583 cacoethes
1649 549 1692 582 de
1718 551 1907 584 auctoribus
1935 554 2029 586 bonis

77 601 166 634 male
193 601 352 634 merendi.
415 601 565 634 Invenies
601 601 686 634 enim
720 600 912 642 hodieque,
952 599 1009 642 qui
1043 603 1075 631 et
1106 598 1180 631 illas
1214 604 1342 633 veteres
1378 601 1552 645 Epitomas
1579 601 1710 642 malint,
1751 606 1783 634 et
1813 614 1914 636 novas
1942 605 2028 637 ultro

78 653 297 688 conscribant.
361 652 430 685 Sed
466 652 509 685 de
534 653 598 685 illis
631 653 728 691 alias3
765 652 807 684 de
834 651 999 684 veteribus
1035 651 1122 683 enim
1150 651 1384 695 Epitomarum
1413 654 1699 686 concinnatoribus
1724 654 1856 696 loquor,
1885 666 1968 698 quos
1994 661 2029 688 ut

77 716 144 749 ego
172 704 271 737 valde
299 705 473 748 improbo,
493 705 538 736 ita
566 705 663 737 etiam
685 710 721 737 ut
741 704 892 736 omnibus
919 702 1027 735 modis
1051 702 1312 746 improbandum
1341 704 1430 736 inter
1452 716 1508 737 eos
1530 716 1622 749 pono
1649 705 1802 737 Paulum
1828 705 2028 740 Diaconum

76 755 374 801 Longobardum,
403 756 593 799 hominem,
620 767 696 788 meo
722 755 869 795 iudicio,
898 753 1245 800 confidentissimum,
1274 766 1335 795 ae,
1362 756 1412 788 uti
1433 767 1488 789 res
1517 757 1594 800 ipsa
1622 757 1739 797 docet,
1766 757 2026 801 ineptissimum.

77 808 108 840 Is
135 809 223 842 victo
252 820 290 842 ac
317 808 499 852 profligato
527 808 720 849 Desiderio,
762 807 819 850 qui
846 806 977 838 ultimus
1002 806 1312 850 Longobardorum
1340 808 1413 839 Rex
1442 808 1518 848 fuit,
1553 813 1668 851 captus
1697 820 1715 840 a
1743 808 1868 841 Carolo
1896 809 2027 854 Magno

77 860 303 904 Imperatore,
332 871 490 904 magnam
519 865 551 893 et
578 871 597 892 a
623 860 766 900 victore,
795 863 828 891 et
854 870 872 890 a
899 858 1091 902 posteritate
1118 870 1153 890 se
1187 858 1341 890 initurum
1373 860 1515 903 gratiam
1552 860 1693 903 putarit.
1734 859 1759 891 si
1788 860 1869 896 Sex.
1900 861 2025 906 Pomp.

76 911 235 951 festum,
275 922 341 956 quo
374 912 582 956 scriptorem
611 911 784 944 utiliorem
815 910 941 955 lingua
984 909 1114 942 Latina
1149 920 1215 942 non
1249 910 1375 949 habet,
1420 911 1599 952 mutilaret,
1638 916 1670 943 et
1704 916 1793 943 tanto
1827 913 2027 956 posteritatis

77 962 201 995 damno
230 974 263 995 se
291 975 310 995 a
337 965 464 996 victore
495 963 682 997 redimeret.
735 962 872 995 Parum
900 961 1015 1005 abest,
1049 962 1131 1006 quin
1154 962 1277 994 merito
1303 962 1448 1007 ficetum
1477 963 1607 996 dicam.
1671 962 1811 995 Festum
1839 965 1945 1007 enim,
1969 965 2028 1009 qui

82 1014 197 1047 Verrii
228 1013 349 1047 Flacci
376 1014 482 1048 libros
510 1014 718 1056 breviasset,
745 1025 857 1058 aequo
884 1014 999 1046 animo
1026 1013 1187 1046 debuisse
1203 1012 1327 1058 serre,
1355 1014 1385 1046 si
1411 1015 1582 1058 quomodo
1610 1014 1683 1058 ipse
1704 1014 1864 1047 serrium
1890 1020 2026 1049 tracta-

76 1070 194 1106 verat,
224 1066 383 1099 similiter
409 1067 484 1111 ipsc
511 1066 557 1099 ab
585 1067 648 1099 isto
676 1066 792 1098 Paulo
823 1066 1053 1110 acciperetur.
1106 1065 1184 1099 Hoc
1213 1077 1314 1097 unum
1343 1066 1492 1110 excipio:
1520 1066 1544 1098 si
1572 1066 1673 1098 Festo
1702 1066 1769 1099 hoc
1796 1067 1899 1099 niodo
1927 1079 2025 1112 pere—

76 1117 204 1150 undum
230 1118 307 1158 fuit,
352 1119 538 1163 digniorem
575 1119 751 1158 arborem,
798 1122 834 1150 ut
861 1122 910 1150 est
936 1117 968 1149 in
996 1117 1194 1161 proverbio,
1231 1117 1412 1161 suspendio
1441 1117 1655 1162 deligendam
1690 1117 1803 1156 fuisse3
1830 1118 1911 1150 nihil
1940 1119 2026 1151 enim

76 1169 125 1201 illi
150 1169 245 1214 peius
272 1170 419 1214 potuisse
446 1170 617 1210 accidere,
656 1181 757 1212 quam
785 1169 877 1212 quod
907 1170 938 1201 in
966 1168 1063 1201 huius
1090 1169 1185 1201 Pauli
1212 1181 1327 1201 manus
1354 1169 1517 1210 inciderit,
1544 1170 1599 1212 qui
1622 1180 1697 1201 eum
1724 1170 1768 1201 ita
1795 1170 1895 1202 foede
1922 1171 2026 1203 lania-

76 1221 139 1263 vit,
163 1226 261 1264 atque
287 1221 467 1254 inhonestis
494 1221 683 1254 vulneribus
706 1221 867 1261 confecit,
895 1226 931 1253 nt
954 1220 1097 1265 cadaver
1123 1232 1186 1265 pro
1214 1221 1367 1264 homine,
1400 1226 1551 1255 truncum
1581 1232 1644 1265 pro
1670 1232 1831 1265 corpore,
1872 1222 2025 1255 semiani-

76 1284 163 1306 mem
191 1284 254 1316 pro
281 1274 358 1306 vivo
390 1274 486 1306 nobis
512 1273 691 1316 reliquerit.
754 1272 870 1316 ltaque
897 1272 1040 1305 hominis
1072 1273 1288 1317 prodigiosos
1315 1284 1462 1317 errores,
1504 1277 1602 1316 atque
1632 1283 1773 1305 crassam
1807 1274 2025 1318 ignorantiam

76 1323 278 1365 deteximus,
318 1330 478 1368 quatenus
505 1325 574 1357 sola
603 1325 793 1358 coniectura
819 1325 993 1369 negotium
1022 1325 1235 1358 confecimus.
1302 1325 1356 1357 Eo
1392 1326 1477 1357 enim
1509 1325 1607 1358 unico
1640 1324 1807 1368 praesidio
1841 1325 1889 1357 usi
1916 1337 2026 1358 sumus

76 1386 178 1418 usque
212 1375 255 1408 ad
289 1376 501 1410 undecimum
535 1377 674 1409 librum:
721 1388 745 1409 a
773 1387 839 1421 quo
867 1375 1088 1422 fragmenta
1121 1377 1306 1421 incipiunt,
1347 1388 1438 1421 qucee
1467 1375 1634 1422 beneficio
1662 1375 1876 1420 probissimi,
1921 1381 2026 1421 atque

75 1427 300 1460 eruditissimi
326 1428 394 1461 viri
422 1428 566 1461 Antonii
588 1428 796 1473 Augustini,
836 1427 1007 1473 Episcopi
1037 1427 1230 1461 Ilei-densis
1258 1429 1357 1461 edita
1383 1432 1469 1461 sunt.
1532 1429 1583 1461 Ea
1610 1427 1772 1460 eiusmodi
1799 1433 1890 1469 sunt,
1931 1433 1966 1461 ut
1993 1429 2026 1460 in

75 1478 139 1511 illis
166 1479 381 1512 fundamenta
407 1480 542 1523 quidem
571 1491 610 1513 ac
637 1480 792 1512 rudereta
825 1480 1009 1524 priscorum
1038 1480 1266 1514 aedificiorum
1294 1492 1473 1525 agnoscas,
1511 1481 1556 1512 ita
1589 1486 1715 1519 tamen,
1757 1484 1792 1511 ut
1817 1480 1896 1522 quid
1923 1480 1955 1512 in
1982 1480 2025 1512 il-

75 1530 112 1562 Iis
138 1530 360 1564 fundamentis
390 1532 471 1564 olim
501 1532 749 1565 inaedificatum
777 1532 891 1572 fuerit,
926 1532 1056 1565 facilius
1083 1532 1229 1565 divinare
1257 1533 1379 1576 possis,
1414 1544 1513 1575 qnam
1550 1531 1737 1563 aedilicium
1766 1532 1875 1574 ipsum
1903 1543 1922 1563 a
1950 1531 2025 1563 fun-

76 1580 237 1614 damentis
265 1583 417 1616 excitare.
482 1584 551 1616 Nos
575 1588 685 1616 autem
712 1583 840 1616 tametsi
867 1594 933 1615 non
966 1583 1175 1627 ignoramuS,
1217 1588 1340 1626 quanto
1373 1584 1558 1616 feliciorem
1586 1594 1724 1626 operam
1752 1594 1871 1615 navare
1897 1583 2025 1627 potuis-

76 1637 147 1665 sent
172 1633 204 1665 in
232 1633 300 1666 hoc
327 1639 461 1667 auctore
489 1634 700 1668 emendando
729 1635 938 1668 eruditissimi
964 1635 1040 1675 viri,
1087 1641 1197 1668 tamen
1229 1636 1296 1669 hoc
1332 1636 1498 1667 affirmare
1533 1646 1723 1678 possumus,
1779 1645 1845 1666 non
1880 1635 2024 1678 potuisse

77 1683 322 1727 diligentiorem
351 1687 528 1730 praestari,
566 1697 666 1729 quam
701 1686 763 1730 ipsi
793 1687 1021 1730 praestitimus
1075 1687 1126 1719 Ex
1154 1687 1190 1719 iis
1218 1687 1324 1727 enim,
1370 1699 1455 1730 quae
1488 1698 1564 1718 sana
1599 1686 1733 1728 quidem
1766 1686 1912 1718 nondum
1941 1690 2023 1726 sunt,

77 1746 142 1767 non
169 1740 279 1768 tamen
307 1737 434 1780 penitus
462 1737 636 1782 desperata
663 1749 731 1771 esse
766 1738 935 1779 ridentur,
972 1749 1080 1782 pauca
1114 1738 1298 1771 admodum
1333 1739 1460 1771 alienae
1493 1738 1685 1782 diligentiae
1714 1737 1842 1780 reliqua
1876 1737 2023 1771 fecimus.

76 1787 164 1819 Nam
192 1788 255 1819 alia
283 1789 395 1821 ulcera
422 1793 577 1833 tangere,
617 1789 685 1823 hoc
718 1794 821 1829 esset,
850 1795 885 1822 ut
910 1791 1016 1833 inquit
1041 1790 1115 1831 ille,
1151 1801 1227 1823 eum
1256 1790 1380 1822 ratione
1407 1789 1562 1827 insanire;
1598 1788 1690 1831 quod
1718 1788 1761 1820 de
1788 1789 1851 1821 illis
1878 1789 2022 1832 reliquiis

77 1837 202 1871 dictum
231 1839 325 1881 volo,
360 1840 392 1872 in
419 1841 538 1884 quibus
566 1841 674 1881 unius,
717 1846 773 1873 aut
801 1842 931 1874 alterius
957 1841 1097 1875 voculae
1130 1842 1269 1886 vestigia
1297 1842 1349 1873 vix
1386 1845 1556 1885 apparent.
1617 1840 1767 1872 Tantum
1794 1844 1910 1873 autem
1934 1851 2023 1884 pro-

66 1888 223 1934 fecimus
250 1902 293 1923 ex
320 1891 421 1925 huius
456 1893 751 1936 praestantissimi
776 1892 968 1938 Scriptoris
1001 1893 1258 1933 emendatione,
1298 1897 1332 1925 ut
1371 1904 1413 1925 ea
1450 1904 1467 1925 e
1497 1891 1648 1925 tenebris
1681 1892 1890 1932 eruerimus,
1932 1902 2023 1937 qutee

77 1941 230 1975 antehac
266 1953 330 1975 nec
366 1943 464 1976 nohis
500 1944 584 1988 ipsis
621 1945 766 1989 cognita
794 1944 965 1989 juerant,
1013 1956 1076 1977 nec
1112 1948 1242 1978 temere
1276 1944 1375 1988 apud
1407 1945 1518 1977 ullum
1552 1947 1707 1976 veterum
1745 1943 1924 1988 reperias:
1973 1947 2023 1975 tot

75 2004 197 2037 nempe
223 1994 390 2027 vetustatis
422 1996 610 2028 veneranda
643 1996 862 2038 monimenta,
909 1996 1103 2040 praesertim
1140 2008 1179 2028 ex
1212 1996 1435 2038 antiquissimo
1469 1996 1699 2028 Romanorum
1735 1999 1804 2026 tum
1838 1994 1926 2028 civili
1951 1999 2021 2027 tum

75 2045 248 2088 pontificio
275 2046 362 2078 inre:
398 2047 477 2079 item
513 2059 552 2080 ex
579 2048 695 2092 Regiis
722 2048 867 2092 legibus,
910 2059 949 2080 ex
983 2047 1164 2080 duodecim
1196 2048 1353 2084 Tabulis,
1393 2059 1433 2080 ex
1465 2047 1604 2090 antiquis
1638 2046 1844 2087 foederibus,
1883 2050 1915 2078 et
1941 2047 2021 2087 aliis,

75 2107 161 2138 quae
200 2108 393 2130 enumerare
420 2098 516 2130 labor
545 2105 635 2132 esset.
689 2099 787 2140 Quae
813 2100 869 2142 qui
896 2099 1022 2131 inutilia
1050 2099 1184 2139 dixerit,
1212 2099 1311 2131 velim
1337 2099 1363 2131 is
1391 2111 1449 2131 nos
1477 2099 1614 2138 doceat,
1651 2097 1730 2142 quid
1758 2097 1838 2130 utile
1864 2104 1963 2131 vocet
1989 2098 2021 2131 in

76 2147 185 2181 literis.
248 2149 289 2181 Si
322 2149 411 2181 enim
445 2150 663 2194 antiquitatis
694 2151 848 2195 cognitio
878 2150 966 2182 nillil
1001 2150 1164 2194 prodest,
1209 2162 1276 2182 non
1308 2151 1410 2183 video
1443 2150 1528 2195 quid
1567 2148 1664 2183 nobis
1700 2149 1825 2182 literae
1860 2153 2018 2194 prosunt.

75 2198 203 2239 Quodsi
231 2201 354 2232 minuta
381 2201 563 2243 quaedam,
617 2208 652 2234 ut
689 2203 881 2234 vocularum
916 2202 1123 2244 quarundam
1155 2202 1392 2245 explicationes
1427 2205 1619 2240 occurrent,
1668 2212 1754 2244 quae
1789 2200 1942 2233 videntur
1976 2200 2019 2232 ad

73 2251 225 2294 quemvis
252 2252 361 2295 potius
388 2252 431 2285 (le
458 2253 560 2296 plebe
588 2253 891 2286 Grammaticorum
919 2253 1103 2296 pertinere,
1136 2265 1236 2296 quam
1265 2253 1307 2286 ad
1335 2266 1429 2295 eum,
1468 2253 1524 2296 qui
1551 2252 1649 2285 serias
1677 2264 1716 2285 ac
1738 2252 1916 2285 severiores
1943 2252 2017 2284 lite-

74 2313 126 2334 ras
159 2303 259 2336 colit:
312 2309 392 2347 peto
427 2305 469 2336 ab
500 2305 584 2343 illo,
639 2316 679 2336 ne
712 2309 779 2336 tam
811 2304 895 2338 levia
929 2304 1013 2337 haec
1047 2310 1157 2349 putet,
1197 2309 1233 2337 ut
1265 2305 1419 2350 desperet
1454 2316 1492 2338 ea
1526 2304 1629 2349 digna
1666 2316 1735 2337 esse
1774 2304 1917 2337 lectione
1949 2313 2014 2334 sua.

75 2353 223 2387 Inveniet
251 2360 283 2387 et
308 2356 339 2387 in
364 2355 426 2388 illis
454 2356 545 2398 qnod
574 2356 701 2389 discere
728 2356 839 2400 possit.
901 2356 1076 2389 Caeterum
1114 2356 1156 2389 de
1184 2357 1322 2390 utilitate
1359 2357 1454 2390 huius
1478 2356 1553 2388 libri
1580 2366 1667 2389 nunc
1695 2366 1814 2400 agere,
1854 2354 1929 2397 quia
1954 2352 2014 2383 de-

77 2405 288 2439 clamationes
314 2418 380 2439 non
407 2407 596 2448 scribimus,
635 2408 766 2449 inutile,
810 2418 849 2441 ac
876 2418 1117 2452 supervacuum
1150 2414 1243 2452 puto.
1314 2408 1351 2442 Is
1378 2412 1428 2443 est
1455 2408 1544 2441 enim
1581 2408 1749 2452 scriptor,
1785 2405 1844 2449 qui
1864 2403 2011 2437 omnium

119 2465 283 2494 GRAMMAT.
308 2476 373 2495 La‘r.
394 2466 429 2495 II.
1534 2467 1565 2501 O
1585 2478 1604 2499 ο
