2263 2668
526 109 591 144 DE
617 110 1005 149 SIGNIFICATIONE
1031 113 1314 155 VERBORUM.
1369 121 1514 157 LIBER
1540 124 1566 159 Ι.

68 194 175 231 Ausis
200 198 324 232 audeas
345 195 380 234 ³².

67 248 203 282 Audax
228 249 460 286 diminutivum
486 253 568 288 facit
593 256 803 292 audaculus.

69 301 255 334 Arvocitat
271 299 296 319 ³³
322 315 424 349 saepe
451 305 603 340 advocat.

1977 134 2025 168 23

66 352 230 387 Annaria
252 350 277 372 ³⁴
303 355 358 389 lex
384 356 558 391 dicebatur
584 359 627 391 ab
655 360 796 405 antiquis
822 373 879 403 ea,
906 373 973 407 qua
999 363 1156 399 finiuntur
1182 368 1258 400 anni
1285 370 1497 416 magistratus
1524 374 1689 420 capiendi.

66 404 246 439 Aliorsum
273 410 306 439 et
332 408 491 442 illorsum
521 409 603 443 sicut
627 411 818 446 introrsum
842 413 922 447 dixit
948 414 1045 450 Cato.

65 456 255 491 Abietaria
275 460 412 504 negotia
434 460 632 495 dicebantur
651 460 694 508 ³⁵,
722 476 823 508 quam
837 466 1008 500 materiam
1023 480 1111 504 nunc
1127 469 1284 513 dicimus,
1312 473 1470 510 videlicet
1486 471 1511 492 ³⁶
1536 477 1579 511 ab
1604 477 1768 512 abietibus
1786 483 1977 517 coemendis
1985 480 2019 516 ³⁷.

65 508 221 543 Aletudo
247 511 398 556 corporis
424 512 609 557 pinguedo.

65 559 218 594 Acribus
242 562 419 606 pluraliter
445 564 488 597 ab
515 575 610 607 aere,
637 565 673 598 id
700 571 749 600 est
775 573 981 612 aeramento,
1008 570 1094 605 cato
1121 572 1204 607 dixit
1225 571 1259 609 ³3.

64 611 208 646 Adduis
225 610 251 630 ³⁹
277 613 456 648 addideris.

63 664 336 711 Aristophorum
363 678 438 708 vae,
465 667 498 700 in
524 678 593 711 quo
620 670 798 714 prandium
826 673 930 705 fertur
948 669 992 716 ⁴¹⁰,
1019 678 1055 707 ut
1078 674 1195 710 discus.

63 715 186 750 Allicit
214 722 262 750 est
287 718 443 762 perducit
477 719 625 763 aliquem
659 722 692 754 in
725 735 813 764 rem,
851 724 976 758 dictum
1004 738 1024 759 a
1053 727 1158 760 verbo
1186 728 1273 762 lacit
1289 726 1332 772 ⁴¹,
1359 730 1394 764 id
1422 736 1470 765 est
1497 732 1630 777 decipit.
1688 735 1777 769 Hinc
1806 736 1978 772 descendit
1994 735 2019 756 ⁴²

166 769 300 803 illicere
326 775 359 803 et
380 766 405 787 ⁴³
433 770 629 814 oblectare,
656 773 692 806 id
719 779 767 808 est
793 775 1004 811 frustrantem
1025 772 1052 793 ⁴⁴

63 819 250 854 Abnutctre
275 833 378 867 saepe
405 822 551 856 abnuere
563 820 599 860 ⁴⁵,

1078 778 1247 814 inducere.

63 871 170 906 Aliae
195 872 249 905 rei
275 873 357 907 dixit
384 874 519 907 Plautus
545 886 610 920 pro
635 887 694 918 eo,
720 877 814 921 quod
842 883 890 913 est
916 879 971 912 alii
991 875 1016 897 4⁶
1047 880 1103 915 rei.

61 922 257 970 Affabrum
282 925 515 960 fabrefactum.

61 976 221 1009 Alimodi
246 988 311 1021 pro
338 977 420 1010 alius
445 977 548 1011 modi.

60 1026 254 1061 Aeneolum
277 1025 302 1045 ⁴⁷
329 1029 421 1073 quod
449 1040 490 1063 ex
509 1025 535 1046 ⁴⁸
561 1041 637 1063 aere
663 1029 701 1062 fit
719 1025 744 1046 ⁴¹⁰
770 1030 919 1066 dicimus.

61 1078 235 1113 Aenulum
262 1092 317 1113 vas
345 1092 383 1114 ex
411 1092 488 1115 aere
513 1092 664 1125 parvum.

59 1129 123 1164 Ad
148 1132 278 1165 exitam
305 1136 459 1166 aetatem
486 1132 529 1166 ad
542 1129 568 1150 ⁵⁰
593 1133 743 1166 ultimam
769 1137 922 1167 aetatem.

59 1181 203 1217 Amosio
224 1180 249 1200 ⁵¹
277 1185 319 1217 ab
346 1195 460 1217 amore
486 1184 745 1218 denominatum.

62 1234 243 1279 Auginum
261 1230 287 1252 5²
313 1236 489 1269 vinariam
515 1235 643 1270 habere
670 1237 825 1270 dicuntur

57 1285 272 1320 Adulterina
298 1287 392 1332 signa
419 1287 574 1322 dicuntur
599 1289 720 1321 alienis*
740 1288 844 1322 anulis
870 1288 970 1324 facta.

56 1336 216 1371 Arabice
232 1334 258 1356 ⁵⁴
285 1339 370 1381 olet,
397 1339 434 1372 id
461 1344 509 1373 est
535 1351 576 1374 ex
602 1340 764 1374 odoribus
790 1340 953 1374 Arabicis.

847 1232 890 1276 ⁵³,
917 1236 976 1280 qui
1002 1237 1079 1270 vino
1106 1237 1320 1272 suffocantur.

55 1388 247 1423 Ausculuri
273 1390 430 1425 dicebant
454 1391 580 1436 antiqui
599 1389 625 1410 ⁵⁵
649 1404 713 1438 pro
741 1392 902 1434 osculari,
929 1390 1024 1436 quod
1051 1395 1100 1425 est
1127 1401 1164 1424 os
1191 1401 1267 1425 cum
1297 1402 1356 1425 ore
1377 1390 1402 1411 ⁵⁶
1431 1392 1594 1427 conferre.

55 1440 218 1475 Adaxint
237 1437 263 1458 ⁵⁷
271 1466 280 1482 ‚
308 1442 492 1488 adegerint.

55 1492 182 1538 Argus
208 1493 343 1527 oculeus
364 1491 400 1528 ⁵⁸.
452 1496 566 1542 Argus
584 1490 610 1513 ⁵⁹
636 1506 759 1529 nomen
786 1499 836 1528 est
857 1491 882 1513 ⁸⁰
909 1494 1071 1537 hominis,
1098 1494 1155 1537 qui
1181 1493 1281 1528 fuisse
1308 1495 1446 1540 fingitur
1472 1495 1579 1530 oculis
1605 1496 1724 1540 plenus
1745 1493 1778 1528 ⁸¹.

55 1544 207 1579 Amasso
234 1557 401 1580 amavero.

55 1652 170 1682 adiisse
184 1654 275 1693 Vulg.
299 1672 336 1678 -
360 1655 406 1695 25)
424 1655 554 1695 morem]
574 1654 699 1684 modum
716 1655 747 1685 L.
767 1656 800 1685 Β.
822 1671 865 1678 —
886 1654 935 1693 26)
955 1654 1014 1683 At-

55 1697 181 1736 tingem]
204 1697 252 1726 Sic
271 1698 398 1728 coniecit
414 1699 505 1736 Scal.,
528 1709 619 1738 quum
634 1699 716 1737 vulg.
734 1700 851 1738 attinge
868 1697 930 1727 sine
946 1707 1013 1726 sen-

54 1749 90 1768 su.
111 1739 159 1768 sit.
204 1742 300 1780 atllge
322 1742 352 1770 L.
397 1743 525 1781 attingit
540 1742 574 1773 B.
613 1741 810 1772 scribendum
826 1741 950 1771 videtur
966 1746 1013 1768 αι-

54 1783 155 1820 tigem.
176 1798 220 1805 -—
240 1786 285 1823 27)
307 1785 488 1824 appellasse]
508 1795 567 1823 pro
583 1795 652 1823 app.
678 1785 708 1814 L.
739 1801 776 1806 —
805 1783 851 1823 28)
874 1783 927 1822 est]
952 1794 1010 1812 om.

55 1824 111 1855 Gu.
126 1826 154 1856 1.
176 1841 219 1848 -
245 1825 291 1866 29)
310 1827 428 1867 frenos]
442 1829 540 1865 frena
560 1828 593 1858 L.
625 1844 663 1850 —-
694 1828 742 1866 30)
767 1827 880 1867 quibus
895 1825 1009 1865 equom]

53 1878 172 1905 equora,
196 1868 307 1906 quibus
324 1870 357 1899 B.
382 1886 418 1892 —
444 1869 490 1910 31)
505 1869 681 1909 Audacius]
704 1870 761 1899 Hic
779 1870 853 1900 ordo
877 1874 922 1899 est
943 1868 1009 1897 cod.

53 1910 110 1939 Gu.
122 1912 151 1942 2.
196 1910 343 1950 Vulgatus
359 1917 404 1942 est
421 1912 524 1942 Ausis.
546 1912 670 1942 Audac.
687 1929 724 1935 —-
749 1913 796 1952 32)
812 1910 937 1950 audeas]
949 1921 1008 1949 pro

52 1951 171 1981 audeas
194 1953 224 1982 L.
244 1970 287 1976 —
307 1952 355 1994 33)
371 1955 547 1994 Arvoeitat]
570 1957 619 1985 Sic
641 1956 673 1984 B.
690 1955 729 1984 Μ.
752 1956 807 1986 Gu.
829 1958 854 1987 1.
873 1958 901 1986 2⁴
938 1963 1008 1981 “¹¹⁰-

52 2001 102 2023 cat
124 1996 155 2024 L.
200 1995 287 2035 Vulg.
315 1996 489 2027 Aclvocitat.
517 2014 561 2020 —
589 1999 635 2036 34)
658 1997 816 2036 Anum-iu]
840 1997 1008 2026 Atriam-ia

52 2038 108 2067 Gu.
123 2041 151 2070 1.
177 2056 213 2060 —
237 2038 286 2079 35)
310 2038 500 2079 dicebantur]
525 2051 583 2071 om.
599 2041 658 2070 Gu.
676 2043 704 2072 1.
729 2057 772 2062 —
793 2042 841 2076 36)
858 2037 1007 2076 ridelis-ct]

50 2091 107 2109 oni.
124 2081 155 2109 L.
176 2097 220 2103 —-
241 2084 288 2119 37)
304 2082 392 2111 abiet.
407 2083 506 2122 eoem]
532 2094 620 2112 eoem.
635 2083 724 2113 abiet.
748 2083 778 2111 L.
802 2099 842 2104 —
865 2083 914 2119 38)
933 2080 1008 2109 Cato

50 2122 146 2162 dixit]
172 2124 221 2152 Sic
247 2124 276 2153 L.
305 2124 343 2153 Μ.
373 2125 428 2155 Gu.
452 2129 478 2157 1.
498 2128 528 2158 2.
578 2125 664 2163 Vulg.
689 2125 767 2154 dicit
798 2125 886 2154 Cato.
930 2122 1009 2151 dixit

53 2165 118 2196 Cat.
134 2176 179 2205 pr.
199 2182 242 2188 —
264 2165 310 2206 39)
328 2167 464 2206 Addaia]
479 2168 526 2197 Sic
540 2168 645 2207 scripsi
663 2167 699 2196 de
713 2167 895 2196 coniectura.
921 2165 1007 2204 Vulg-

49 2208 176 2239 uddue-r.
226 2209 285 2238 Sed
311 2209 427 2239 adduit·
453 2215 498 2240 est
528 2209 646 2239 dederis
675 2210 798 2249 antiqua
830 2210 935 2237 forma.
968 2225 1004 2231 --

47 2252 92 2285 40)
108 2251 226 2290 fertur]
241 2252 363 2291 effertur
378 2253 409 2281 L.
428 2253 459 2282 B.
481 2253 537 2282 Gu.
555 2255 582 2283 1.
618 2252 746 2292 offertur
766 2262 815 2291 pr.
832 2268 875 2274 -
896 2249 944 2290 41)
960 2251 1007 2280 la-

49 2293 100 2332 cit]
125 2295 201 2323 lacaet
224 2295 257 2324 Β.
286 2311 329 2318 —
364 2295 411 2334 42)
434 2294 606 2334 deseendit]
630 2294 760 2324 attendit
780 2295 810 2323 L.
855 2293 951 2322 tendit
973 2294 1005 2323 B.

48 2335 102 2366 Gu.
122 2340 147 2368 1.
172 2348 218 2376 pr.
250 2354 292 2359 —
327 2335 376 2378 43)
398 2337 444 2376 ct]
468 2337 504 2366 id
524 2343 567 2365 est
592 2337 624 2366 1..
653 2354 689 2360 -
724 2335 771 2376 44)
787 2336 1004 2375 [ὶἹιόίναηίεηι]

40 2379 228 2414 frustrando
246 2379 308 2409 ind.
326 2391 372 2420 pr.
404 2379 586 2417 frustrando
601 2386 628 2409 te
642 2380 675 2410 B.
720 2381 933 2408 Irus-tranum
949 2390 1005 2419 pro

1057 1653 1191 1683 subiecto
1207 1663 1270 1684 esse
1286 1653 1414 1684 videtur.
1447 1671 1488 1677 —-
1516 1652 1563 1694 45)
1587 1655 1731 1695 abnuere]
1763 1654 1894 1684 adnuere
1915 1654 1948 1682 L.
1971 1670 2013 1675 —

1055 1695 1104 1736 46)
1126 1696 1201 1735 alii]
1225 1697 1273 1725 Sic
1295 1697 1325 1728 L.
1347 1701 1376 1726 et
1398 1698 1440 1726 ita
1457 1697 1613 1736 legendum
1635 1708 1697 1727 esse
1718 1698 1833 1729 conieci
1858 1697 1896 1727 ad
1916 1696 2011 1726 Plaut.

1055 1739 1142 1769 Milit.
1157 1739 1209 1777 111,
1234 1743 1262 1776 1,
1288 1741 1360 1771 206.
1384 1750 1413 1778 p.
1433 1742 1483 1772 80.
1501 1740 1547 1770 ed.
1562 1740 1710 1771 Teubner.
1753 1742 1829 1770 Tum
1844 1740 1932 1770 etiam
1948 1749 2012 1768 mu-

1054 1783 1179 1811 tandum
1196 1786 1260 1811 erat
1277 1781 1333 1809 Ali
1347 1781 1377 1810 iu
1392 1783 1482 1820 allae,
1507 1788 1541 1812 ut
1555 1783 1666 1812 ibidem
1682 1784 1804 1813 conieci.
1827 1800 1868 1805 —
1889 1784 1935 1817 47)
1952 1781 2011 1810 Λε-

1053 1824 1194 1863 aeolum]
1224 1823 1272 1852 Sic
1295 1824 1325 1852 L.
1349 1825 1376 1852 S.
1419 1825 1508 1864 Vulg.
1535 1825 1667 1855 Aeneolo
1690 1826 1752 1856 sine
1780 1825 2010 1856 constructione.

1051 1884 1094 1889 —
1124 1865 1170 1905 48)
1193 1865 1240 1906 ex]
1265 1877 1322 1895 om.
1340 1867 1395 1895 Gu.
1415 1871 1442 1899 1.
1469 1884 1512 1890 —
1540 1869 1585 1907 49)
1603 1869 1658 1909 fit]
1684 1870 1735 1898 sic
1753 1869 1786 1899 B.
1802 1870 1842 1898 M.
1862 1868 1917 1896 Gu.
1934 1869 1962 1898 1.
1981 1870 2010 1899 2.

1049 1920 1096 1949 pr.
1140 1909 1226 1947 Vulg.
1247 1910 1297 1939 sit.
1329 1926 1368 1931 —
1402 1911 1450 1948 50)
1473 1910 1527 1950 ad]
1552 1911 1589 1939 id
1606 1918 1649 1940 est
1672 1913 1705 1943 L.
1728 1929 1769 1935 —
1798 1908 1846 1951 51)
1868 1909 2009 1949 Amo-sio]

1050 1951 1178 1980 Amutio
1202 1952 1235 1980 B.
1258 1951 1299 1982 M.
1323 1951 1380 1982 Gu.
1398 1955 1427 1984 1.
1443 1955 1472 1985 2.
1492 1964 1538 1993 pr.
1581 1955 1707 1983 Amatlo
1731 1956 1759 1984 S.
1782 1970 1822 1976 —·
1846 1955 1897 1990 52)
1909 1953 2010 1991 Angi-

1051 1994 1136 2034 nam]
1159 1995 1207 2023 Sic
1222 1994 1254 2025 Β.
1280 1995 1336 2024 Gu.
1352 1998 1379 2027 1.
1395 1998 1425 2027 2.
1447 2006 1495 2035 pr.
1517 1998 1547 2026 S.
1590 1998 1729 2037 Aginam
1750 1997 1789 2027 M.
1833 1996 1921 2032 Vulg.
1943 1995 2009 2024 An·

1049 2039 1168 2076 glutem.
1193 2037 1278 2067 Male.
1295 2054 1337 2059 —
1359 2039 1404 2073 53)
1422 2038 1494 2069 hah.
1507 2039 1579 2079 clia]
1596 2040 1734 2071 dlahab.
1750 2040 1786 2070 Β.
1801 2056 1843 2061 —
1865 2037 1912 2079 54)
1927 2039 2008 2067 Ara-

1052 2079 1132 2118 hice]
1155 2079 1220 2109 Hoc
1240 2079 1341 2110 ordine
1361 2080 1475 2118 glossas
1496 2081 1588 2113 habet
1611 2084 1668 2113 Gu.
1693 2086 1722 2115 2.
1765 2082 1855 2121 Vulg.
1880 2082 2007 2111 Auscul.

1050 2122 1148 2153 Arata.
1173 2139 1210 2145 --
1237 2123 1286 2162 55)
1304 2122 1397 2153 diceb.
1412 2124 1488 2164 ant.]
1505 2131 1568 2155 ant.
1586 2125 1643 2155 dle.
1668 2126 1725 2158 Gu.
1747 2132 1774 2158 1.
1801 2142 1834 2148 —
1859 2123 1908 2165 56)
1926 2123 2010 2164 quod

1050 2171 1093 2194 est
1109 2176 1142 2194 os
1157 2176 1226 2194 cum
1241 2176 1290 2194 ore
1313 2167 1459 2207 conferre]
1484 2167 1567 2207 quod
1587 2169 1725 2198 osculum
1750 2179 1798 2197 ore
1817 2169 1952 2206 confi·rrc
1975 2166 2005 2194 L.

1049 2224 1091 2230 -·
1113 2209 1159 2248 57)
1174 2207 1324 2248 Adaxlnt]
1349 2209 1495 2239 adae-sint
1518 2212 1575 2242 Gu.
1598 2215 1623 2243 1.
1647 2229 1689 2234 —
1712 2213 1757 2250 58)
1779 2210 1914 2249 oculeus]
1935 2218 2005 2237 oca-

1051 2251 1102 2279 las
1118 2251 1150 2281 1..
1178 2268 1212 2273 ——-
1241 2252 1286 2290 59)
1310 2252 1432 2293 Argus]
1456 2264 1514 2285 om.
1537 2255 1568 2283 L.
1620 2254 1770 2284 Coniunxi
1794 2253 1882 2289 haec,
1911 2259 2002 2290 quum

1049 2304 1139 2323 unam
1155 2304 1216 2324 rem
1233 2294 1394 2334 explicent.
1418 2312 1461 2319 —-
1484 2297 1532 2335 60)
1554 2297 1609 2336 est]
1634 2309 1690 2327 om.
1711 2298 1743 2327 L.
1765 2313 1807 2319 -
1838 2297 1882 2332 61)
1896 2294 2000 2331 sui-5⁸1

1040 2337 1178 2376 fingitur
1191 2337 1289 2366 oculis
1299 2339 1422 2379 plenus]
1434 2340 1516 2379 flng.
1527 2341 1626 2369 oculi-s*
1633 2342 1745 2380 plenus
1760 2340 1858 2376 fuisse
1865 2336 1899 2365 B.
1913 2336 1999 2373 fill-5-

1048 2391 1078 2408 κε
1089 2380 1198 2418 plenus
1213 2381 1399 2422 oculisfing,
1422 2383 1479 2412 Gu.
1496 2386 1524 2415 1.
1559 2385 1658 2422 fuisse
1672 2383 1770 2412 oculis
1779 2381 1824 2419 pl.
1842 2378 1953 2406 dicitur
1969 2375 1994 2401 L.
