<?xml version="1.0" encoding="UTF-8"?>
<!DOCTYPE html PUBLIC "-//W3C//DTD XHTML 1.0 Transitional//EN"
    "http://www.w3.org/TR/xhtml1/DTD/xhtml1-transitional.dtd">
<html xmlns="http://www.w3.org/1999/xhtml" xml:lang="en" lang="en">
 <head>
  <title>
</title>
<meta http-equiv="Content-Type" content="text/html;charset=utf-8" />
  <meta name='ocr-system' content='tesseract 3.04.00' />
  <meta name='ocr-capabilities' content='ocr_page ocr_carea ocr_par ocr_line ocrx_word'/>
</head>
<body>
  <div class='ocr_page' id='page_1' title='image "./corpusgrammatico01linduoft_0236.png"; bbox 0 0 2263 2668; ppageno 0'>
   <div class='ocr_carea' id='block_1_1' title="bbox 232 122 1402 164">
    <p class='ocr_par' dir='ltr' id='par_1_1' title="bbox 232 122 1402 164">
     <span class='ocr_line' id='line_1_1' title="bbox 232 122 1402 164; baseline -0.002 -1"><span class='ocrx_word' id='word_1_1' title='bbox 232 129 308 164; x_wconf 84' lang='lat'><em>220</em></span> <span class='ocrx_word' id='word_1_2' title='bbox 1007 122 1233 159; x_wconf 87' lang='lat' dir='ltr'><em>ARUSIANI</em></span> <span class='ocrx_word' id='word_1_3' title='bbox 1258 124 1402 161; x_wconf 89' lang='lat' dir='ltr'><em>MESSI</em></span> 
     </span>
    </p>
   </div>
   <div class='ocr_carea' id='block_1_2' title="bbox 236 213 2182 371">
    <p class='ocr_par' dir='ltr' id='par_1_2' title="bbox 236 213 2182 371">
     <span class='ocr_line' id='line_1_2' title="bbox 237 213 2182 261; baseline 0.003 -5"><span class='ocrx_word' id='word_1_4' title='bbox 237 220 396 257; x_wconf 81' lang='lat' dir='ltr'>Conscius</span> <span class='ocrx_word' id='word_1_5' title='bbox 421 219 502 253; x_wconf 87' lang='lat' dir='ltr'><em>huic</em></span> <span class='ocrx_word' id='word_1_6' title='bbox 522 218 579 253; x_wconf 84' lang='lat' dir='ltr'><em>rei.</em></span> <span class='ocrx_word' id='word_1_7' title='bbox 609 217 681 251; x_wconf 84' lang='lat' dir='ltr'><em>Cic.</em></span> <span class='ocrx_word' id='word_1_8' title='bbox 707 217 750 249; x_wconf 86' lang='lat' dir='ltr'><em>de</em></span> <span class='ocrx_word' id='word_1_9' title='bbox 779 213 928 261; x_wconf 75' lang='lat' dir='ltr'><em>Signis¹t</em></span> <span class='ocrx_word' id='word_1_10' title='bbox 955 215 1158 252; x_wconf 79' lang='lat' dir='ltr'><em>Temeritati</em></span> <span class='ocrx_word' id='word_1_11' title='bbox 1183 230 1284 252; x_wconf 82' lang='lat' dir='ltr'><em>meae</em></span> <span class='ocrx_word' id='word_1_12' title='bbox 1310 223 1342 253; x_wconf 83' lang='lat' dir='ltr'><em>et</em></span> <span class='ocrx_word' id='word_1_13' title='bbox 1365 220 1552 255; x_wconf 86' lang='lat' dir='ltr'><em>mendacio</em></span> <span class='ocrx_word' id='word_1_14' title='bbox 1578 233 1655 256; x_wconf 84' lang='lat' dir='ltr'><em>meo</em></span> <span class='ocrx_word' id='word_1_15' title='bbox 1680 223 1845 258; x_wconf 76' lang='lat' dir='ltr'><em>conscius.</em></span> <span class='ocrx_word' id='word_1_16' title='bbox 1898 222 2058 260; x_wconf 83' lang='lat' dir='ltr'>Conscius</span> <span class='ocrx_word' id='word_1_17' title='bbox 2084 225 2182 261; x_wconf 80' lang='lat' dir='ltr'><em>huius</em></span> 
     </span>
     <span class='ocr_line' id='line_1_3' title="bbox 337 264 1307 315; baseline -0.001 -11"><span class='ocrx_word' id='word_1_18' title='bbox 337 272 393 305; x_wconf 88' lang='lat' dir='ltr'><em>rei.</em></span> <span class='ocrx_word' id='word_1_19' title='bbox 423 272 514 315; x_wconf 74' lang='lat' dir='ltr'><em>Virg.</em></span> <span class='ocrx_word' id='word_1_20' title='bbox 542 269 681 304; x_wconf 78' lang='lat' dir='ltr'><em>Aeneid,</em></span> <span class='ocrx_word' id='word_1_21' title='bbox 709 264 809 301; x_wconf 81' lang='lat' dir='ltr'><em>X1.²:</em></span> <span class='ocrx_word' id='word_1_22' title='bbox 840 268 1005 302; x_wconf 79' lang='lat' dir='ltr'><strong><em>Conscius</em></strong></span> <span class='ocrx_word' id='word_1_23' title='bbox 1033 270 1183 304; x_wconf 81' lang='lat' dir='ltr'><em>audacis</em></span> <span class='ocrx_word' id='word_1_24' title='bbox 1198 270 1307 315; x_wconf 77' lang='lat' dir='ltr'><em>sacti.</em></span> 
     </span>
     <span class='ocr_line' id='line_1_4' title="bbox 236 316 2180 371; baseline 0.003 -15"><span class='ocrx_word' id='word_1_25' title='bbox 236 324 410 359; x_wconf 82' lang='lat' dir='ltr'><em>Cultorem</em></span> <span class='ocrx_word' id='word_1_26' title='bbox 436 322 494 356; x_wconf 83' lang='lat' dir='ltr'><em>sui.</em></span> <span class='ocrx_word' id='word_1_27' title='bbox 528 319 596 352; x_wconf 78' lang='lat' dir='ltr'><em>Sal.</em></span> <span class='ocrx_word' id='word_1_28' title='bbox 623 320 708 354; x_wconf 81' lang='lat' dir='ltr'><em>Hist.</em></span> <span class='ocrx_word' id='word_1_29' title='bbox 733 316 833 352; x_wconf 76' lang='lat' dir='ltr'><em>1V.³:</em></span> <span class='ocrx_word' id='word_1_30' title='bbox 872 319 1059 366; x_wconf 86' lang='lat' dir='ltr'><em>Collegam</em></span> <span class='ocrx_word' id='word_1_31' title='bbox 1094 322 1261 354; x_wconf 78' lang='lat' dir='ltr'><em>minorem</em></span> <span class='ocrx_word' id='word_1_32' title='bbox 1293 325 1326 355; x_wconf 89' lang='lat' dir='ltr'><em>et</em></span> <span class='ocrx_word' id='word_1_33' title='bbox 1359 322 1413 355; x_wconf 80' lang='lat' dir='ltr'><em>sui</em></span> <span class='ocrx_word' id='word_1_34' title='bbox 1447 323 1613 357; x_wconf 79' lang='lat' dir='ltr'><em>cultorem</em></span> <span class='ocrx_word' id='word_1_35' title='bbox 1645 328 1843 371; x_wconf 74' lang='lat' dir='ltr'><em>expectans.</em></span> <span class='ocrx_word' id='word_1_36' title='bbox 1895 325 2014 359; x_wconf 81' lang='lat' dir='ltr'><em>Cultor</em></span> <span class='ocrx_word' id='word_1_37' title='bbox 2046 326 2180 364; x_wconf 88' lang='lat' dir='ltr'><em>horum.</em></span> 
     </span>
    </p>
   </div>
   <div class='ocr_carea' id='block_1_3' title="bbox 336 368 1120 457">
    <p class='ocr_par' dir='ltr' id='par_1_3' title="bbox 336 368 1120 457">
     <span class='ocr_line' id='line_1_5' title="bbox 336 368 1120 417; baseline -0.001 -10"><span class='ocrx_word' id='word_1_38' title='bbox 336 375 430 417; x_wconf 83' lang='lat' dir='ltr'><em>Virg.</em></span> <span class='ocrx_word' id='word_1_39' title='bbox 460 372 587 415; x_wconf 83' lang='lat' dir='ltr'><em>Georg.</em></span> <span class='ocrx_word' id='word_1_40' title='bbox 614 368 684 404; x_wconf 74' lang='lat' dir='ltr'><em>I.4:</em></span> <span class='ocrx_word' id='word_1_41' title='bbox 716 370 766 404; x_wconf 82' lang='lat' dir='ltr'><em>Et</em></span> <span class='ocrx_word' id='word_1_42' title='bbox 793 371 906 405; x_wconf 79' lang='lat' dir='ltr'><em>cultor</em></span> <span class='ocrx_word' id='word_1_43' title='bbox 931 383 1120 408; x_wconf 77' lang='lat' dir='ltr'><em>nemorum.</em></span> 
     </span>
     <span class='ocr_line' id='line_1_6' title="bbox 337 422 599 457; baseline -0.011 0"><span class='ocrx_word' id='word_1_44' title='bbox 337 435 418 457; x_wconf 82' lang='lat' dir='ltr'><em>num</em></span> <span class='ocrx_word' id='word_1_45' title='bbox 441 422 599 455; x_wconf 80' lang='lat' dir='ltr'><em>colentes.</em></span> 
     </span>
    </p>
   </div>
   <div class='ocr_carea' id='block_1_4' title="bbox 1175 372 2182 424">
    <p class='ocr_par' dir='ltr' id='par_1_4' title="bbox 1175 372 2182 424">
     <span class='ocr_line' id='line_1_7' title="bbox 1175 372 2182 424; baseline 0.007 -18"><span class='ocrx_word' id='word_1_46' title='bbox 1175 373 1299 406; x_wconf 84' lang='lat' dir='ltr'><em>Colens</em></span> <span class='ocrx_word' id='word_1_47' title='bbox 1325 372 1422 407; x_wconf 87' lang='lat' dir='ltr'><em>huius</em></span> <span class='ocrx_word' id='word_1_48' title='bbox 1448 375 1507 408; x_wconf 88' lang='lat' dir='ltr'><em>rei.</em></span> <span class='ocrx_word' id='word_1_49' title='bbox 1544 375 1614 411; x_wconf 89' lang='lat' dir='ltr'><em>Cic.</em></span> <span class='ocrx_word' id='word_1_50' title='bbox 1640 388 1704 422; x_wconf 87' lang='lat' dir='ltr'><em>pro</em></span> <span class='ocrx_word' id='word_1_51' title='bbox 1730 372 1911 410; x_wconf 69' lang='lat' dir='ltr'><em>Plancio-²²:</em></span> <span class='ocrx_word' id='word_1_52' title='bbox 1939 376 2008 424; x_wconf 75' lang='lat' dir='ltr'><em>Qui</em></span> <span class='ocrx_word' id='word_1_53' title='bbox 2033 379 2182 424; x_wconf 84' lang='lat' dir='ltr'><em>religio-</em></span> 
     </span>
    </p>
   </div>
   <div class='ocr_carea' id='block_1_5' title="bbox 238 471 2182 522">
    <p class='ocr_par' dir='ltr' id='par_1_5' title="bbox 238 471 2182 522">
     <span class='ocr_line' id='line_1_8' title="bbox 238 471 2182 522; baseline 0.002 -13"><span class='ocrx_word' id='word_1_54' title='bbox 238 477 396 520; x_wconf 83' lang='lat' dir='ltr'><em>Congero</em></span> <span class='ocrx_word' id='word_1_55' title='bbox 423 473 467 506; x_wconf 87' lang='lat' dir='ltr'><em>ad</em></span> <span class='ocrx_word' id='word_1_56' title='bbox 493 473 598 506; x_wconf 86' lang='lat' dir='ltr'><em>illum.</em></span> <span class='ocrx_word' id='word_1_57' title='bbox 628 471 747 506; x_wconf 86' lang='lat' dir='ltr'><em>Cicero</em></span> <span class='ocrx_word' id='word_1_58' title='bbox 774 484 837 517; x_wconf 87' lang='lat' dir='ltr'><em>pro</em></span> <span class='ocrx_word' id='word_1_59' title='bbox 863 471 1067 507; x_wconf 80' lang='lat' dir='ltr'><em>Deiotaro⁶:</em></span> <span class='ocrx_word' id='word_1_60' title='bbox 1100 473 1163 507; x_wconf 83' lang='lat' dir='ltr'><em>Ad</em></span> <span class='ocrx_word' id='word_1_61' title='bbox 1185 485 1287 519; x_wconf 79' lang='lat' dir='ltr'><em>quem</em></span> <span class='ocrx_word' id='word_1_62' title='bbox 1322 486 1401 508; x_wconf 80' lang='lat' dir='ltr'><em>cnm</em></span> <span class='ocrx_word' id='word_1_63' title='bbox 1427 474 1491 509; x_wconf 75' lang='lat' dir='ltr'><em>Dii</em></span> <span class='ocrx_word' id='word_1_64' title='bbox 1517 480 1621 522; x_wconf 78' lang='lat' dir='ltr'><em>atque</em></span> <span class='ocrx_word' id='word_1_65' title='bbox 1647 478 1801 512; x_wconf 81' lang='lat' dir='ltr'><em>homines</em></span> <span class='ocrx_word' id='word_1_66' title='bbox 1831 479 1948 512; x_wconf 85' lang='lat' dir='ltr'><em>omnia</em></span> <span class='ocrx_word' id='word_1_67' title='bbox 1975 484 2182 514; x_wconf 81' lang='lat' dir='ltr'><em>ornamenta</em></span> 
     </span>
    </p>
   </div>
   <div class='ocr_carea' id='block_1_6' title="bbox 340 525 603 571">
    <p class='ocr_par' dir='ltr' id='par_1_6' title="bbox 340 525 603 571">
     <span class='ocr_line' id='line_1_9' title="bbox 340 525 603 571; baseline -0.011 -12"><span class='ocrx_word' id='word_1_68' title='bbox 340 525 603 571; x_wconf 77' lang='lat' dir='ltr'><em>congessissent.</em></span> 
     </span>
    </p>
   </div>
   <div class='ocr_carea' id='block_1_7' title="bbox 666 523 2182 576">
    <p class='ocr_par' dir='ltr' id='par_1_7' title="bbox 666 523 2182 576">
     <span class='ocr_line' id='line_1_10' title="bbox 666 523 2182 576; baseline 0.005 -19"><span class='ocrx_word' id='word_1_69' title='bbox 666 524 824 569; x_wconf 86' lang='lat' dir='ltr'><em>Congero</em></span> <span class='ocrx_word' id='word_1_70' title='bbox 852 525 884 558; x_wconf 90' lang='lat' dir='ltr'><em>in</em></span> <span class='ocrx_word' id='word_1_71' title='bbox 916 526 1019 558; x_wconf 86' lang='lat' dir='ltr'><em>illum.</em></span> <span class='ocrx_word' id='word_1_72' title='bbox 1055 525 1124 560; x_wconf 88' lang='lat' dir='ltr'><em>Cic.</em></span> <span class='ocrx_word' id='word_1_73' title='bbox 1156 526 1280 570; x_wconf 88' lang='lat' dir='ltr'><em>Philip.</em></span> <span class='ocrx_word' id='word_1_74' title='bbox 1310 527 1350 560; x_wconf 87' lang='lat' dir='ltr'><em>V.</em></span> <span class='ocrx_word' id='word_1_75' title='bbox 1365 523 1388 559; x_wconf 78' lang='lat'><em>⁷:</em></span> <span class='ocrx_word' id='word_1_76' title='bbox 1430 527 1587 561; x_wconf 73' lang='lat' dir='ltr'><em>Pecunia</em></span> <span class='ocrx_word' id='word_1_77' title='bbox 1616 534 1786 576; x_wconf 79' lang='lat' dir='ltr'><em>congesta</em></span> <span class='ocrx_word' id='word_1_78' title='bbox 1825 531 1860 563; x_wconf 82' lang='lat' dir='ltr'><em>in</em></span> <span class='ocrx_word' id='word_1_79' title='bbox 1893 531 1994 563; x_wconf 83' lang='lat' dir='ltr'><em>illam</em></span> <span class='ocrx_word' id='word_1_80' title='bbox 2029 530 2182 564; x_wconf 84' lang='lat' dir='ltr'><em>domum.</em></span> 
     </span>
    </p>
   </div>
   <div class='ocr_carea' id='block_1_8' title="bbox 342 574 1932 627">
    <p class='ocr_par' dir='ltr' id='par_1_8' title="bbox 342 574 1932 627">
     <span class='ocr_line' id='line_1_11' title="bbox 342 574 1932 627; baseline 0.004 -17"><span class='ocrx_word' id='word_1_81' title='bbox 342 577 547 621; x_wconf 77' lang='lat' dir='ltr'><em>Congestum</em></span> <span class='ocrx_word' id='word_1_82' title='bbox 573 576 661 609; x_wconf 84' lang='lat' dir='ltr'><em>illuc.</em></span> <span class='ocrx_word' id='word_1_83' title='bbox 689 576 784 621; x_wconf 80' lang='lat' dir='ltr'><em>Virg.</em></span> <span class='ocrx_word' id='word_1_84' title='bbox 819 574 980 610; x_wconf 70' lang='lat' dir='ltr'><em>Bucol.³:</em></span> <span class='ocrx_word' id='word_1_85' title='bbox 1007 576 1139 610; x_wconf 76' lang='lat' dir='ltr'><em>Notavi</em></span> <span class='ocrx_word' id='word_1_86' title='bbox 1166 577 1250 622; x_wconf 74' lang='lat' dir='ltr'><em>Ipse</em></span> <span class='ocrx_word' id='word_1_87' title='bbox 1277 578 1389 610; x_wconf 78' lang='lat' dir='ltr'><em>Iocum</em></span> <span class='ocrx_word' id='word_1_88' title='bbox 1416 590 1483 623; x_wconf 79' lang='lat' dir='ltr'><em>quo</em></span> <span class='ocrx_word' id='word_1_89' title='bbox 1504 591 1712 625; x_wconf 77' lang='lat' dir='ltr'><em>congessere</em></span> <span class='ocrx_word' id='word_1_90' title='bbox 1733 581 1932 627; x_wconf 76' lang='lat' dir='ltr'><em>palumbes.</em></span> 
     </span>
    </p>
   </div>
   <div class='ocr_carea' id='block_1_9' title="bbox 239 624 1447 673">
    <p class='ocr_par' dir='ltr' id='par_1_9' title="bbox 239 624 1447 673">
     <span class='ocr_line' id='line_1_12' title="bbox 239 624 1447 673; baseline 0 -10"><span class='ocrx_word' id='word_1_91' title='bbox 239 628 357 663; x_wconf 79' lang='lat' dir='ltr'><strong>Custos</strong></span> <span class='ocrx_word' id='word_1_92' title='bbox 383 629 514 662; x_wconf 81' lang='lat' dir='ltr'><em>illarum</em></span> <span class='ocrx_word' id='word_1_93' title='bbox 542 639 661 662; x_wconf 81' lang='lat' dir='ltr'><em>rerum.</em></span> <span class='ocrx_word' id='word_1_94' title='bbox 698 628 790 672; x_wconf 86' lang='lat' dir='ltr'><em>Virg.</em></span> <span class='ocrx_word' id='word_1_95' title='bbox 819 628 948 673; x_wconf 80' lang='lat' dir='ltr'><em>Georg.</em></span> <span class='ocrx_word' id='word_1_96' title='bbox 974 624 1035 662; x_wconf 81' lang='lat'><em>1.⁰:</em></span> <span class='ocrx_word' id='word_1_97' title='bbox 1063 628 1146 662; x_wconf 82' lang='lat' dir='ltr'><em>Pan</em></span> <span class='ocrx_word' id='word_1_98' title='bbox 1178 629 1291 662; x_wconf 77' lang='lat' dir='ltr'><em>ovium</em></span> <span class='ocrx_word' id='word_1_99' title='bbox 1325 633 1447 663; x_wconf 79' lang='lat' dir='ltr'><em>custos.</em></span> 
     </span>
    </p>
   </div>
   <div class='ocr_carea' id='block_1_10' title="bbox 341 678 915 724">
    <p class='ocr_par' dir='ltr' id='par_1_10' title="bbox 341 678 915 724">
     <span class='ocr_line' id='line_1_13' title="bbox 341 678 915 724; baseline -0.002 -11"><span class='ocrx_word' id='word_1_100' title='bbox 341 680 402 713; x_wconf 88' lang='lat'><em>11.:</em></span> <span class='ocrx_word' id='word_1_101' title='bbox 428 678 556 712; x_wconf 77' lang='lat' dir='ltr'><em>Nullus</em></span> <span class='ocrx_word' id='word_1_102' title='bbox 583 682 632 712; x_wconf 74' lang='lat' dir='ltr'><em>est</em></span> <span class='ocrx_word' id='word_1_103' title='bbox 654 680 767 724; x_wconf 80' lang='lat' dir='ltr'><em>portis</em></span> <span class='ocrx_word' id='word_1_104' title='bbox 793 683 915 713; x_wconf 77' lang='lat' dir='ltr'><em>custos.</em></span> 
     </span>
    </p>
   </div>
   <div class='ocr_carea' id='block_1_11' title="bbox 1501 629 2181 668">
    <p class='ocr_par' dir='ltr' id='par_1_11' title="bbox 1501 629 2181 668">
     <span class='ocr_line' id='line_1_14' title="bbox 1501 629 2181 668; baseline 0.001 -4"><span class='ocrx_word' id='word_1_105' title='bbox 1501 631 1618 666; x_wconf 79' lang='lat' dir='ltr'>Custos</span> <span class='ocrx_word' id='word_1_106' title='bbox 1652 633 1714 666; x_wconf 83' lang='lat' dir='ltr'><em>illis</em></span> <span class='ocrx_word' id='word_1_107' title='bbox 1748 634 1848 667; x_wconf 85' lang='lat' dir='ltr'><em>rebus</em></span> <span class='ocrx_word' id='word_1_108' title='bbox 1858 629 1891 667; x_wconf 83' lang='lat'><em>¹⁰.</em></span> <span class='ocrx_word' id='word_1_109' title='bbox 1925 631 1996 668; x_wconf 85' lang='lat' dir='ltr'><em>cic.</em></span> <span class='ocrx_word' id='word_1_110' title='bbox 2022 631 2056 665; x_wconf 87' lang='lat' dir='ltr'><em>in</em></span> <span class='ocrx_word' id='word_1_111' title='bbox 2082 631 2181 667; x_wconf 78' lang='lat' dir='ltr'><em>Catil.</em></span> 
     </span>
    </p>
   </div>
   <div class='ocr_carea' id='block_1_12' title="bbox 237 727 2182 933">
    <p class='ocr_par' dir='ltr' id='par_1_12' title="bbox 238 727 1523 767">
     <span class='ocr_line' id='line_1_15' title="bbox 238 727 1523 767; baseline 0.002 -2"><span class='ocrx_word' id='word_1_112' title='bbox 238 731 404 765; x_wconf 86' lang='lat' dir='ltr'><em>Criminor</em></span> <span class='ocrx_word' id='word_1_113' title='bbox 431 736 463 763; x_wconf 85' lang='lat' dir='ltr'><em>te</em></span> <span class='ocrx_word' id='word_1_114' title='bbox 489 731 545 763; x_wconf 89' lang='lat' dir='ltr'><em>illi.</em></span> <span class='ocrx_word' id='word_1_115' title='bbox 573 730 706 765; x_wconf 81' lang='lat' dir='ltr'><em>Terent.</em></span> <span class='ocrx_word' id='word_1_116' title='bbox 732 727 865 763; x_wconf 85' lang='lat' dir='ltr'><em>Eun.¹¹:</em></span> <span class='ocrx_word' id='word_1_117' title='bbox 892 729 1005 764; x_wconf 78' lang='lat' dir='ltr'><em>Metui</em></span> <span class='ocrx_word' id='word_1_118' title='bbox 1029 740 1072 763; x_wconf 88' lang='lat' dir='ltr'><em>ne</em></span> <span class='ocrx_word' id='word_1_119' title='bbox 1098 741 1153 763; x_wconf 89' lang='lat' dir='ltr'><em>me</em></span> <span class='ocrx_word' id='word_1_120' title='bbox 1180 731 1427 764; x_wconf 78' lang='lat' dir='ltr'><em>criminaretur</em></span> <span class='ocrx_word' id='word_1_121' title='bbox 1452 731 1523 767; x_wconf 82' lang='lat' dir='ltr'><em>tibi.</em></span> 
     </span>
    </p>

    <p class='ocr_par' dir='ltr' id='par_1_13' title="bbox 237 778 1430 827">
     <span class='ocr_line' id='line_1_16' title="bbox 237 778 1430 827; baseline -0.001 -10"><span class='ocrx_word' id='word_1_122' title='bbox 237 783 387 827; x_wconf 80' lang='lat' dir='ltr'><em>Compos</em></span> <span class='ocrx_word' id='word_1_123' title='bbox 414 782 521 815; x_wconf 84' lang='lat' dir='ltr'><em>animi.</em></span> <span class='ocrx_word' id='word_1_124' title='bbox 549 781 683 814; x_wconf 77' lang='lat' dir='ltr'><em>Terent.</em></span> <span class='ocrx_word' id='word_1_125' title='bbox 710 781 860 826; x_wconf 86' lang='lat' dir='ltr'><em>Adelph.</em></span> <span class='ocrx_word' id='word_1_126' title='bbox 873 778 912 814; x_wconf 85' lang='lat'><em>¹²:</em></span> <span class='ocrx_word' id='word_1_127' title='bbox 953 781 1018 814; x_wconf 62' lang='lat' dir='ltr'><em>1⁷1·ae</em></span> <span class='ocrx_word' id='word_1_128' title='bbox 1044 793 1120 814; x_wconf 78' lang='lat' dir='ltr'><em>sum</em></span> <span class='ocrx_word' id='word_1_129' title='bbox 1148 793 1288 827; x_wconf 78' lang='lat' dir='ltr'><em>compos</em></span> <span class='ocrx_word' id='word_1_130' title='bbox 1314 784 1430 817; x_wconf 70' lang='lat' dir='ltr'><em>[mimi.</em></span> 
     </span>
    </p>

    <p class='ocr_par' dir='ltr' id='par_1_14' title="bbox 237 829 2182 933">
     <span class='ocr_line' id='line_1_17' title="bbox 237 829 2015 881; baseline 0.001 -14"><span class='ocrx_word' id='word_1_131' title='bbox 237 834 458 868; x_wconf 76' lang='lat' dir='ltr'><em>commeritus</em></span> <span class='ocrx_word' id='word_1_132' title='bbox 480 845 560 878; x_wconf 84' lang='lat' dir='ltr'><em>erga</em></span> <span class='ocrx_word' id='word_1_133' title='bbox 583 845 646 865; x_wconf 85' lang='lat' dir='ltr'><em>me.</em></span> <span class='ocrx_word' id='word_1_134' title='bbox 674 833 808 866; x_wconf 84' lang='lat' dir='ltr'><em>Terent.</em></span> <span class='ocrx_word' id='word_1_135' title='bbox 832 829 1002 877; x_wconf 77' lang='lat' dir='ltr'><em>Hecy1·.¹³:</em></span> <span class='ocrx_word' id='word_1_136' title='bbox 1030 831 1218 878; x_wconf 72' lang='lat' dir='ltr'><em>Nunquam</em></span> <span class='ocrx_word' id='word_1_137' title='bbox 1239 834 1424 879; x_wconf 66' lang='lat' dir='ltr'><em>quit-qnam</em></span> <span class='ocrx_word' id='word_1_138' title='bbox 1447 846 1541 881; x_wconf 81' lang='lat' dir='ltr'><em>erga</em></span> <span class='ocrx_word' id='word_1_139' title='bbox 1560 846 1616 868; x_wconf 89' lang='lat' dir='ltr'><em>me</em></span> <span class='ocrx_word' id='word_1_140' title='bbox 1630 835 1875 876; x_wconf 57' lang='lat' dir='ltr'><em>commentust,</em></span> <span class='ocrx_word' id='word_1_141' title='bbox 1897 838 2015 880; x_wconf 81' lang='lat' dir='ltr'><em>pater.</em></span> 
     </span>
     <span class='ocr_line' id='line_1_18' title="bbox 237 880 2182 933; baseline 0.001 -14"><span class='ocrx_word' id='word_1_142' title='bbox 237 886 437 930; x_wconf 79' lang='lat' dir='ltr'><em>Compertos</em></span> <span class='ocrx_word' id='word_1_143' title='bbox 463 886 598 918; x_wconf 84' lang='lat' dir='ltr'><em>scelere.</em></span> <span class='ocrx_word' id='word_1_144' title='bbox 632 884 702 918; x_wconf 89' lang='lat' dir='ltr'>Cic.</span> <span class='ocrx_word' id='word_1_145' title='bbox 729 885 852 929; x_wconf 81' lang='lat' dir='ltr'>Philip.</span> <span class='ocrx_word' id='word_1_146' title='bbox 871 880 996 918; x_wconf 84' lang='lat' dir='ltr'><em>xu.¹⁴:</em></span> <span class='ocrx_word' id='word_1_147' title='bbox 1030 883 1106 918; x_wconf 79' lang='lat' dir='ltr'><em>Hos</em></span> <span class='ocrx_word' id='word_1_148' title='bbox 1134 896 1225 919; x_wconf 83' lang='lat' dir='ltr'><em>nune</em></span> <span class='ocrx_word' id='word_1_149' title='bbox 1256 887 1348 919; x_wconf 84' lang='lat' dir='ltr'><em>omm·</em></span> <span class='ocrx_word' id='word_1_150' title='bbox 1372 887 1503 920; x_wconf 83' lang='lat' dir='ltr'><em>scelere</em></span> <span class='ocrx_word' id='word_1_151' title='bbox 1536 891 1731 933; x_wconf 74' lang='lat' dir='ltr'><em>compertos</em></span> <span class='ocrx_word' id='word_1_152' title='bbox 1762 886 1961 920; x_wconf 79' lang='lat' dir='ltr'><em>tolerabiles</em></span> <span class='ocrx_word' id='word_1_153' title='bbox 1987 895 2105 920; x_wconf 76' lang='lat' dir='ltr'><em>censes</em></span> <span class='ocrx_word' id='word_1_154' title='bbox 2131 884 2182 920; x_wconf 75' lang='lat' dir='ltr'><em>ci-</em></span> 
     </span>
    </p>
   </div>
   <div class='ocr_carea' id='block_1_13' title="bbox 339 934 575 981">
    <p class='ocr_par' dir='ltr' id='par_1_15' title="bbox 339 934 575 981">
     <span class='ocr_line' id='line_1_19' title="bbox 339 934 575 981; baseline 0 -12"><span class='ocrx_word' id='word_1_155' title='bbox 339 937 439 970; x_wconf 78' lang='lat' dir='ltr'><em>vitati</em></span> <span class='ocrx_word' id='word_1_156' title='bbox 458 934 575 981; x_wconf 80' lang='lat' dir='ltr'><em>sore?</em></span> 
     </span>
    </p>
   </div>
   <div class='ocr_carea' id='block_1_14' title="bbox 237 984 1390 1032">
    <p class='ocr_par' dir='ltr' id='par_1_16' title="bbox 237 984 1390 1032">
     <span class='ocr_line' id='line_1_20' title="bbox 237 984 1390 1032; baseline 0.001 -12"><span class='ocrx_word' id='word_1_157' title='bbox 237 987 402 1021; x_wconf 82' lang='lat' dir='ltr'><em>Credulus</em></span> <span class='ocrx_word' id='word_1_158' title='bbox 429 989 500 1021; x_wconf 81' lang='lat' dir='ltr'><em>illis.</em></span> <span class='ocrx_word' id='word_1_159' title='bbox 528 988 621 1032; x_wconf 84' lang='lat' dir='ltr'><em>Virg.</em></span> <span class='ocrx_word' id='word_1_160' title='bbox 648 987 767 1022; x_wconf 88' lang='lat' dir='ltr'><em>Bucol.</em></span> <span class='ocrx_word' id='word_1_161' title='bbox 778 984 816 1020; x_wconf 83' lang='lat'><em>¹⁵:</em></span> <span class='ocrx_word' id='word_1_162' title='bbox 844 986 920 1020; x_wconf 80' lang='lat' dir='ltr'><em>Sed</em></span> <span class='ocrx_word' id='word_1_163' title='bbox 939 997 1006 1020; x_wconf 80' lang='lat' dir='ltr'><em>non</em></span> <span class='ocrx_word' id='word_1_164' title='bbox 1028 997 1097 1032; x_wconf 81' lang='lat' dir='ltr'><em>ego</em></span> <span class='ocrx_word' id='word_1_165' title='bbox 1126 987 1290 1020; x_wconf 79' lang='lat' dir='ltr'><em>credulus</em></span> <span class='ocrx_word' id='word_1_166' title='bbox 1312 987 1390 1021; x_wconf 72' lang='lat' dir='ltr'><em>illis.</em></span> 
     </span>
    </p>
   </div>
   <div class='ocr_carea' id='block_1_15' title="bbox 2075 984 2182 1033">
    <p class='ocr_par' dir='ltr' id='par_1_17' title="bbox 2075 984 2182 1033">
     <span class='ocr_line' id='line_1_21' title="bbox 2075 984 2182 1033; baseline -0.009 -13"><span class='ocrx_word' id='word_1_167' title='bbox 2075 984 2182 1033; x_wconf 80' lang='lat'>[5⁰3]</span> 
     </span>
    </p>
   </div>
   <div class='ocr_carea' id='block_1_16' title="bbox 238 1035 2184 1085">
    <p class='ocr_par' dir='ltr' id='par_1_18' title="bbox 238 1035 2184 1085">
     <span class='ocr_line' id='line_1_22' title="bbox 238 1035 2184 1085; baseline -0.001 -12"><span class='ocrx_word' id='word_1_168' title='bbox 238 1039 420 1073; x_wconf 78' lang='lat' dir='ltr'><em>Considere</em></span> <span class='ocrx_word' id='word_1_169' title='bbox 443 1040 476 1072; x_wconf 89' lang='lat' dir='ltr'><em>in</em></span> <span class='ocrx_word' id='word_1_170' title='bbox 500 1040 591 1072; x_wconf 85' lang='lat' dir='ltr'><em>illam</em></span> <span class='ocrx_word' id='word_1_171' title='bbox 616 1050 694 1072; x_wconf 90' lang='lat' dir='ltr'><em>rem.</em></span> <span class='ocrx_word' id='word_1_172' title='bbox 732 1040 825 1083; x_wconf 82' lang='lat' dir='ltr'><em>Virg.</em></span> <span class='ocrx_word' id='word_1_173' title='bbox 850 1040 932 1071; x_wconf 90' lang='lat' dir='ltr'><em>Aen.</em></span> <span class='ocrx_word' id='word_1_174' title='bbox 958 1035 1114 1071; x_wconf 78' lang='lat' dir='ltr'><em>Vllll.¹¹⁵:</em></span> <span class='ocrx_word' id='word_1_175' title='bbox 1151 1039 1199 1071; x_wconf 78' lang='lat' dir='ltr'><em>At</em></span> <span class='ocrx_word' id='word_1_176' title='bbox 1223 1050 1289 1071; x_wconf 84' lang='lat' dir='ltr'><em>non</em></span> <span class='ocrx_word' id='word_1_177' title='bbox 1312 1040 1474 1072; x_wconf 78' lang='lat' dir='ltr'><em>viderunt</em></span> <span class='ocrx_word' id='word_1_178' title='bbox 1495 1040 1633 1073; x_wconf 82' lang='lat' dir='ltr'><em>moenia</em></span> <span class='ocrx_word' id='word_1_179' title='bbox 1670 1039 1797 1073; x_wconf 79' lang='lat' dir='ltr'><em>Troiae</em></span> <span class='ocrx_word' id='word_1_180' title='bbox 1824 1038 1979 1085; x_wconf 81' lang='lat' dir='ltr'><em>Neptuni</em></span> <span class='ocrx_word' id='word_1_181' title='bbox 1992 1037 2184 1084; x_wconf 80' lang='lat' dir='ltr'><em>fabricata</em></span> 
     </span>
    </p>
   </div>
   <div class='ocr_carea' id='block_1_17' title="bbox 341 1091 841 1125">
    <p class='ocr_par' dir='ltr' id='par_1_19' title="bbox 341 1091 841 1125">
     <span class='ocr_line' id='line_1_23' title="bbox 341 1091 841 1125; baseline 0.004 -2"><span class='ocrx_word' id='word_1_182' title='bbox 341 1102 449 1124; x_wconf 83' lang='lat' dir='ltr'><em>manu</em></span> <span class='ocrx_word' id='word_1_183' title='bbox 471 1091 650 1124; x_wconf 82' lang='lat' dir='ltr'><em>considere</em></span> <span class='ocrx_word' id='word_1_184' title='bbox 673 1092 707 1124; x_wconf 75' lang='lat' dir='ltr'><em>in</em></span> <span class='ocrx_word' id='word_1_185' title='bbox 729 1091 841 1125; x_wconf 72' lang='lat' dir='ltr'><em>iones.</em></span> 
     </span>
    </p>
   </div>
   <div class='ocr_carea' id='block_1_18' title="bbox 741 1087 2183 1138">
    <p class='ocr_par' dir='ltr' id='par_1_20' title="bbox 741 1087 2183 1138">
     <span class='ocr_line' id='line_1_24' title="bbox 741 1087 2183 1138; baseline -0.001 -14"><span class='ocrx_word' id='word_1_186' title='bbox 741 1117 763 1138; x_wconf 59' lang='lat' dir='ltr'><em>e,</em></span> <span class='ocrx_word' id='word_1_187' title='bbox 896 1090 1077 1124; x_wconf 84' lang='lat' dir='ltr'><em>Considere</em></span> <span class='ocrx_word' id='word_1_188' title='bbox 1102 1089 1162 1122; x_wconf 85' lang='lat' dir='ltr'><em>his.</em></span> <span class='ocrx_word' id='word_1_189' title='bbox 1191 1090 1288 1124; x_wconf 84' lang='lat' dir='ltr'><em>Idem</em></span> <span class='ocrx_word' id='word_1_190' title='bbox 1312 1092 1395 1124; x_wconf 87' lang='lat' dir='ltr'><em>Aen.</em></span> <span class='ocrx_word' id='word_1_191' title='bbox 1414 1087 1488 1123; x_wconf 84' lang='lat'><em>1.¹⁷:</em></span> <span class='ocrx_word' id='word_1_192' title='bbox 1526 1091 1637 1125; x_wconf 77' lang='lat' dir='ltr'><em>Vultis</em></span> <span class='ocrx_word' id='word_1_193' title='bbox 1664 1092 1718 1125; x_wconf 84' lang='lat' dir='ltr'><em>his</em></span> <span class='ocrx_word' id='word_1_194' title='bbox 1744 1103 1878 1125; x_wconf 84' lang='lat' dir='ltr'><em>mecum</em></span> <span class='ocrx_word' id='word_1_195' title='bbox 1900 1091 2044 1138; x_wconf 80' lang='lat' dir='ltr'><em>pariter</em></span> <span class='ocrx_word' id='word_1_196' title='bbox 2072 1089 2183 1124; x_wconf 83' lang='lat' dir='ltr'><em>consi-</em></span> 
     </span>
    </p>
   </div>
   <div class='ocr_carea' id='block_1_19' title="bbox 339 1142 578 1187">
    <p class='ocr_par' dir='ltr' id='par_1_21' title="bbox 339 1142 578 1187">
     <span class='ocr_line' id='line_1_25' title="bbox 339 1142 578 1187; baseline 0 -12"><span class='ocrx_word' id='word_1_197' title='bbox 339 1142 426 1175; x_wconf 82' lang='lat' dir='ltr'><em>dere</em></span> <span class='ocrx_word' id='word_1_198' title='bbox 447 1143 578 1187; x_wconf 80' lang='lat' dir='ltr'><em>regnis.</em></span> 
     </span>
    </p>
   </div>
   <div class='ocr_carea' id='block_1_20' title="bbox 238 1189 1969 1290">
    <p class='ocr_par' dir='ltr' id='par_1_22' title="bbox 238 1189 1969 1290">
     <span class='ocr_line' id='line_1_26' title="bbox 238 1189 1969 1238; baseline 0.001 -11"><span class='ocrx_word' id='word_1_199' title='bbox 238 1193 400 1227; x_wconf 83' lang='lat' dir='ltr'><em>Concedo</em></span> <span class='ocrx_word' id='word_1_200' title='bbox 421 1196 557 1238; x_wconf 76' lang='lat' dir='ltr'><em>gratiae.</em></span> <span class='ocrx_word' id='word_1_201' title='bbox 583 1193 651 1226; x_wconf 87' lang='lat' dir='ltr'><em>Cic.</em></span> <span class='ocrx_word' id='word_1_202' title='bbox 676 1203 738 1236; x_wconf 85' lang='lat' dir='ltr'><em>pro</em></span> <span class='ocrx_word' id='word_1_203' title='bbox 763 1189 970 1226; x_wconf 68' lang='lat' dir='ltr'><em>Cornelioffl:</em></span> <span class='ocrx_word' id='word_1_204' title='bbox 1001 1190 1074 1225; x_wconf 77' lang='lat' dir='ltr'><em>Car</em></span> <span class='ocrx_word' id='word_1_205' title='bbox 1096 1203 1187 1225; x_wconf 78' lang='lat' dir='ltr'><em>nunc</em></span> <span class='ocrx_word' id='word_1_206' title='bbox 1207 1192 1374 1234; x_wconf 79' lang='lat' dir='ltr'><em>redeant,</em></span> <span class='ocrx_word' id='word_1_207' title='bbox 1401 1192 1431 1226; x_wconf 87' lang='lat' dir='ltr'><em>si</em></span> <span class='ocrx_word' id='word_1_208' title='bbox 1452 1196 1532 1226; x_wconf 84' lang='lat' dir='ltr'><em>tunc</em></span> <span class='ocrx_word' id='word_1_209' title='bbox 1556 1194 1702 1238; x_wconf 81' lang='lat' dir='ltr'><em>gratiae</em></span> <span class='ocrx_word' id='word_1_210' title='bbox 1731 1192 1969 1229; x_wconf 83' lang='lat' dir='ltr'><em>concesserint.</em></span> 
     </span>
     <span class='ocr_line' id='line_1_27' title="bbox 873 1243 1726 1290; baseline 0.001 -14"><span class='ocrx_word' id='word_1_211' title='bbox 873 1243 1030 1290; x_wconf 74' lang='lat' dir='ltr'><em>Quorum</em></span> <span class='ocrx_word' id='word_1_212' title='bbox 1054 1243 1088 1275; x_wconf 78' lang='lat' dir='ltr'><em>in</em></span> <span class='ocrx_word' id='word_1_213' title='bbox 1110 1245 1271 1288; x_wconf 75' lang='lat' dir='ltr'><em>gratiam</em></span> <span class='ocrx_word' id='word_1_214' title='bbox 1292 1245 1454 1289; x_wconf 79' lang='lat' dir='ltr'><em>plerique</em></span> <span class='ocrx_word' id='word_1_215' title='bbox 1478 1248 1726 1278; x_wconf 79' lang='lat' dir='ltr'><em>concesserant.</em></span> 
     </span>
    </p>
   </div>
   <div class='ocr_carea' id='block_1_21' title="bbox 339 1240 840 1289">
    <p class='ocr_par' dir='ltr' id='par_1_23' title="bbox 339 1240 840 1289">
     <span class='ocr_line' id='line_1_28' title="bbox 339 1240 840 1289; baseline 0 -12"><span class='ocrx_word' id='word_1_216' title='bbox 339 1245 372 1277; x_wconf 87' lang='lat' dir='ltr'><em>in</em></span> <span class='ocrx_word' id='word_1_217' title='bbox 397 1245 549 1289; x_wconf 81' lang='lat' dir='ltr'><em>gratiam.</em></span> <span class='ocrx_word' id='word_1_218' title='bbox 577 1245 645 1278; x_wconf 85' lang='lat' dir='ltr'><em>Sal.</em></span> <span class='ocrx_word' id='word_1_219' title='bbox 662 1245 745 1278; x_wconf 75' lang='lat' dir='ltr'><em>Hist.</em></span> <span class='ocrx_word' id='word_1_220' title='bbox 767 1240 840 1277; x_wconf 79' lang='lat' dir='ltr'><em>l.¹⁹:</em></span> 
     </span>
    </p>
   </div>
   <div class='ocr_carea' id='block_1_22' title="bbox 2020 1191 2182 1226">
    <p class='ocr_par' dir='ltr' id='par_1_24' title="bbox 2020 1191 2182 1226">
     <span class='ocr_line' id='line_1_29' title="bbox 2020 1191 2182 1226; baseline -0.006 0"><span class='ocrx_word' id='word_1_221' title='bbox 2020 1191 2182 1226; x_wconf 84' lang='lat' dir='ltr'><em>Concedo</em></span> 
     </span>
    </p>
   </div>
   <div class='ocr_carea' id='block_1_23' title="bbox 238 1291 1866 1382">
    <p class='ocr_par' dir='ltr' id='par_1_25' title="bbox 238 1291 1866 1382">
     <span class='ocr_line' id='line_1_30' title="bbox 238 1291 1866 1342; baseline -0.001 -14"><span class='ocrx_word' id='word_1_222' title='bbox 238 1295 409 1329; x_wconf 73' lang='lat' dir='ltr'><em>coniurati</em></span> <span class='ocrx_word' id='word_1_223' title='bbox 436 1296 504 1329; x_wconf 89' lang='lat' dir='ltr'><em>hoc</em></span> <span class='ocrx_word' id='word_1_224' title='bbox 532 1297 652 1330; x_wconf 84' lang='lat' dir='ltr'><em>facere.</em></span> <span class='ocrx_word' id='word_1_225' title='bbox 682 1296 774 1340; x_wconf 78' lang='lat' dir='ltr'><em>Virg.</em></span> <span class='ocrx_word' id='word_1_226' title='bbox 797 1295 925 1340; x_wconf 83' lang='lat' dir='ltr'><em>Georg.</em></span> <span class='ocrx_word' id='word_1_227' title='bbox 949 1291 1022 1329; x_wconf 85' lang='lat' dir='ltr'><em>l.²⁰:</em></span> <span class='ocrx_word' id='word_1_228' title='bbox 1044 1294 1092 1327; x_wconf 80' lang='lat' dir='ltr'><em>Et</em></span> <span class='ocrx_word' id='word_1_229' title='bbox 1120 1296 1316 1328; x_wconf 78' lang='lat' dir='ltr'><em>coniuratos</em></span> <span class='ocrx_word' id='word_1_230' title='bbox 1343 1297 1475 1329; x_wconf 79' lang='lat' dir='ltr'><em>eoelum</em></span> <span class='ocrx_word' id='word_1_231' title='bbox 1499 1297 1698 1331; x_wconf 85' lang='lat' dir='ltr'><em>rescindere</em></span> <span class='ocrx_word' id='word_1_232' title='bbox 1713 1295 1866 1342; x_wconf 79' lang='lat' dir='ltr'><em>fratres.</em></span> 
     </span>
     <span class='ocr_line' id='line_1_31' title="bbox 240 1343 1537 1382; baseline 0 -1"><span class='ocrx_word' id='word_1_233' title='bbox 240 1347 467 1381; x_wconf 85' lang='lat' dir='ltr'><em>Connnoritur</em></span> <span class='ocrx_word' id='word_1_234' title='bbox 485 1348 554 1382; x_wconf 81' lang='lat' dir='ltr'><em>iltis.</em></span> <span class='ocrx_word' id='word_1_235' title='bbox 580 1348 648 1381; x_wconf 79' lang='lat' dir='ltr'><em>Sal.</em></span> <span class='ocrx_word' id='word_1_236' title='bbox 670 1347 756 1382; x_wconf 79' lang='lat' dir='ltr'><em>Hist.</em></span> <span class='ocrx_word' id='word_1_237' title='bbox 777 1347 802 1379; x_wconf 88' lang='lat'><em>1.</em></span> <span class='ocrx_word' id='word_1_238' title='bbox 812 1343 852 1380; x_wconf 85' lang='lat'><em>²¹:</em></span> <span class='ocrx_word' id='word_1_239' title='bbox 884 1346 1036 1380; x_wconf 79' lang='lat' dir='ltr'><em>Obviam</em></span> <span class='ocrx_word' id='word_1_240' title='bbox 1057 1346 1109 1379; x_wconf 84' lang='lat' dir='ltr'><em>ire</em></span> <span class='ocrx_word' id='word_1_241' title='bbox 1134 1351 1165 1379; x_wconf 88' lang='lat' dir='ltr'><em>et</em></span> <span class='ocrx_word' id='word_1_242' title='bbox 1186 1348 1353 1381; x_wconf 84' lang='lat' dir='ltr'><em>commori</em></span> <span class='ocrx_word' id='word_1_243' title='bbox 1375 1346 1537 1381; x_wconf 84' lang='lat' dir='ltr'><em>hostibus.</em></span> 
     </span>
    </p>
   </div>
   <div class='ocr_carea' id='block_1_24' title="bbox 240 1455 1197 2423">
    <p class='ocr_par' dir='ltr' id='par_1_26' title="bbox 240 1455 1197 2423">
     <span class='ocr_line' id='line_1_32' title="bbox 241 1455 1193 1496; baseline -0.002 -9"><span class='ocrx_word' id='word_1_244' title='bbox 241 1459 298 1487; x_wconf 93' lang='lat' dir='ltr'><em>Gu.</em></span> <span class='ocrx_word' id='word_1_245' title='bbox 317 1457 522 1487; x_wconf 73' lang='lat' dir='ltr'><em>condonamus</em></span> <span class='ocrx_word' id='word_1_246' title='bbox 539 1463 575 1494; x_wconf 82' lang='lat' dir='ltr'><em>te,</em></span> <span class='ocrx_word' id='word_1_247' title='bbox 598 1456 677 1496; x_wconf 85' lang='lat' dir='ltr'><em>quod</em></span> <span class='ocrx_word' id='word_1_248' title='bbox 691 1456 800 1494; x_wconf 80' lang='lat' dir='ltr'><em>legitur</em></span> <span class='ocrx_word' id='word_1_249' title='bbox 816 1455 896 1495; x_wconf 85' lang='lat' dir='ltr'><em>apud</em></span> <span class='ocrx_word' id='word_1_250' title='bbox 909 1455 974 1484; x_wconf 88' lang='lat' dir='ltr'><em>Ter.</em></span> <span class='ocrx_word' id='word_1_251' title='bbox 1003 1471 1046 1477; x_wconf 91' lang='lat'><em>-—</em></span> <span class='ocrx_word' id='word_1_252' title='bbox 1079 1455 1107 1492; x_wconf 86' lang='lat'><em>1)</em></span> <span class='ocrx_word' id='word_1_253' title='bbox 1132 1456 1193 1485; x_wconf 93' lang='grc' dir='ltr'><em>Το-</em></span> 
     </span>
     <span class='ocr_line' id='line_1_33' title="bbox 240 1498 1193 1537; baseline -0.002 -8"><span class='ocrx_word' id='word_1_254' title='bbox 240 1505 271 1529; x_wconf 78' lang='lat' dir='ltr'><em>ta</em></span> <span class='ocrx_word' id='word_1_255' title='bbox 287 1500 359 1529; x_wconf 80' lang='lat' dir='ltr'><em>haec</em></span> <span class='ocrx_word' id='word_1_256' title='bbox 377 1501 505 1529; x_wconf 85' lang='lat' dir='ltr'><em>elocutio</em></span> <span class='ocrx_word' id='word_1_257' title='bbox 526 1511 593 1528; x_wconf 82' lang='lat' dir='ltr'><em>cum</em></span> <span class='ocrx_word' id='word_1_258' title='bbox 616 1510 669 1528; x_wconf 85' lang='lat' dir='ltr'><em>suo</em></span> <span class='ocrx_word' id='word_1_259' title='bbox 690 1499 825 1537; x_wconf 83' lang='lat' dir='ltr'><em>exemplo</em></span> <span class='ocrx_word' id='word_1_260' title='bbox 844 1499 874 1526; x_wconf 90' lang='lat' dir='ltr'><em>in</em></span> <span class='ocrx_word' id='word_1_261' title='bbox 891 1499 963 1528; x_wconf 74' lang='lat' dir='ltr'><em>cod.</em></span> <span class='ocrx_word' id='word_1_262' title='bbox 986 1498 1042 1528; x_wconf 91' lang='lat' dir='ltr'><em>Gu.</em></span> <span class='ocrx_word' id='word_1_263' title='bbox 1059 1503 1126 1536; x_wconf 85' lang='lat' dir='ltr'><em>post</em></span> <span class='ocrx_word' id='word_1_264' title='bbox 1142 1509 1193 1527; x_wconf 88' lang='lat' dir='ltr'><em>se-</em></span> 
     </span>
     <span class='ocr_line' id='line_1_34' title="bbox 241 1541 1191 1581; baseline -0.002 -10"><span class='ocrx_word' id='word_1_265' title='bbox 241 1548 378 1581; x_wconf 83' lang='lat' dir='ltr'><em>quentem</em></span> <span class='ocrx_word' id='word_1_266' title='bbox 395 1544 511 1581; x_wconf 75' lang='lat' dir='ltr'><em>legitur.</em></span> <span class='ocrx_word' id='word_1_267' title='bbox 536 1544 644 1571; x_wconf 90' lang='lat' dir='ltr'><em>Locum</em></span> <span class='ocrx_word' id='word_1_268' title='bbox 669 1541 821 1570; x_wconf 83' lang='lat' dir='ltr'><em>Ciceronis</em></span> <span class='ocrx_word' id='word_1_269' title='bbox 844 1541 875 1569; x_wconf 88' lang='lat' dir='ltr'><em>A.</em></span> <span class='ocrx_word' id='word_1_270' title='bbox 897 1541 935 1570; x_wconf 96' lang='lat' dir='ltr'><em>M.</em></span> <span class='ocrx_word' id='word_1_271' title='bbox 954 1551 1014 1568; x_wconf 84' lang='lat' dir='ltr'><em>uon</em></span> <span class='ocrx_word' id='word_1_272' title='bbox 1038 1541 1191 1569; x_wconf 80' lang='lat' dir='ltr'><em>indicavit.</em></span> 
     </span>
     <span class='ocr_line' id='line_1_35' title="bbox 241 1582 1191 1624; baseline -0.002 -11"><span class='ocrx_word' id='word_1_273' title='bbox 241 1600 283 1606; x_wconf 91' lang='lat'><em>—-</em></span> <span class='ocrx_word' id='word_1_274' title='bbox 306 1590 332 1619; x_wconf 71' lang='lat'><em>2)</em></span> <span class='ocrx_word' id='word_1_275' title='bbox 362 1587 447 1624; x_wconf 71' lang='lat' dir='ltr'><em>Virg.</em></span> <span class='ocrx_word' id='word_1_276' title='bbox 478 1586 552 1614; x_wconf 77' lang='lat' dir='ltr'><em>Aen.</em></span> <span class='ocrx_word' id='word_1_277' title='bbox 577 1585 635 1613; x_wconf 89' lang='lat' dir='ltr'><em>Xl.</em></span> <span class='ocrx_word' id='word_1_278' title='bbox 666 1586 738 1615; x_wconf 77' lang='lat'><em>812.</em></span> <span class='ocrx_word' id='word_1_279' title='bbox 763 1583 798 1612; x_wconf 88' lang='lat' dir='ltr'><em>A.</em></span> <span class='ocrx_word' id='word_1_280' title='bbox 823 1583 864 1612; x_wconf 85' lang='lat' dir='ltr'><em>M.</em></span> <span class='ocrx_word' id='word_1_281' title='bbox 893 1599 935 1604; x_wconf 97' lang='lat'><strong>—</strong></span> <span class='ocrx_word' id='word_1_282' title='bbox 967 1582 995 1620; x_wconf 85' lang='lat'><em>3)</em></span> <span class='ocrx_word' id='word_1_283' title='bbox 1028 1583 1073 1611; x_wconf 85' lang='lat' dir='ltr'><em>Ad</em></span> <span class='ocrx_word' id='word_1_284' title='bbox 1103 1584 1191 1611; x_wconf 67' lang='lat' dir='ltr'><em>verba</em></span> 
     </span>
     <span class='ocr_line' id='line_1_36' title="bbox 245 1625 1192 1664; baseline -0.002 -9"><span class='ocrx_word' id='word_1_285' title='bbox 245 1627 396 1655; x_wconf 69' lang='lat' dir='ltr'><em>Czcltorcm.</em></span> <span class='ocrx_word' id='word_1_286' title='bbox 421 1629 472 1655; x_wconf 70' lang='lat' dir='ltr'><em>sui</em></span> <span class='ocrx_word' id='word_1_287' title='bbox 488 1629 519 1656; x_wconf 85' lang='lat' dir='ltr'><em>in</em></span> <span class='ocrx_word' id='word_1_288' title='bbox 539 1638 589 1655; x_wconf 83' lang='lat' dir='ltr'><em>ora</em></span> <span class='ocrx_word' id='word_1_289' title='bbox 610 1626 677 1655; x_wconf 80' lang='lat' dir='ltr'><em>libri</em></span> <span class='ocrx_word' id='word_1_290' title='bbox 699 1625 827 1653; x_wconf 82' lang='lat' dir='ltr'><em>Gudiani</em></span> <span class='ocrx_word' id='word_1_291' title='bbox 845 1625 1008 1661; x_wconf 77' lang='lat' dir='ltr'><em>scripturn:</em></span> <span class='ocrx_word' id='word_1_292' title='bbox 1031 1627 1082 1653; x_wconf 74' lang='lat' dir='ltr'><em>Sic</em></span> <span class='ocrx_word' id='word_1_293' title='bbox 1096 1637 1192 1664; x_wconf 71' lang='lat' dir='ltr'><em>snpra</em></span> 
     </span>
     <span class='ocr_line' id='line_1_37' title="bbox 246 1668 1193 1699; baseline 0.002 -4"><span class='ocrx_word' id='word_1_294' title='bbox 246 1668 362 1697; x_wconf 66' lang='lat' dir='ltr'><em>Tem-nt.</em></span> <span class='ocrx_word' id='word_1_295' title='bbox 386 1672 503 1697; x_wconf 67' lang='lat' dir='ltr'><em>amis-ns</em></span> <span class='ocrx_word' id='word_1_296' title='bbox 527 1671 593 1697; x_wconf 65' lang='lat' dir='ltr'><em>nze-12.</em></span> <span class='ocrx_word' id='word_1_297' title='bbox 615 1669 690 1696; x_wconf 87' lang='lat' dir='ltr'><em>Tum</em></span> <span class='ocrx_word' id='word_1_298' title='bbox 711 1668 774 1697; x_wconf 78' lang='lat' dir='ltr'><em>Sal.</em></span> <span class='ocrx_word' id='word_1_299' title='bbox 790 1668 873 1697; x_wconf 67' lang='lat' dir='ltr'><em>Ili-st.</em></span> <span class='ocrx_word' id='word_1_300' title='bbox 898 1668 954 1695; x_wconf 89' lang='lat' dir='ltr'><em>IV.</em></span> <span class='ocrx_word' id='word_1_301' title='bbox 973 1670 1001 1699; x_wconf 88' lang='lat'><em>9.</em></span> <span class='ocrx_word' id='word_1_302' title='bbox 1026 1668 1061 1696; x_wconf 88' lang='lat' dir='ltr'><em>A.</em></span> <span class='ocrx_word' id='word_1_303' title='bbox 1076 1668 1114 1696; x_wconf 83' lang='lat' dir='ltr'><em>M.</em></span> <span class='ocrx_word' id='word_1_304' title='bbox 1142 1669 1193 1697; x_wconf 84' lang='lat' dir='ltr'><em>Est</em></span> 
     </span>
     <span class='ocr_line' id='line_1_38' title="bbox 245 1710 1191 1748; baseline 0.001 -11"><span class='ocrx_word' id='word_1_305' title='bbox 245 1710 298 1737; x_wconf 84' lang='lat' dir='ltr'><em>sub</em></span> <span class='ocrx_word' id='word_1_306' title='bbox 322 1721 368 1740; x_wconf 86' lang='lat' dir='ltr'><em>no.</em></span> <span class='ocrx_word' id='word_1_307' title='bbox 390 1714 438 1741; x_wconf 81' lang='lat'><em>19.</em></span> <span class='ocrx_word' id='word_1_308' title='bbox 462 1712 540 1747; x_wconf 71' lang='lat' dir='ltr'><em>apud</em></span> <span class='ocrx_word' id='word_1_309' title='bbox 567 1710 702 1739; x_wconf 83' lang='lat' dir='ltr'><em>Gerlach.</em></span> <span class='ocrx_word' id='word_1_310' title='bbox 725 1726 767 1732; x_wconf 94' lang='lat'>—</span> <span class='ocrx_word' id='word_1_311' title='bbox 794 1712 820 1744; x_wconf 84' lang='lat'><em>4)</em></span> <span class='ocrx_word' id='word_1_312' title='bbox 847 1710 932 1747; x_wconf 74' lang='lat' dir='ltr'><em>Virg.</em></span> <span class='ocrx_word' id='word_1_313' title='bbox 957 1710 1064 1748; x_wconf 66' lang='lat' dir='ltr'><em>Geotg.</em></span> <span class='ocrx_word' id='word_1_314' title='bbox 1092 1711 1123 1746; x_wconf 88' lang='lat' dir='ltr'><em>l,</em></span> <span class='ocrx_word' id='word_1_315' title='bbox 1146 1714 1191 1742; x_wconf 80' lang='lat'><em>14.</em></span> 
     </span>
     <span class='ocr_line' id='line_1_39' title="bbox 248 1751 1193 1790; baseline 0.001 -11"><span class='ocrx_word' id='word_1_316' title='bbox 248 1754 278 1780; x_wconf 84' lang='lat' dir='ltr'><em>A.</em></span> <span class='ocrx_word' id='word_1_317' title='bbox 296 1752 336 1780; x_wconf 85' lang='lat' dir='ltr'><em>M.</em></span> <span class='ocrx_word' id='word_1_318' title='bbox 352 1768 394 1773; x_wconf 92' lang='lat'><strong>—</strong></span> <span class='ocrx_word' id='word_1_319' title='bbox 416 1752 443 1790; x_wconf 79' lang='lat'><em>5)</em></span> <span class='ocrx_word' id='word_1_320' title='bbox 466 1753 528 1781; x_wconf 73' lang='lat' dir='ltr'><em>Cic.</em></span> <span class='ocrx_word' id='word_1_321' title='bbox 538 1763 594 1790; x_wconf 80' lang='lat' dir='ltr'><em>pro</em></span> <span class='ocrx_word' id='word_1_322' title='bbox 610 1754 739 1780; x_wconf 81' lang='lat' dir='ltr'><em>Plancio</em></span> <span class='ocrx_word' id='word_1_323' title='bbox 755 1753 804 1782; x_wconf 83' lang='lat'><em>33.</em></span> <span class='ocrx_word' id='word_1_324' title='bbox 821 1751 855 1779; x_wconf 84' lang='lat' dir='ltr'><em>A.</em></span> <span class='ocrx_word' id='word_1_325' title='bbox 868 1752 905 1779; x_wconf 90' lang='lat' dir='ltr'><em>M.</em></span> <span class='ocrx_word' id='word_1_326' title='bbox 923 1752 982 1779; x_wconf 71' lang='lat' dir='ltr'><em>Cic.</em></span> <span class='ocrx_word' id='word_1_327' title='bbox 1001 1763 1058 1790; x_wconf 80' lang='lat' dir='ltr'><em>pro</em></span> <span class='ocrx_word' id='word_1_328' title='bbox 1076 1754 1193 1780; x_wconf 79' lang='lat' dir='ltr'><em>Plan-</em></span> 
     </span>
     <span class='ocr_line' id='line_1_40' title="bbox 247 1793 1194 1831; baseline 0.001 -10"><span class='ocrx_word' id='word_1_329' title='bbox 247 1804 289 1821; x_wconf 88' lang='lat' dir='ltr'><em>co</em></span> <span class='ocrx_word' id='word_1_330' title='bbox 314 1794 383 1823; x_wconf 69' lang='lat' dir='ltr'><em>(jod.</em></span> <span class='ocrx_word' id='word_1_331' title='bbox 408 1794 483 1824; x_wconf 83' lang='lat' dir='ltr'><em>Gud.</em></span> <span class='ocrx_word' id='word_1_332' title='bbox 504 1810 546 1814; x_wconf 91' lang='lat'><em>———</em></span> <span class='ocrx_word' id='word_1_333' title='bbox 575 1795 605 1831; x_wconf 84' lang='lat'><em>6)</em></span> <span class='ocrx_word' id='word_1_334' title='bbox 629 1793 709 1822; x_wconf 77' lang='lat' dir='ltr'><em>Idem</em></span> <span class='ocrx_word' id='word_1_335' title='bbox 725 1804 783 1831; x_wconf 77' lang='lat' dir='ltr'><em>pro</em></span> <span class='ocrx_word' id='word_1_336' title='bbox 809 1795 957 1821; x_wconf 74' lang='lat' dir='ltr'><em>Deiotaro</em></span> <span class='ocrx_word' id='word_1_337' title='bbox 986 1796 1015 1825; x_wconf 86' lang='lat'><em>4.</em></span> <span class='ocrx_word' id='word_1_338' title='bbox 1038 1795 1069 1823; x_wconf 95' lang='lat' dir='ltr'><em>A.</em></span> <span class='ocrx_word' id='word_1_339' title='bbox 1089 1795 1127 1823; x_wconf 89' lang='lat' dir='ltr'><em>M.</em></span> <span class='ocrx_word' id='word_1_340' title='bbox 1153 1811 1194 1817; x_wconf 91' lang='lat'>—</span> 
     </span>
     <span class='ocr_line' id='line_1_41' title="bbox 245 1835 1194 1874; baseline 0.004 -12"><span class='ocrx_word' id='word_1_341' title='bbox 245 1835 277 1873; x_wconf 92' lang='grc'><em>7)</em></span> <span class='ocrx_word' id='word_1_342' title='bbox 302 1835 382 1864; x_wconf 70' lang='lat' dir='ltr'><em>Idem</em></span> <span class='ocrx_word' id='word_1_343' title='bbox 404 1836 484 1865; x_wconf 73' lang='lat' dir='ltr'><em>Phil.</em></span> <span class='ocrx_word' id='word_1_344' title='bbox 511 1836 547 1864; x_wconf 52' lang='lat' dir='ltr'><em>Jr.</em></span> <span class='ocrx_word' id='word_1_345' title='bbox 565 1839 594 1866; x_wconf 85' lang='lat'><em>4.</em></span> <span class='ocrx_word' id='word_1_346' title='bbox 618 1835 651 1863; x_wconf 88' lang='lat' dir='ltr'><em>A.</em></span> <span class='ocrx_word' id='word_1_347' title='bbox 676 1835 714 1863; x_wconf 87' lang='lat' dir='ltr'><em>M.</em></span> <span class='ocrx_word' id='word_1_348' title='bbox 745 1851 780 1855; x_wconf 84' lang='lat'><em>——</em></span> <span class='ocrx_word' id='word_1_349' title='bbox 811 1838 837 1870; x_wconf 84' lang='grc'><em>8)</em></span> <span class='ocrx_word' id='word_1_350' title='bbox 864 1837 950 1874; x_wconf 77' lang='lat' dir='ltr'><em>Virg.</em></span> <span class='ocrx_word' id='word_1_351' title='bbox 976 1837 1043 1865; x_wconf 87' lang='lat' dir='ltr'><em>Ecl.</em></span> <span class='ocrx_word' id='word_1_352' title='bbox 1067 1837 1122 1865; x_wconf 84' lang='grc'><em>11].</em></span> <span class='ocrx_word' id='word_1_353' title='bbox 1145 1840 1194 1869; x_wconf 84' lang='grc'><em>69.</em></span> 
     </span>
     <span class='ocr_line' id='line_1_42' title="bbox 246 1877 1193 1915; baseline 0.002 -9"><span class='ocrx_word' id='word_1_354' title='bbox 246 1877 282 1906; x_wconf 91' lang='lat' dir='ltr'><em>A.</em></span> <span class='ocrx_word' id='word_1_355' title='bbox 301 1878 340 1907; x_wconf 86' lang='lat' dir='ltr'><em>M.</em></span> <span class='ocrx_word' id='word_1_356' title='bbox 366 1879 439 1906; x_wconf 86' lang='lat' dir='ltr'><em>Tum</em></span> <span class='ocrx_word' id='word_1_357' title='bbox 459 1877 539 1915; x_wconf 69' lang='lat' dir='ltr'><em>qaod</em></span> <span class='ocrx_word' id='word_1_358' title='bbox 561 1888 728 1915; x_wconf 72' lang='lat' dir='ltr'><em>congessere</em></span> <span class='ocrx_word' id='word_1_359' title='bbox 746 1877 815 1905; x_wconf 88' lang='lat' dir='ltr'><em>Cod.</em></span> <span class='ocrx_word' id='word_1_360' title='bbox 842 1879 898 1907; x_wconf 89' lang='lat' dir='ltr'><em>Gu.</em></span> <span class='ocrx_word' id='word_1_361' title='bbox 923 1879 1043 1907; x_wconf 80' lang='lat' dir='ltr'><em>Notavit</em></span> <span class='ocrx_word' id='word_1_362' title='bbox 1065 1880 1102 1907; x_wconf 86' lang='lat' dir='ltr'><em>ad</em></span> <span class='ocrx_word' id='word_1_363' title='bbox 1124 1878 1154 1908; x_wconf 86' lang='lat' dir='ltr'><em>h.</em></span> <span class='ocrx_word' id='word_1_364' title='bbox 1174 1880 1193 1909; x_wconf 94' lang='lat' dir='ltr'><em>l.</em></span> 
     </span>
     <span class='ocr_line' id='line_1_43' title="bbox 247 1919 1196 1955; baseline -0.003 -7"><span class='ocrx_word' id='word_1_365' title='bbox 247 1919 284 1948; x_wconf 87' lang='lat' dir='ltr'><em>A.</em></span> <span class='ocrx_word' id='word_1_366' title='bbox 304 1920 341 1949; x_wconf 93' lang='lat' dir='ltr'><em>M.</em></span> <span class='ocrx_word' id='word_1_367' title='bbox 360 1920 500 1948; x_wconf 79' lang='lat' dir='ltr'><em>editiones</em></span> <span class='ocrx_word' id='word_1_368' title='bbox 518 1920 655 1948; x_wconf 72' lang='lat' dir='ltr'><em>exhibere</em></span> <span class='ocrx_word' id='word_1_369' title='bbox 671 1930 851 1955; x_wconf 62' lang='lat' dir='ltr'><em>concessere;</em></span> <span class='ocrx_word' id='word_1_370' title='bbox 883 1922 1006 1950; x_wconf 80' lang='lat' dir='ltr'><em>fortasse</em></span> <span class='ocrx_word' id='word_1_371' title='bbox 1022 1921 1063 1949; x_wconf 83' lang='lat' dir='ltr'><em>ita</em></span> <span class='ocrx_word' id='word_1_372' title='bbox 1087 1932 1124 1950; x_wconf 75' lang='lat' dir='ltr'><em>ex</em></span> <span class='ocrx_word' id='word_1_373' title='bbox 1142 1932 1196 1950; x_wconf 77' lang='lat' dir='ltr'><em>er.-</em></span> 
     </span>
     <span class='ocr_line' id='line_1_44' title="bbox 248 1961 1197 2001; baseline 0.001 -10"><span class='ocrx_word' id='word_1_374' title='bbox 248 1972 318 1991; x_wconf 87' lang='lat' dir='ltr'><em>rore</em></span> <span class='ocrx_word' id='word_1_375' title='bbox 336 1963 465 2001; x_wconf 76' lang='lat' dir='ltr'><em>scripsit,</em></span> <span class='ocrx_word' id='word_1_376' title='bbox 476 1972 566 2000; x_wconf 86' lang='lat' dir='ltr'><em>quum</em></span> <span class='ocrx_word' id='word_1_377' title='bbox 582 1962 708 1990; x_wconf 86' lang='lat' dir='ltr'><em>scribere</em></span> <span class='ocrx_word' id='word_1_378' title='bbox 722 1961 822 1997; x_wconf 78' lang='lat' dir='ltr'><em>vellet,</em></span> <span class='ocrx_word' id='word_1_379' title='bbox 845 1962 982 1992; x_wconf 88' lang='lat' dir='ltr'><em>Codicem</em></span> <span class='ocrx_word' id='word_1_380' title='bbox 997 1973 1082 1992; x_wconf 88' lang='lat' dir='ltr'><em>suum</em></span> <span class='ocrx_word' id='word_1_381' title='bbox 1097 1964 1197 1992; x_wconf 87' lang='lat' dir='ltr'><em>Fron·-</em></span> 
     </span>
     <span class='ocr_line' id='line_1_45' title="bbox 249 2003 1196 2038; baseline 0.003 -6"><span class='ocrx_word' id='word_1_382' title='bbox 249 2004 327 2032; x_wconf 79' lang='lat' dir='ltr'><em>tonis</em></span> <span class='ocrx_word' id='word_1_383' title='bbox 344 2005 384 2032; x_wconf 82' lang='lat' dir='ltr'><em>ita</em></span> <span class='ocrx_word' id='word_1_384' title='bbox 403 2004 550 2032; x_wconf 64' lang='lat' dir='ltr'><em>exhibere.</em></span> <span class='ocrx_word' id='word_1_385' title='bbox 573 2004 653 2032; x_wconf 85' lang='lat' dir='ltr'><em>Idem</em></span> <span class='ocrx_word' id='word_1_386' title='bbox 675 2003 830 2032; x_wconf 73' lang='lat' dir='ltr'><em>columbae</em></span> <span class='ocrx_word' id='word_1_387' title='bbox 851 2004 957 2037; x_wconf 81' lang='lat' dir='ltr'><em>edi‹lit;</em></span> <span class='ocrx_word' id='word_1_388' title='bbox 981 2006 1034 2034; x_wconf 78' lang='lat' dir='ltr'><em>scd</em></span> <span class='ocrx_word' id='word_1_389' title='bbox 1055 2007 1126 2035; x_wconf 82' lang='lat' dir='ltr'><em>Cod.</em></span> <span class='ocrx_word' id='word_1_390' title='bbox 1140 2007 1196 2038; x_wconf 86' lang='lat' dir='ltr'><em>Gu.</em></span> 
     </span>
     <span class='ocr_line' id='line_1_46' title="bbox 249 2045 1196 2088; baseline 0.003 -14"><span class='ocrx_word' id='word_1_391' title='bbox 249 2051 348 2082; x_wconf 86' lang='lat' dir='ltr'><em>recte,</em></span> <span class='ocrx_word' id='word_1_392' title='bbox 371 2051 404 2075; x_wconf 89' lang='lat' dir='ltr'><em>ut</em></span> <span class='ocrx_word' id='word_1_393' title='bbox 420 2047 498 2085; x_wconf 81' lang='lat' dir='ltr'><em>apud</em></span> <span class='ocrx_word' id='word_1_394' title='bbox 516 2047 596 2084; x_wconf 71' lang='lat' dir='ltr'><em>Virg.</em></span> <span class='ocrx_word' id='word_1_395' title='bbox 611 2051 667 2082; x_wconf 84' lang='lat' dir='ltr'><em>est,</em></span> <span class='ocrx_word' id='word_1_396' title='bbox 688 2045 856 2084; x_wconf 74' lang='lat' dir='ltr'><em>palumbes,</em></span> <span class='ocrx_word' id='word_1_397' title='bbox 878 2062 919 2067; x_wconf 92' lang='lat'><strong>—</strong></span> <span class='ocrx_word' id='word_1_398' title='bbox 940 2048 970 2084; x_wconf 86' lang='lat'><em>9)</em></span> <span class='ocrx_word' id='word_1_399' title='bbox 987 2047 1068 2076; x_wconf 77' lang='lat' dir='ltr'><em>Idem.</em></span> <span class='ocrx_word' id='word_1_400' title='bbox 1088 2050 1196 2088; x_wconf 63' lang='lat' dir='ltr'><em>Georg.</em></span> 
     </span>
     <span class='ocr_line' id='line_1_47' title="bbox 252 2087 1194 2123; baseline 0.003 -6"><span class='ocrx_word' id='word_1_401' title='bbox 252 2088 273 2117; x_wconf 86' lang='lat' dir='ltr'><em>l.</em></span> <span class='ocrx_word' id='word_1_402' title='bbox 291 2092 336 2120; x_wconf 88' lang='lat'><em>17.</em></span> <span class='ocrx_word' id='word_1_403' title='bbox 360 2088 395 2117; x_wconf 97' lang='lat' dir='ltr'><em>A.</em></span> <span class='ocrx_word' id='word_1_404' title='bbox 413 2089 451 2117; x_wconf 90' lang='lat' dir='ltr'><em>M.</em></span> <span class='ocrx_word' id='word_1_405' title='bbox 472 2105 513 2110; x_wconf 98' lang='lat'><strong>—</strong></span> <span class='ocrx_word' id='word_1_406' title='bbox 558 2093 600 2123; x_wconf 92' lang='grc'><em>10)</em></span> <span class='ocrx_word' id='word_1_407' title='bbox 624 2089 727 2117; x_wconf 74' lang='lat' dir='ltr'><em>Rebus</em></span> <span class='ocrx_word' id='word_1_408' title='bbox 745 2087 913 2116; x_wconf 81' lang='lat' dir='ltr'><em>addendum</em></span> <span class='ocrx_word' id='word_1_409' title='bbox 933 2089 987 2117; x_wconf 83' lang='lat' dir='ltr'><em>suit</em></span> <span class='ocrx_word' id='word_1_410' title='bbox 1010 2100 1024 2118; x_wconf 83' lang='lat' dir='ltr'><em>e</em></span> <span class='ocrx_word' id='word_1_411' title='bbox 1046 2092 1116 2121; x_wconf 81' lang='lat' dir='ltr'><em>eod.</em></span> <span class='ocrx_word' id='word_1_412' title='bbox 1139 2091 1194 2123; x_wconf 84' lang='lat' dir='ltr'><em>Gu.</em></span> 
     </span>
     <span class='ocr_line' id='line_1_48' title="bbox 255 2129 1194 2169; baseline 0.004 -11"><span class='ocrx_word' id='word_1_413' title='bbox 255 2130 317 2160; x_wconf 67' lang='lat' dir='ltr'><em>Cic.</em></span> <span class='ocrx_word' id='word_1_414' title='bbox 339 2132 372 2159; x_wconf 74' lang='grc' dir='ltr'><em>ιἰι</em></span> <span class='ocrx_word' id='word_1_415' title='bbox 396 2129 460 2160; x_wconf 70' lang='lat' dir='ltr'><em>Cal.</em></span> <span class='ocrx_word' id='word_1_416' title='bbox 485 2131 524 2161; x_wconf 89' lang='lat' dir='ltr'><em>ll.</em></span> <span class='ocrx_word' id='word_1_417' title='bbox 558 2134 605 2162; x_wconf 77' lang='lat'><em>12.</em></span> <span class='ocrx_word' id='word_1_418' title='bbox 626 2131 660 2159; x_wconf 87' lang='lat' dir='ltr'><em>A.</em></span> <span class='ocrx_word' id='word_1_419' title='bbox 686 2131 723 2158; x_wconf 92' lang='lat' dir='ltr'><em>M.</em></span> <span class='ocrx_word' id='word_1_420' title='bbox 748 2131 851 2158; x_wconf 68' lang='lat' dir='ltr'><em>Portis</em></span> <span class='ocrx_word' id='word_1_421' title='bbox 867 2130 938 2158; x_wconf 85' lang='lat' dir='ltr'><em>cod.</em></span> <span class='ocrx_word' id='word_1_422' title='bbox 957 2136 1094 2169; x_wconf 80' lang='lat' dir='ltr'><em>utorque;</em></span> <span class='ocrx_word' id='word_1_423' title='bbox 1118 2134 1194 2164; x_wconf 85' lang='lat' dir='ltr'><em>Edd.</em></span> 
     </span>
     <span class='ocr_line' id='line_1_49' title="bbox 252 2173 1194 2212; baseline 0.001 -11"><span class='ocrx_word' id='word_1_424' title='bbox 252 2173 333 2212; x_wconf 78' lang='lat' dir='ltr'><em>apud</em></span> <span class='ocrx_word' id='word_1_425' title='bbox 357 2173 419 2203; x_wconf 84' lang='lat' dir='ltr'><em>Cic.</em></span> <span class='ocrx_word' id='word_1_426' title='bbox 442 2179 560 2211; x_wconf 78' lang='lat' dir='ltr'><em>portae.</em></span> <span class='ocrx_word' id='word_1_427' title='bbox 583 2189 624 2194; x_wconf 91' lang='lat'>—</span> <span class='ocrx_word' id='word_1_428' title='bbox 656 2173 701 2209; x_wconf 92' lang='lat' dir='ltr'><em>ll)</em></span> <span class='ocrx_word' id='word_1_429' title='bbox 728 2173 793 2202; x_wconf 76' lang='lat' dir='ltr'><em>Ter.</em></span> <span class='ocrx_word' id='word_1_430' title='bbox 817 2173 898 2200; x_wconf 78' lang='lat' dir='ltr'><em>Eun.</em></span> <span class='ocrx_word' id='word_1_431' title='bbox 922 2173 950 2203; x_wconf 90' lang='lat'><em>5.</em></span> <span class='ocrx_word' id='word_1_432' title='bbox 974 2177 1003 2204; x_wconf 82' lang='lat'><em>2.</em></span> <span class='ocrx_word' id='word_1_433' title='bbox 1029 2178 1074 2205; x_wconf 87' lang='lat'><em>16.</em></span> <span class='ocrx_word' id='word_1_434' title='bbox 1100 2176 1132 2204; x_wconf 97' lang='lat' dir='ltr'><em>A.</em></span> <span class='ocrx_word' id='word_1_435' title='bbox 1156 2177 1194 2205; x_wconf 89' lang='grc' dir='ltr'><em>Μ.</em></span> 
     </span>
     <span class='ocr_line' id='line_1_50' title="bbox 253 2214 1196 2254; baseline -0.003 -11"><span class='ocrx_word' id='word_1_436' title='bbox 253 2217 336 2245; x_wconf 77' lang='lat' dir='ltr'><em>crim.</em></span> <span class='ocrx_word' id='word_1_437' title='bbox 361 2215 416 2243; x_wconf 68' lang='lat' dir='ltr'><em>tibi</em></span> <span class='ocrx_word' id='word_1_438' title='bbox 435 2216 532 2254; x_wconf 85' lang='lat' dir='ltr'><em>recepi</em></span> <span class='ocrx_word' id='word_1_439' title='bbox 555 2225 569 2243; x_wconf 86' lang='lat' dir='ltr'><em>e</em></span> <span class='ocrx_word' id='word_1_440' title='bbox 593 2214 663 2243; x_wconf 82' lang='lat' dir='ltr'><em>Cod.</em></span> <span class='ocrx_word' id='word_1_441' title='bbox 680 2216 734 2244; x_wconf 82' lang='lat' dir='ltr'><em>Gu.</em></span> <span class='ocrx_word' id='word_1_442' title='bbox 759 2226 799 2242; x_wconf 84' lang='lat' dir='ltr'><em>cr.</em></span> <span class='ocrx_word' id='word_1_443' title='bbox 818 2215 905 2242; x_wconf 73' lang='lat' dir='ltr'><em>uxori</em></span> <span class='ocrx_word' id='word_1_444' title='bbox 928 2214 960 2242; x_wconf 86' lang='lat' dir='ltr'><em>A.</em></span> <span class='ocrx_word' id='word_1_445' title='bbox 975 2215 1012 2243; x_wconf 86' lang='lat' dir='ltr'><em>M.</em></span> <span class='ocrx_word' id='word_1_446' title='bbox 1030 2217 1130 2247; x_wconf 78' lang='lat' dir='ltr'><em>edidit.</em></span> <span class='ocrx_word' id='word_1_447' title='bbox 1152 2236 1196 2240; x_wconf 84' lang='lat'><strong>—</strong></span> 
     </span>
     <span class='ocr_line' id='line_1_51' title="bbox 252 2253 1195 2298; baseline 0.001 -14"><span class='ocrx_word' id='word_1_448' title='bbox 252 2255 298 2298; x_wconf 74' lang='lat'><em>12)</em></span> <span class='ocrx_word' id='word_1_449' title='bbox 323 2256 403 2286; x_wconf 71' lang='lat' dir='ltr'><em>Idem</em></span> <span class='ocrx_word' id='word_1_450' title='bbox 422 2257 508 2285; x_wconf 52' lang='lat' dir='ltr'><em>Adel.</em></span> <span class='ocrx_word' id='word_1_451' title='bbox 527 2260 555 2288; x_wconf 88' lang='grc'><em>3.</em></span> <span class='ocrx_word' id='word_1_452' title='bbox 583 2260 610 2289; x_wconf 81' lang='grc'><em>2.</em></span> <span class='ocrx_word' id='word_1_453' title='bbox 637 2260 682 2288; x_wconf 78' lang='lat'><em>12.</em></span> <span class='ocrx_word' id='word_1_454' title='bbox 706 2257 740 2284; x_wconf 87' lang='lat' dir='ltr'><em>A.</em></span> <span class='ocrx_word' id='word_1_455' title='bbox 756 2257 794 2285; x_wconf 88' lang='lat' dir='ltr'><em>M.</em></span> <span class='ocrx_word' id='word_1_456' title='bbox 816 2272 859 2278; x_wconf 88' lang='lat'>—</span> <span class='ocrx_word' id='word_1_457' title='bbox 881 2253 927 2295; x_wconf 80' lang='lat'><em>13)</em></span> <span class='ocrx_word' id='word_1_458' title='bbox 953 2256 1035 2284; x_wconf 73' lang='lat' dir='ltr'><em>lilmz.</em></span> <span class='ocrx_word' id='word_1_459' title='bbox 1054 2260 1143 2296; x_wconf 68' lang='lat' dir='ltr'><em>Ilcey.</em></span> <span class='ocrx_word' id='word_1_460' title='bbox 1164 2263 1195 2292; x_wconf 81' lang='grc'><em>3,</em></span> 
     </span>
     <span class='ocr_line' id='line_1_52' title="bbox 252 2298 1194 2337; baseline 0.002 -9"><span class='ocrx_word' id='word_1_461' title='bbox 252 2299 280 2330; x_wconf 90' lang='grc'><em>5.</em></span> <span class='ocrx_word' id='word_1_462' title='bbox 301 2302 350 2331; x_wconf 85' lang='grc'><em>36.</em></span> <span class='ocrx_word' id='word_1_463' title='bbox 375 2301 408 2328; x_wconf 89' lang='lat' dir='ltr'><em>A.</em></span> <span class='ocrx_word' id='word_1_464' title='bbox 423 2300 463 2329; x_wconf 88' lang='lat' dir='ltr'><em>M.</em></span> <span class='ocrx_word' id='word_1_465' title='bbox 496 2301 662 2337; x_wconf 72' lang='lat' dir='ltr'><em>qunqzcum</em></span> <span class='ocrx_word' id='word_1_466' title='bbox 682 2310 733 2336; x_wconf 75' lang='lat' dir='ltr'><em>ego</em></span> <span class='ocrx_word' id='word_1_467' title='bbox 757 2310 801 2326; x_wconf 80' lang='lat' dir='ltr'><em>mc</em></span> <span class='ocrx_word' id='word_1_468' title='bbox 827 2298 899 2327; x_wconf 88' lang='lat' dir='ltr'><em>Cod.</em></span> <span class='ocrx_word' id='word_1_469' title='bbox 922 2299 977 2326; x_wconf 89' lang='lat' dir='ltr'><em>Gu.</em></span> <span class='ocrx_word' id='word_1_470' title='bbox 1006 2304 1194 2330; x_wconf 70' lang='lat' dir='ltr'><em>commeritus</em></span> 
     </span>
     <span class='ocr_line' id='line_1_53' title="bbox 247 2340 1188 2380; baseline 0.004 -12"><span class='ocrx_word' id='word_1_471' title='bbox 247 2347 337 2379; x_wconf 72' lang='lat' dir='ltr'><em>pater</em></span> <span class='ocrx_word' id='word_1_472' title='bbox 358 2342 429 2371; x_wconf 86' lang='lat' dir='ltr'><em>Cod.</em></span> <span class='ocrx_word' id='word_1_473' title='bbox 453 2346 549 2380; x_wconf 81' lang='lat' dir='ltr'><em>uterq.</em></span> <span class='ocrx_word' id='word_1_474' title='bbox 577 2343 749 2369; x_wconf 72' lang='lat' dir='ltr'><em>commerita</em></span> <span class='ocrx_word' id='word_1_475' title='bbox 771 2346 829 2376; x_wconf 70' lang='lat' dir='ltr'><em>est,</em></span> <span class='ocrx_word' id='word_1_476' title='bbox 853 2345 942 2378; x_wconf 77' lang='lat' dir='ltr'><em>paler</em></span> <span class='ocrx_word' id='word_1_477' title='bbox 970 2340 1062 2369; x_wconf 85' lang='lat' dir='ltr'><em>edidit</em></span> <span class='ocrx_word' id='word_1_478' title='bbox 1092 2343 1126 2371; x_wconf 87' lang='lat' dir='ltr'><em>A.</em></span> <span class='ocrx_word' id='word_1_479' title='bbox 1151 2344 1188 2372; x_wconf 90' lang='lat' dir='ltr'><em>M.</em></span> 
     </span>
     <span class='ocr_line' id='line_1_54' title="bbox 249 2383 1192 2423; baseline 0.002 -10"><span class='ocrx_word' id='word_1_480' title='bbox 249 2384 390 2413; x_wconf 69' lang='lat' dir='ltr'><em>Putabam</em></span> <span class='ocrx_word' id='word_1_481' title='bbox 404 2384 435 2412; x_wconf 87' lang='lat' dir='ltr'><em>in</em></span> <span class='ocrx_word' id='word_1_482' title='bbox 446 2386 635 2413; x_wconf 69' lang='lat' dir='ltr'><em>commeritus</em></span> <span class='ocrx_word' id='word_1_483' title='bbox 650 2384 741 2412; x_wconf 83' lang='lat' dir='ltr'><em>latere</em></span> <span class='ocrx_word' id='word_1_484' title='bbox 753 2383 853 2423; x_wconf 79' lang='lat' dir='ltr'><em>potius</em></span> <span class='ocrx_word' id='word_1_485' title='bbox 868 2384 1081 2421; x_wconf 59' lang='lat' dir='ltr'><em>commentust,</em></span> <span class='ocrx_word' id='word_1_486' title='bbox 1102 2390 1133 2414; x_wconf 83' lang='lat' dir='ltr'><em>ut</em></span> <span class='ocrx_word' id='word_1_487' title='bbox 1149 2391 1192 2415; x_wconf 86' lang='lat' dir='ltr'><em>est</em></span> 
     </span>
    </p>
   </div>
   <div class='ocr_carea' id='block_1_25' title="bbox 1233 1453 2185 2423">
    <p class='ocr_par' dir='ltr' id='par_1_27' title="bbox 1233 1453 2185 2423">
     <span class='ocr_line' id='line_1_55' title="bbox 1236 1453 2184 1495; baseline -0.004 -11"><span class='ocrx_word' id='word_1_488' title='bbox 1236 1456 1317 1495; x_wconf 84' lang='lat' dir='ltr'><em>apud</em></span> <span class='ocrx_word' id='word_1_489' title='bbox 1338 1457 1404 1486; x_wconf 87' lang='lat' dir='ltr'><em>Ter.</em></span> <span class='ocrx_word' id='word_1_490' title='bbox 1436 1473 1478 1478; x_wconf 92' lang='lat'><em>—-</em></span> <span class='ocrx_word' id='word_1_491' title='bbox 1512 1456 1558 1494; x_wconf 86' lang='lat'><em>14)</em></span> <span class='ocrx_word' id='word_1_492' title='bbox 1585 1456 1646 1487; x_wconf 64' lang='lat' dir='ltr'><em>Cic.</em></span> <span class='ocrx_word' id='word_1_493' title='bbox 1666 1455 1747 1486; x_wconf 74' lang='lat' dir='ltr'><em>Phil.</em></span> <span class='ocrx_word' id='word_1_494' title='bbox 1769 1454 1842 1484; x_wconf 86' lang='lat' dir='ltr'><em>XII.</em></span> <span class='ocrx_word' id='word_1_495' title='bbox 1863 1456 1892 1486; x_wconf 88' lang='lat'><em>7.</em></span> <span class='ocrx_word' id='word_1_496' title='bbox 1913 1453 1947 1482; x_wconf 88' lang='lat' dir='ltr'><em>A.</em></span> <span class='ocrx_word' id='word_1_497' title='bbox 1965 1453 2004 1482; x_wconf 85' lang='lat' dir='ltr'><em>M.</em></span> <span class='ocrx_word' id='word_1_498' title='bbox 2025 1453 2088 1481; x_wconf 71' lang='lat' dir='ltr'><em>His</em></span> <span class='ocrx_word' id='word_1_499' title='bbox 2104 1462 2184 1481; x_wconf 75' lang='lat' dir='ltr'><em>nunc</em></span> 
     </span>
     <span class='ocr_line' id='line_1_56' title="bbox 1236 1496 2185 1537; baseline -0.005 -10"><span class='ocrx_word' id='word_1_500' title='bbox 1236 1501 1317 1527; x_wconf 75' lang='lat' dir='ltr'><em>omni</em></span> <span class='ocrx_word' id='word_1_501' title='bbox 1340 1500 1446 1527; x_wconf 72' lang='lat' dir='ltr'><em>scelere</em></span> <span class='ocrx_word' id='word_1_502' title='bbox 1472 1505 1635 1537; x_wconf 72' lang='lat' dir='ltr'><em>compertos</em></span> <span class='ocrx_word' id='word_1_503' title='bbox 1662 1498 1831 1526; x_wconf 74' lang='lat' dir='ltr'><em>tolerabiles</em></span> <span class='ocrx_word' id='word_1_504' title='bbox 1855 1507 1951 1524; x_wconf 72' lang='lat' dir='ltr'><em>censes</em></span> <span class='ocrx_word' id='word_1_505' title='bbox 1975 1497 2095 1523; x_wconf 72' lang='lat' dir='ltr'><em>civitati</em></span> <span class='ocrx_word' id='word_1_506' title='bbox 2115 1496 2185 1533; x_wconf 83' lang='lat' dir='ltr'><em>fore</em></span> 
     </span>
     <span class='ocr_line' id='line_1_57' title="bbox 1236 1537 2185 1580; baseline -0.004 -11"><span class='ocrx_word' id='word_1_507' title='bbox 1236 1542 1307 1570; x_wconf 86' lang='lat' dir='ltr'><em>Cod.</em></span> <span class='ocrx_word' id='word_1_508' title='bbox 1332 1543 1387 1570; x_wconf 90' lang='lat' dir='ltr'><em>Gu.</em></span> <span class='ocrx_word' id='word_1_509' title='bbox 1409 1543 1579 1580; x_wconf 64' lang='lat' dir='ltr'><em>(lampertus</em></span> <span class='ocrx_word' id='word_1_510' title='bbox 1602 1547 1697 1579; x_wconf 81' lang='lat' dir='ltr'><em>uterq.</em></span> <span class='ocrx_word' id='word_1_511' title='bbox 1720 1541 1792 1568; x_wconf 90' lang='lat' dir='ltr'><em>Cod.</em></span> <span class='ocrx_word' id='word_1_512' title='bbox 1815 1549 1904 1578; x_wconf 84' lang='lat' dir='ltr'><em>quum</em></span> <span class='ocrx_word' id='word_1_513' title='bbox 1930 1538 2082 1567; x_wconf 81' lang='lat' dir='ltr'><em>emendate</em></span> <span class='ocrx_word' id='word_1_514' title='bbox 2103 1537 2185 1576; x_wconf 80' lang='lat' dir='ltr'><em>apud</em></span> 
     </span>
     <span class='ocr_line' id='line_1_58' title="bbox 1236 1580 2185 1622; baseline -0.004 -10"><span class='ocrx_word' id='word_1_515' title='bbox 1236 1584 1296 1612; x_wconf 79' lang='lat' dir='ltr'><em>Cic.</em></span> <span class='ocrx_word' id='word_1_516' title='bbox 1317 1585 1368 1612; x_wconf 82' lang='lat' dir='ltr'><em>sit:</em></span> <span class='ocrx_word' id='word_1_517' title='bbox 1392 1591 1552 1622; x_wconf 57' lang='lat' dir='ltr'><em>cooperto&amp;</em></span> <span class='ocrx_word' id='word_1_518' title='bbox 1576 1585 1650 1612; x_wconf 82' lang='lat' dir='ltr'><em>Tum</em></span> <span class='ocrx_word' id='word_1_519' title='bbox 1671 1586 1704 1611; x_wconf 75' lang='lat' dir='ltr'><em>m</em></span> <span class='ocrx_word' id='word_1_520' title='bbox 1725 1584 1847 1611; x_wconf 66' lang='lat' dir='ltr'><em>civitate</em></span> <span class='ocrx_word' id='word_1_521' title='bbox 1870 1581 1942 1610; x_wconf 85' lang='lat' dir='ltr'><em>cod.</em></span> <span class='ocrx_word' id='word_1_522' title='bbox 1973 1581 2007 1609; x_wconf 90' lang='lat' dir='ltr'><em>A.</em></span> <span class='ocrx_word' id='word_1_523' title='bbox 2030 1580 2068 1610; x_wconf 90' lang='lat' dir='ltr'><em>M.</em></span> <span class='ocrx_word' id='word_1_524' title='bbox 2093 1581 2185 1609; x_wconf 83' lang='lat' dir='ltr'><em>Recte</em></span> 
     </span>
     <span class='ocr_line' id='line_1_59' title="bbox 1236 1621 2184 1661; baseline -0.005 -7"><span class='ocrx_word' id='word_1_525' title='bbox 1236 1637 1303 1654; x_wconf 84' lang='lat' dir='ltr'><em>cum</em></span> <span class='ocrx_word' id='word_1_526' title='bbox 1332 1627 1407 1655; x_wconf 87' lang='lat' dir='ltr'><em>Edd.</em></span> <span class='ocrx_word' id='word_1_527' title='bbox 1436 1628 1494 1655; x_wconf 88' lang='lat' dir='ltr'><em>Cic.</em></span> <span class='ocrx_word' id='word_1_528' title='bbox 1516 1621 1637 1654; x_wconf 56' lang='lat' dir='ltr'><em>civitam·</em></span> <span class='ocrx_word' id='word_1_529' title='bbox 1661 1626 1734 1654; x_wconf 83' lang='lat' dir='ltr'><em>eod.</em></span> <span class='ocrx_word' id='word_1_530' title='bbox 1759 1626 1814 1653; x_wconf 86' lang='lat' dir='ltr'><em>Gu.</em></span> <span class='ocrx_word' id='word_1_531' title='bbox 1841 1640 1883 1646; x_wconf 89' lang='lat'>—</span> <span class='ocrx_word' id='word_1_532' title='bbox 1921 1627 1964 1658; x_wconf 87' lang='grc'><em>15)</em></span> <span class='ocrx_word' id='word_1_533' title='bbox 1997 1623 2085 1661; x_wconf 71' lang='lat' dir='ltr'><em>Virg.</em></span> <span class='ocrx_word' id='word_1_534' title='bbox 2117 1622 2184 1651; x_wconf 75' lang='lat' dir='ltr'><em>Eel.</em></span> 
     </span>
     <span class='ocr_line' id='line_1_60' title="bbox 1240 1664 2184 1707; baseline -0.004 -10"><span class='ocrx_word' id='word_1_535' title='bbox 1240 1669 1341 1698; x_wconf 85' lang='lat' dir='ltr'><em>Vllll.</em></span> <span class='ocrx_word' id='word_1_536' title='bbox 1365 1672 1415 1700; x_wconf 73' lang='lat'><em>34.</em></span> <span class='ocrx_word' id='word_1_537' title='bbox 1438 1670 1472 1698; x_wconf 86' lang='lat' dir='ltr'><em>A.</em></span> <span class='ocrx_word' id='word_1_538' title='bbox 1487 1669 1524 1698; x_wconf 90' lang='lat' dir='ltr'><em>M.</em></span> <span class='ocrx_word' id='word_1_539' title='bbox 1548 1686 1590 1690; x_wconf 87' lang='lat'><em>-—</em></span> <span class='ocrx_word' id='word_1_540' title='bbox 1614 1667 1657 1707; x_wconf 83' lang='lat'><em>16)</em></span> <span class='ocrx_word' id='word_1_541' title='bbox 1683 1668 1763 1696; x_wconf 82' lang='lat' dir='ltr'><em>Idem</em></span> <span class='ocrx_word' id='word_1_542' title='bbox 1778 1668 1852 1696; x_wconf 82' lang='lat' dir='ltr'><em>Aen.</em></span> <span class='ocrx_word' id='word_1_543' title='bbox 1876 1666 1977 1696; x_wconf 87' lang='lat' dir='ltr'><em>Vllll.</em></span> <span class='ocrx_word' id='word_1_544' title='bbox 2004 1667 2073 1698; x_wconf 80' lang='lat'><em>145.</em></span> <span class='ocrx_word' id='word_1_545' title='bbox 2097 1664 2129 1694; x_wconf 86' lang='lat' dir='ltr'><em>A.</em></span> <span class='ocrx_word' id='word_1_546' title='bbox 2145 1664 2184 1694; x_wconf 93' lang='grc' dir='ltr'><em>Μ.</em></span> 
     </span>
     <span class='ocr_line' id='line_1_61' title="bbox 1236 1708 2182 1742; baseline -0.003 -4"><span class='ocrx_word' id='word_1_547' title='bbox 1236 1711 1310 1738; x_wconf 82' lang='lat' dir='ltr'><em>Tum</em></span> <span class='ocrx_word' id='word_1_548' title='bbox 1331 1713 1379 1739; x_wconf 82' lang='lat' dir='ltr'><em>El</em></span> <span class='ocrx_word' id='word_1_549' title='bbox 1399 1722 1458 1739; x_wconf 79' lang='lat' dir='ltr'><em>non</em></span> <span class='ocrx_word' id='word_1_550' title='bbox 1476 1722 1501 1741; x_wconf 71' lang='lat' dir='ltr'><em>v.</em></span> <span class='ocrx_word' id='word_1_551' title='bbox 1518 1711 1591 1740; x_wconf 84' lang='lat' dir='ltr'><em>Cod.</em></span> <span class='ocrx_word' id='word_1_552' title='bbox 1608 1711 1641 1739; x_wconf 86' lang='lat' dir='ltr'><em>A.</em></span> <span class='ocrx_word' id='word_1_553' title='bbox 1661 1711 1698 1738; x_wconf 90' lang='lat' dir='ltr'><em>M.</em></span> <span class='ocrx_word' id='word_1_554' title='bbox 1717 1711 1766 1738; x_wconf 76' lang='lat' dir='ltr'><em>At</em></span> <span class='ocrx_word' id='word_1_555' title='bbox 1782 1720 1842 1737; x_wconf 74' lang='lat' dir='ltr'><em>non.</em></span> <span class='ocrx_word' id='word_1_556' title='bbox 1863 1720 1887 1737; x_wconf 67' lang='grc' dir='ltr'><em>ι’.</em></span> <span class='ocrx_word' id='word_1_557' title='bbox 1904 1708 1975 1737; x_wconf 85' lang='lat' dir='ltr'><em>cod.</em></span> <span class='ocrx_word' id='word_1_558' title='bbox 1991 1709 2049 1737; x_wconf 89' lang='lat' dir='ltr'><em>Gu.</em></span> <span class='ocrx_word' id='word_1_559' title='bbox 2075 1721 2116 1728; x_wconf 89' lang='lat'><em>—-</em></span> <span class='ocrx_word' id='word_1_560' title='bbox 2139 1709 2182 1742; x_wconf 89' lang='grc'><em>17)</em></span> 
     </span>
     <span class='ocr_line' id='line_1_62' title="bbox 1237 1748 2184 1791; baseline -0.004 -10"><span class='ocrx_word' id='word_1_561' title='bbox 1237 1753 1309 1781; x_wconf 83' lang='lat' dir='ltr'><em>Tota</em></span> <span class='ocrx_word' id='word_1_562' title='bbox 1327 1753 1399 1781; x_wconf 80' lang='lat' dir='ltr'><em>haec</em></span> <span class='ocrx_word' id='word_1_563' title='bbox 1421 1754 1550 1782; x_wconf 76' lang='lat' dir='ltr'><em>elocutio</em></span> <span class='ocrx_word' id='word_1_564' title='bbox 1573 1763 1641 1782; x_wconf 84' lang='lat' dir='ltr'><em>cum</em></span> <span class='ocrx_word' id='word_1_565' title='bbox 1663 1753 1799 1791; x_wconf 78' lang='lat' dir='ltr'><em>exemplo</em></span> <span class='ocrx_word' id='word_1_566' title='bbox 1822 1751 1929 1779; x_wconf 81' lang='lat' dir='ltr'><em>omissa</em></span> <span class='ocrx_word' id='word_1_567' title='bbox 1952 1750 1984 1778; x_wconf 88' lang='lat' dir='ltr'><em>in</em></span> <span class='ocrx_word' id='word_1_568' title='bbox 2002 1749 2073 1779; x_wconf 88' lang='lat' dir='ltr'><em>Cod.</em></span> <span class='ocrx_word' id='word_1_569' title='bbox 2097 1748 2131 1778; x_wconf 93' lang='lat' dir='ltr'><em>A.</em></span> <span class='ocrx_word' id='word_1_570' title='bbox 2146 1748 2184 1778; x_wconf 88' lang='lat' dir='ltr'><em>M.</em></span> 
     </span>
     <span class='ocr_line' id='line_1_63' title="bbox 1236 1791 2184 1833; baseline -0.005 -10"><span class='ocrx_word' id='word_1_571' title='bbox 1236 1796 1332 1823; x_wconf 84' lang='lat' dir='ltr'><em>Locus</em></span> <span class='ocrx_word' id='word_1_572' title='bbox 1357 1801 1399 1824; x_wconf 83' lang='lat' dir='ltr'><em>est</em></span> <span class='ocrx_word' id='word_1_573' title='bbox 1422 1796 1499 1833; x_wconf 81' lang='lat' dir='ltr'><em>Virg.</em></span> <span class='ocrx_word' id='word_1_574' title='bbox 1522 1797 1593 1824; x_wconf 84' lang='lat' dir='ltr'><em>Aen.</em></span> <span class='ocrx_word' id='word_1_575' title='bbox 1616 1796 1637 1825; x_wconf 91' lang='lat' dir='ltr'><em>I.</em></span> <span class='ocrx_word' id='word_1_576' title='bbox 1662 1797 1733 1827; x_wconf 78' lang='lat'><em>572.</em></span> <span class='ocrx_word' id='word_1_577' title='bbox 1756 1794 1807 1822; x_wconf 84' lang='lat' dir='ltr'><em>ubi</em></span> <span class='ocrx_word' id='word_1_578' title='bbox 1826 1794 1936 1830; x_wconf 83' lang='lat' dir='ltr'><em>legitur</em></span> <span class='ocrx_word' id='word_1_579' title='bbox 1959 1792 2064 1821; x_wconf 65' lang='lat' dir='ltr'><em>Vultis</em></span> <span class='ocrx_word' id='word_1_580' title='bbox 2089 1797 2115 1819; x_wconf 74' lang='lat' dir='ltr'><em>et</em></span> <span class='ocrx_word' id='word_1_581' title='bbox 2135 1791 2184 1819; x_wconf 77' lang='lat' dir='ltr'><em>his</em></span> 
     </span>
     <span class='ocr_line' id='line_1_64' title="bbox 1238 1834 2183 1877; baseline -0.003 -12"><span class='ocrx_word' id='word_1_582' title='bbox 1238 1843 1292 1866; x_wconf 86' lang='lat' dir='ltr'><em>cet.</em></span> <span class='ocrx_word' id='word_1_583' title='bbox 1315 1853 1356 1859; x_wconf 94' lang='lat'>—</span> <span class='ocrx_word' id='word_1_584' title='bbox 1381 1836 1425 1877; x_wconf 72' lang='lat'><em>13)</em></span> <span class='ocrx_word' id='word_1_585' title='bbox 1443 1838 1504 1866; x_wconf 79' lang='lat' dir='ltr'><em>Cic.</em></span> <span class='ocrx_word' id='word_1_586' title='bbox 1515 1849 1573 1876; x_wconf 81' lang='lat' dir='ltr'><em>pro</em></span> <span class='ocrx_word' id='word_1_587' title='bbox 1593 1837 1728 1866; x_wconf 78' lang='lat' dir='ltr'><em>Cornelio</em></span> <span class='ocrx_word' id='word_1_588' title='bbox 1742 1839 1812 1869; x_wconf 84' lang='lat'><em>991.</em></span> <span class='ocrx_word' id='word_1_589' title='bbox 1836 1835 1871 1863; x_wconf 89' lang='lat' dir='ltr'><em>A.</em></span> <span class='ocrx_word' id='word_1_590' title='bbox 1887 1835 1925 1863; x_wconf 87' lang='grc' dir='ltr'><em>Μ.</em></span> <span class='ocrx_word' id='word_1_591' title='bbox 1944 1834 2024 1863; x_wconf 82' lang='lat' dir='ltr'><em>[nter</em></span> <span class='ocrx_word' id='word_1_592' title='bbox 2039 1834 2183 1872; x_wconf 81' lang='lat' dir='ltr'><em>Fragmm.</em></span> 
     </span>
     <span class='ocr_line' id='line_1_65' title="bbox 1237 1877 2183 1910; baseline -0.004 -2"><span class='ocrx_word' id='word_1_593' title='bbox 1237 1880 1288 1908; x_wconf 90' lang='lat' dir='ltr'><em>lib.</em></span> <span class='ocrx_word' id='word_1_594' title='bbox 1304 1880 1325 1908; x_wconf 90' lang='lat' dir='ltr'><em>I.</em></span> <span class='ocrx_word' id='word_1_595' title='bbox 1345 1882 1396 1910; x_wconf 88' lang='lat'><em>41.</em></span> <span class='ocrx_word' id='word_1_596' title='bbox 1413 1880 1505 1909; x_wconf 83' lang='lat' dir='ltr'><em>Nobb.</em></span> <span class='ocrx_word' id='word_1_597' title='bbox 1525 1880 1599 1908; x_wconf 72' lang='lat' dir='ltr'><em>Cui</em></span> <span class='ocrx_word' id='word_1_598' title='bbox 1614 1890 1697 1907; x_wconf 80' lang='lat' dir='ltr'><em>nunc</em></span> <span class='ocrx_word' id='word_1_599' title='bbox 1712 1879 1757 1908; x_wconf 89' lang='lat' dir='ltr'><em>ed.</em></span> <span class='ocrx_word' id='word_1_600' title='bbox 1773 1879 1807 1907; x_wconf 91' lang='lat' dir='ltr'><em>A.</em></span> <span class='ocrx_word' id='word_1_601' title='bbox 1832 1878 1870 1906; x_wconf 90' lang='lat' dir='ltr'><em>M.</em></span> <span class='ocrx_word' id='word_1_602' title='bbox 1898 1877 1958 1905; x_wconf 76' lang='lat' dir='ltr'><em>Cur</em></span> <span class='ocrx_word' id='word_1_603' title='bbox 1982 1888 2012 1906; x_wconf 85' lang='lat' dir='ltr'><em>n.</em></span> <span class='ocrx_word' id='word_1_604' title='bbox 2035 1877 2106 1906; x_wconf 81' lang='lat' dir='ltr'><em>cod.</em></span> <span class='ocrx_word' id='word_1_605' title='bbox 2127 1877 2183 1905; x_wconf 86' lang='lat' dir='ltr'><em>Gu.</em></span> 
     </span>
     <span class='ocr_line' id='line_1_66' title="bbox 1237 1919 2184 1961; baseline -0.003 -11"><span class='ocrx_word' id='word_1_606' title='bbox 1237 1938 1279 1944; x_wconf 94' lang='lat'>—</span> <span class='ocrx_word' id='word_1_607' title='bbox 1302 1920 1347 1961; x_wconf 82' lang='lat'><em>19)</em></span> <span class='ocrx_word' id='word_1_608' title='bbox 1375 1922 1463 1952; x_wconf 85' lang='lat' dir='ltr'><em>Cone.</em></span> <span class='ocrx_word' id='word_1_609' title='bbox 1483 1924 1515 1950; x_wconf 77' lang='grc' dir='ltr'><em>ι’νι</em></span> <span class='ocrx_word' id='word_1_610' title='bbox 1528 1923 1660 1961; x_wconf 80' lang='lat' dir='ltr'><em>gratia</em></span> <span class='ocrx_word' id='word_1_611' title='bbox 1680 1922 1754 1950; x_wconf 87' lang='lat' dir='ltr'><em>male</em></span> <span class='ocrx_word' id='word_1_612' title='bbox 1769 1921 1801 1951; x_wconf 91' lang='lat' dir='ltr'><em>A.</em></span> <span class='ocrx_word' id='word_1_613' title='bbox 1822 1920 1860 1948; x_wconf 89' lang='lat' dir='ltr'><em>M.</em></span> <span class='ocrx_word' id='word_1_614' title='bbox 1879 1920 1942 1950; x_wconf 79' lang='lat' dir='ltr'><em>Sal.</em></span> <span class='ocrx_word' id='word_1_615' title='bbox 1958 1921 2043 1950; x_wconf 75' lang='lat' dir='ltr'><em>Hist.</em></span> <span class='ocrx_word' id='word_1_616' title='bbox 2061 1919 2082 1948; x_wconf 80' lang='lat' dir='ltr'><em>L</em></span> <span class='ocrx_word' id='word_1_617' title='bbox 2098 1920 2128 1950; x_wconf 87' lang='lat'><em>3.</em></span> <span class='ocrx_word' id='word_1_618' title='bbox 2151 1919 2184 1948; x_wconf 89' lang='lat' dir='ltr'><em>A.</em></span> 
     </span>
     <span class='ocr_line' id='line_1_67' title="bbox 1237 1961 2184 2002; baseline -0.003 -10"><span class='ocrx_word' id='word_1_619' title='bbox 1237 1964 1276 1993; x_wconf 89' lang='lat' dir='ltr'><em>M.</em></span> <span class='ocrx_word' id='word_1_620' title='bbox 1298 1965 1435 2002; x_wconf 77' lang='lat' dir='ltr'><em>Quorum</em></span> <span class='ocrx_word' id='word_1_621' title='bbox 1455 1966 1487 1992; x_wconf 79' lang='lat' dir='ltr'><em>in.</em></span> <span class='ocrx_word' id='word_1_622' title='bbox 1507 1965 1634 2001; x_wconf 69' lang='lat' dir='ltr'><em>gratia</em></span> <span class='ocrx_word' id='word_1_623' title='bbox 1651 1964 1685 1992; x_wconf 92' lang='lat' dir='ltr'><em>A.</em></span> <span class='ocrx_word' id='word_1_624' title='bbox 1707 1964 1746 1992; x_wconf 90' lang='lat' dir='ltr'><em>M.</em></span> <span class='ocrx_word' id='word_1_625' title='bbox 1769 1962 1928 2000; x_wconf 82' lang='lat' dir='ltr'><em>Utrobique</em></span> <span class='ocrx_word' id='word_1_626' title='bbox 1941 1963 2090 2000; x_wconf 71' lang='lat' dir='ltr'><em>gratiam</em></span> <span class='ocrx_word' id='word_1_627' title='bbox 2111 1961 2184 1990; x_wconf 88' lang='lat' dir='ltr'><em>Cod.</em></span> 
     </span>
     <span class='ocr_line' id='line_1_68' title="bbox 1239 2003 2182 2043; baseline -0.003 -9"><span class='ocrx_word' id='word_1_628' title='bbox 1239 2007 1457 2043; x_wconf 74' lang='lat' dir='ltr'><em>Gu.F1-agmm.</em></span> <span class='ocrx_word' id='word_1_629' title='bbox 1483 2007 1558 2035; x_wconf 85' lang='lat' dir='ltr'><em>Hist.</em></span> <span class='ocrx_word' id='word_1_630' title='bbox 1585 2007 1636 2035; x_wconf 88' lang='lat' dir='ltr'><em>lib.</em></span> <span class='ocrx_word' id='word_1_631' title='bbox 1664 2006 1686 2034; x_wconf 88' lang='grc' dir='ltr'><em>Ι.</em></span> <span class='ocrx_word' id='word_1_632' title='bbox 1712 2016 1761 2035; x_wconf 86' lang='lat' dir='ltr'><em>no.</em></span> <span class='ocrx_word' id='word_1_633' title='bbox 1786 2009 1814 2037; x_wconf 90' lang='lat'><em>9.</em></span> <span class='ocrx_word' id='word_1_634' title='bbox 1837 2004 1973 2035; x_wconf 84' lang='lat' dir='ltr'><em>Gerlach.</em></span> <span class='ocrx_word' id='word_1_635' title='bbox 1998 2014 2084 2042; x_wconf 90' lang='lat' dir='ltr'><em>quem</em></span> <span class='ocrx_word' id='word_1_636' title='bbox 2104 2003 2182 2032; x_wconf 85' lang='lat' dir='ltr'><em>vide.</em></span> 
     </span>
     <span class='ocr_line' id='line_1_69' title="bbox 1237 2045 2184 2089; baseline -0.001 -12"><span class='ocrx_word' id='word_1_637' title='bbox 1237 2065 1279 2070; x_wconf 92' lang='lat'>--—-</span> <span class='ocrx_word' id='word_1_638' title='bbox 1300 2047 1348 2089; x_wconf 75' lang='lat'><em>20)</em></span> <span class='ocrx_word' id='word_1_639' title='bbox 1376 2050 1463 2088; x_wconf 79' lang='lat' dir='ltr'><em>Virg.</em></span> <span class='ocrx_word' id='word_1_640' title='bbox 1489 2050 1596 2087; x_wconf 82' lang='lat' dir='ltr'><em>Georg.</em></span> <span class='ocrx_word' id='word_1_641' title='bbox 1608 2049 1630 2077; x_wconf 91' lang='lat' dir='ltr'><em>I.</em></span> <span class='ocrx_word' id='word_1_642' title='bbox 1647 2051 1717 2080; x_wconf 78' lang='lat'><em>280.</em></span> <span class='ocrx_word' id='word_1_643' title='bbox 1734 2049 1764 2076; x_wconf 88' lang='lat' dir='ltr'><em>A.</em></span> <span class='ocrx_word' id='word_1_644' title='bbox 1780 2048 1820 2076; x_wconf 88' lang='lat' dir='ltr'><em>M.</em></span> <span class='ocrx_word' id='word_1_645' title='bbox 1841 2047 1924 2086; x_wconf 70' lang='lat' dir='ltr'><em>Virg.</em></span> <span class='ocrx_word' id='word_1_646' title='bbox 1945 2047 2019 2076; x_wconf 75' lang='lat' dir='ltr'><em>Aen.</em></span> <span class='ocrx_word' id='word_1_647' title='bbox 2038 2046 2090 2076; x_wconf 85' lang='lat' dir='ltr'><em>Vl.</em></span> <span class='ocrx_word' id='word_1_648' title='bbox 2108 2045 2184 2076; x_wconf 80' lang='lat' dir='ltr'><em>Cod-</em></span> 
     </span>
     <span class='ocr_line' id='line_1_70' title="bbox 1239 2088 2183 2131; baseline -0.002 -12"><span class='ocrx_word' id='word_1_649' title='bbox 1239 2091 1295 2120; x_wconf 90' lang='lat' dir='ltr'><em>Gu.</em></span> <span class='ocrx_word' id='word_1_650' title='bbox 1316 2092 1462 2120; x_wconf 86' lang='lat' dir='ltr'><em>mendose.</em></span> <span class='ocrx_word' id='word_1_651' title='bbox 1485 2107 1526 2113; x_wconf 93' lang='lat'>—</span> <span class='ocrx_word' id='word_1_652' title='bbox 1554 2091 1600 2131; x_wconf 67' lang='lat'><em>21)</em></span> <span class='ocrx_word' id='word_1_653' title='bbox 1624 2091 1687 2119; x_wconf 73' lang='lat' dir='ltr'><em>Sal.</em></span> <span class='ocrx_word' id='word_1_654' title='bbox 1710 2092 1793 2118; x_wconf 64' lang='lat' dir='ltr'><em>Hm.</em></span> <span class='ocrx_word' id='word_1_655' title='bbox 1816 2088 1839 2119; x_wconf 80' lang='grc' dir='ltr'><em>Ι.</em></span> <span class='ocrx_word' id='word_1_656' title='bbox 1864 2092 1910 2121; x_wconf 90' lang='grc'><em>18.</em></span> <span class='ocrx_word' id='word_1_657' title='bbox 1927 2089 1961 2120; x_wconf 91' lang='lat' dir='ltr'><em>A.</em></span> <span class='ocrx_word' id='word_1_658' title='bbox 1979 2089 2015 2119; x_wconf 91' lang='lat' dir='ltr'><em>M.</em></span> <span class='ocrx_word' id='word_1_659' title='bbox 2039 2089 2183 2127; x_wconf 86' lang='lat' dir='ltr'><em>Fragmm.</em></span> 
     </span>
     <span class='ocr_line' id='line_1_71' title="bbox 1237 2129 2184 2171; baseline -0.003 -10"><span class='ocrx_word' id='word_1_660' title='bbox 1237 2133 1287 2164; x_wconf 86' lang='lat' dir='ltr'><em>lib.</em></span> <span class='ocrx_word' id='word_1_661' title='bbox 1304 2133 1326 2163; x_wconf 90' lang='grc' dir='ltr'><em>Ι.</em></span> <span class='ocrx_word' id='word_1_662' title='bbox 1348 2137 1397 2165; x_wconf 81' lang='grc'><em>22.</em></span> <span class='ocrx_word' id='word_1_663' title='bbox 1422 2134 1500 2162; x_wconf 84' lang='lat' dir='ltr'><em>Gerl.</em></span> <span class='ocrx_word' id='word_1_664' title='bbox 1522 2149 1565 2155; x_wconf 89' lang='lat'><em>——</em></span> <span class='ocrx_word' id='word_1_665' title='bbox 1587 2133 1633 2171; x_wconf 71' lang='lat'><em>22)</em></span> <span class='ocrx_word' id='word_1_666' title='bbox 1651 2132 1734 2162; x_wconf 77' lang='lat' dir='ltr'><em>Cont.</em></span> <span class='ocrx_word' id='word_1_667' title='bbox 1754 2134 1828 2161; x_wconf 78' lang='lat' dir='ltr'><em>huic</em></span> <span class='ocrx_word' id='word_1_668' title='bbox 1849 2134 1893 2160; x_wconf 80' lang='lat' dir='ltr'><em>rei</em></span> <span class='ocrx_word' id='word_1_669' title='bbox 1917 2132 1951 2160; x_wconf 87' lang='lat' dir='ltr'><em>A.</em></span> <span class='ocrx_word' id='word_1_670' title='bbox 1969 2131 2007 2160; x_wconf 90' lang='lat' dir='ltr'><em>M.</em></span> <span class='ocrx_word' id='word_1_671' title='bbox 2026 2129 2108 2161; x_wconf 84' lang='lat' dir='ltr'><em>Cont.</em></span> <span class='ocrx_word' id='word_1_672' title='bbox 2122 2130 2184 2159; x_wconf 71' lang='lat' dir='ltr'><em>liu.-</em></span> 
     </span>
     <span class='ocr_line' id='line_1_72' title="bbox 1237 2173 2184 2213; baseline -0.002 -10"><span class='ocrx_word' id='word_1_673' title='bbox 1237 2177 1289 2203; x_wconf 61' lang='lat' dir='ltr'><em>ius</em></span> <span class='ocrx_word' id='word_1_674' title='bbox 1314 2178 1358 2204; x_wconf 65' lang='lat' dir='ltr'><em>rei¹</em></span> <span class='ocrx_word' id='word_1_675' title='bbox 1381 2177 1451 2207; x_wconf 84' lang='lat' dir='ltr'><em>cod.</em></span> <span class='ocrx_word' id='word_1_676' title='bbox 1479 2176 1534 2206; x_wconf 83' lang='lat' dir='ltr'><em>Gn.</em></span> <span class='ocrx_word' id='word_1_677' title='bbox 1568 2176 1656 2213; x_wconf 74' lang='lat' dir='ltr'><em>Virg.</em></span> <span class='ocrx_word' id='word_1_678' title='bbox 1680 2176 1755 2204; x_wconf 83' lang='lat' dir='ltr'><em>Aen.</em></span> <span class='ocrx_word' id='word_1_679' title='bbox 1786 2176 1827 2205; x_wconf 92' lang='lat' dir='ltr'><em>X.</em></span> <span class='ocrx_word' id='word_1_680' title='bbox 1850 2176 1920 2206; x_wconf 86' lang='grc'>457-</span> <span class='ocrx_word' id='word_1_681' title='bbox 1948 2176 1980 2204; x_wconf 84' lang='grc' dir='ltr'><em>Α.</em></span> <span class='ocrx_word' id='word_1_682' title='bbox 2000 2173 2040 2203; x_wconf 88' lang='lat' dir='ltr'><em>M.</em></span> <span class='ocrx_word' id='word_1_683' title='bbox 2066 2173 2184 2212; x_wconf 83' lang='lat' dir='ltr'><em>Legitur</em></span> 
     </span>
     <span class='ocr_line' id='line_1_73' title="bbox 1238 2214 2182 2257; baseline -0.004 -11"><span class='ocrx_word' id='word_1_684' title='bbox 1238 2218 1315 2256; x_wconf 81' lang='lat' dir='ltr'><em>apud</em></span> <span class='ocrx_word' id='word_1_685' title='bbox 1340 2219 1418 2257; x_wconf 83' lang='lat' dir='ltr'><em>Virg.</em></span> <span class='ocrx_word' id='word_1_686' title='bbox 1442 2220 1554 2246; x_wconf 67' lang='lat' dir='ltr'><em>missae</em></span> <span class='ocrx_word' id='word_1_687' title='bbox 1572 2219 1657 2254; x_wconf 80' lang='lat' dir='ltr'><em>fore</em></span> <span class='ocrx_word' id='word_1_688' title='bbox 1679 2217 1758 2248; x_wconf 77' lang='lat' dir='ltr'><em>cred.</em></span> <span class='ocrx_word' id='word_1_689' title='bbox 1776 2218 1806 2246; x_wconf 83' lang='grc' dir='ltr'><em>Ιι.</em></span> <span class='ocrx_word' id='word_1_690' title='bbox 1825 2233 1869 2239; x_wconf 91' lang='lat'><em>—--</em></span> <span class='ocrx_word' id='word_1_691' title='bbox 1888 2216 1934 2256; x_wconf 76' lang='lat'><em>23)</em></span> <span class='ocrx_word' id='word_1_692' title='bbox 1960 2214 2085 2253; x_wconf 80' lang='lat' dir='ltr'><em>Confer</em></span> <span class='ocrx_word' id='word_1_693' title='bbox 2109 2215 2139 2245; x_wconf 87' lang='grc' dir='ltr'><em>Ιι.</em></span> <span class='ocrx_word' id='word_1_694' title='bbox 2156 2225 2182 2243; x_wconf 78' lang='lat'><em>0.</em></span> 
     </span>
     <span class='ocr_line' id='line_1_74' title="bbox 1236 2256 2182 2297; baseline -0.001 -10"><span class='ocrx_word' id='word_1_695' title='bbox 1236 2261 1299 2288; x_wconf 82' lang='lat' dir='ltr'><em>illo.</em></span> <span class='ocrx_word' id='word_1_696' title='bbox 1325 2261 1394 2291; x_wconf 86' lang='lat' dir='ltr'><em>cod.</em></span> <span class='ocrx_word' id='word_1_697' title='bbox 1417 2262 1473 2290; x_wconf 81' lang='lat' dir='ltr'><em>Gn.</em></span> <span class='ocrx_word' id='word_1_698' title='bbox 1497 2262 1530 2289; x_wconf 76' lang='lat' dir='ltr'><em>in</em></span> <span class='ocrx_word' id='word_1_699' title='bbox 1548 2262 1688 2289; x_wconf 71' lang='lat' dir='ltr'><em>Pisonem</em></span> <span class='ocrx_word' id='word_1_700' title='bbox 1704 2263 1751 2292; x_wconf 88' lang='lat'><em>16.</em></span> <span class='ocrx_word' id='word_1_701' title='bbox 1767 2260 1800 2288; x_wconf 86' lang='lat' dir='ltr'><em>A.</em></span> <span class='ocrx_word' id='word_1_702' title='bbox 1815 2260 1854 2288; x_wconf 91' lang='grc' dir='ltr'><em>Μ.</em></span> <span class='ocrx_word' id='word_1_703' title='bbox 1876 2275 1919 2282; x_wconf 84' lang='grc'><em>--</em></span> <span class='ocrx_word' id='word_1_704' title='bbox 1939 2259 1985 2297; x_wconf 75' lang='lat'><em>24)</em></span> <span class='ocrx_word' id='word_1_705' title='bbox 2012 2256 2182 2296; x_wconf 71' lang='lat' dir='ltr'><em>Wzg.Am.</em></span> 
     </span>
     <span class='ocr_line' id='line_1_75' title="bbox 1236 2300 2181 2341; baseline -0.011 -5"><span class='ocrx_word' id='word_1_706' title='bbox 1236 2303 1308 2331; x_wconf 69' lang='lat' dir='ltr'><em>XM</em></span> <span class='ocrx_word' id='word_1_707' title='bbox 1325 2306 1396 2336; x_wconf 87' lang='lat'><em>678.</em></span> <span class='ocrx_word' id='word_1_708' title='bbox 1416 2303 1445 2334; x_wconf 83' lang='lat' dir='ltr'><em>A.</em></span> <span class='ocrx_word' id='word_1_709' title='bbox 1464 2304 1502 2332; x_wconf 91' lang='grc' dir='ltr'><em>Μ.</em></span> <span class='ocrx_word' id='word_1_710' title='bbox 1525 2304 1610 2341; x_wconf 67' lang='lat' dir='ltr'><em>Vir-g.</em></span> <span class='ocrx_word' id='word_1_711' title='bbox 1632 2304 1705 2331; x_wconf 88' lang='lat' dir='ltr'><em>XII.</em></span> <span class='ocrx_word' id='word_1_712' title='bbox 1727 2303 1798 2331; x_wconf 91' lang='lat' dir='ltr'><em>Cod.</em></span> <span class='ocrx_word' id='word_1_713' title='bbox 1818 2303 1875 2330; x_wconf 91' lang='lat' dir='ltr'><em>Gu.</em></span> <span class='ocrx_word' id='word_1_714' title='bbox 1896 2318 1940 2324; x_wconf 95' lang='lat'>—</span> <span class='ocrx_word' id='word_1_715' title='bbox 1959 2300 2006 2340; x_wconf 73' lang='lat'><em>25)</em></span> <span class='ocrx_word' id='word_1_716' title='bbox 2028 2300 2092 2328; x_wconf 90' lang='lat' dir='ltr'><em>Non</em></span> <span class='ocrx_word' id='word_1_717' title='bbox 2111 2308 2181 2327; x_wconf 81' lang='lat' dir='ltr'><em>eno-</em></span> 
     </span>
     <span class='ocr_line' id='line_1_76' title="bbox 1235 2341 2181 2384; baseline -0.004 -12"><span class='ocrx_word' id='word_1_718' title='bbox 1235 2345 1310 2372; x_wconf 83' lang='lat' dir='ltr'><em>tavit</em></span> <span class='ocrx_word' id='word_1_719' title='bbox 1328 2346 1426 2374; x_wconf 80' lang='lat' dir='ltr'><em>locuni</em></span> <span class='ocrx_word' id='word_1_720' title='bbox 1451 2346 1486 2375; x_wconf 87' lang='lat' dir='ltr'><em>A.</em></span> <span class='ocrx_word' id='word_1_721' title='bbox 1509 2345 1547 2375; x_wconf 88' lang='lat' dir='ltr'><em>M.</em></span> <span class='ocrx_word' id='word_1_722' title='bbox 1571 2356 1666 2384; x_wconf 83' lang='lat' dir='ltr'><em>neque</em></span> <span class='ocrx_word' id='word_1_723' title='bbox 1689 2346 1752 2384; x_wconf 85' lang='lat' dir='ltr'><em>ipse</em></span> <span class='ocrx_word' id='word_1_724' title='bbox 1772 2344 1880 2373; x_wconf 82' lang='lat' dir='ltr'><em>inveni.</em></span> <span class='ocrx_word' id='word_1_725' title='bbox 1902 2359 1944 2365; x_wconf 91' lang='lat'>—</span> <span class='ocrx_word' id='word_1_726' title='bbox 1970 2345 2015 2376; x_wconf 72' lang='lat'><em>26)</em></span> <span class='ocrx_word' id='word_1_727' title='bbox 2041 2341 2123 2369; x_wconf 73' lang='lat' dir='ltr'><em>ldem</em></span> <span class='ocrx_word' id='word_1_728' title='bbox 2148 2341 2181 2369; x_wconf 79' lang='grc' dir='ltr'><em>ιἰι</em></span> 
     </span>
     <span class='ocr_line' id='line_1_77' title="bbox 1233 2383 2180 2423; baseline -0.002 -9"><span class='ocrx_word' id='word_1_729' title='bbox 1233 2386 1334 2416; x_wconf 81' lang='lat' dir='ltr'><em>eadem</em></span> <span class='ocrx_word' id='word_1_730' title='bbox 1347 2389 1396 2420; x_wconf 88' lang='lat'><em>36.</em></span> <span class='ocrx_word' id='word_1_731' title='bbox 1413 2389 1446 2417; x_wconf 87' lang='lat' dir='ltr'><em>A.</em></span> <span class='ocrx_word' id='word_1_732' title='bbox 1463 2388 1502 2418; x_wconf 89' lang='lat' dir='ltr'><em>M.</em></span> <span class='ocrx_word' id='word_1_733' title='bbox 1520 2389 1555 2417; x_wconf 83' lang='lat'><em>111</em></span> <span class='ocrx_word' id='word_1_734' title='bbox 1575 2387 1744 2418; x_wconf 82' lang='lat' dir='ltr'><em>elocutione</em></span> <span class='ocrx_word' id='word_1_735' title='bbox 1763 2388 1839 2416; x_wconf 75' lang='lat' dir='ltr'><em>inter</em></span> <span class='ocrx_word' id='word_1_736' title='bbox 1858 2396 1912 2414; x_wconf 78' lang='lat' dir='ltr'><em>nos</em></span> <span class='ocrx_word' id='word_1_737' title='bbox 1926 2384 2081 2423; x_wconf 73' lang='lat' dir='ltr'><em>scripserat</em></span> <span class='ocrx_word' id='word_1_738' title='bbox 2095 2384 2126 2414; x_wconf 85' lang='lat' dir='ltr'><em>A.</em></span> <span class='ocrx_word' id='word_1_739' title='bbox 2139 2383 2180 2413; x_wconf 84' lang='lat' dir='ltr'><em>M.</em></span> 
     </span>
    </p>
   </div>
  </div>
 </body>
</html>
