2263 2668
185 155 259 190 302
615 146 962 184 COMMENTARH
989 146 1038 180 IN
1065 146 1207 181 PAULI
1234 147 1431 183 DIAOONI
1458 149 1713 184 EXCERPTA

184 247 329 278 Fortassis
344 243 426 284 quod
440 242 469 271 in
485 239 592 270 axibus
608 245 636 269 et
651 239 760 269 tabulis
776 238 993 269 scribebantur.
1020 236 1197 280 Gotbofr.
1236 238 1376 270 Carmina
1395 239 1535 271 saliaria.
1572 242 1611 270 Ea
1626 243 1804 280 praetextati
1821 244 1905 282 pueri
1921 244 2088 282 discebant,
2112 253 2146 276 ut

183 292 341 330 legitimam
358 285 528 320 formulam,
551 288 584 311 ut
600 289 628 311 et
645 292 765 311 carmen
781 282 861 310 Nelei
878 282 914 310 de
931 281 1072 311 moribus.
1102 281 1147 311 Id
1157 294 1215 312 em.
1259 284 1398 312 Dubitari
1417 294 1477 312 non
1493 285 1623 322 poterit,
1651 285 1722 323 quin
1740 293 1903 315 iza-amenta
1919 288 1978 316 sint
1994 290 2146 319 recensio-

184 344 234 363 nes
254 331 407 361 nominum
431 332 519 365 atque
540 325 744 364 epithetorum
769 325 903 353 omnium
919 325 1069 362 Deorum,
1099 335 1174 363 quae
1197 335 1300 365 preces
1321 326 1358 354 ad
1380 327 1452 355 istos
1476 326 1556 365 ipsos
1572 328 1646 355 Deos
1665 329 1863 356 continerent.
1908 329 1969 358 Nec
1985 336 2084 360 tamen
2102 337 2146 362 est

184 375 342 408 credibile,
365 371 400 399 ab
415 370 520 398 axibus
534 369 597 397 sive
620 368 735 397 assibus
757 367 817 396 dici
840 368 975 396 verbum.
1022 368 1131 396 Contra
1154 369 1289 397 omnibus
1313 368 1395 397 hisce
1410 370 1565 398 vocabulis
1583 378 1790 406 aaz-amentum,
1815 381 1925 408 amare,
1949 374 2037 411 axis,
2060 376 2146 412 assis,

184 429 281 453 assus,
310 424 377 444 assa
399 422 462 441 vox
475 411 640 440 communis
664 411 750 440 radix
775 410 908 439 subiecta
927 415 971 439 est
987 411 1133 439 Sanam-itu
1148 420 1210 440 vox
1225 411 1364 440 radicalis
1380 410 1417 440 ak
1433 417 1465 440 et
1480 421 1541 451 ang
1555 417 1582 440 et
1597 423 1680 452 angs,
1697 423 1773 451 quae
1789 413 1935 450 significat
1953 416 2080 453 primum
2097 418 2145 447 di-

184 462 345 497 stinguere,
368 454 518 490 dividere,
541 454 726 488 discernere3
749 458 811 482 tum
833 458 951 489 notare,
974 453 1142 488 nominare,
1170 463 1355 483 enumerare.
1402 454 1502 490 Quare
1526 463 1688 484 aeramenta
1704 460 1774 484 sunt
1795 458 2030 487 enumerationes
2050 461 2146 489 nomi-

184 513 272 537 num,
295 509 390 529 σῶαι-ε
407 502 450 526 est
465 497 635 533 nominare,
662 506 854 533 enumerare;
877 497 948 525 axis
961 501 990 525 et
1003 497 1076 525 assis
1092 496 1253 525 abscissum
1271 502 1299 525 et
1316 497 1418 525 sectile
1435 497 1566 534 lignum3
1592 509 1675 526 ussus
1691 503 1838 535 secretus,
1862 500 1944 528 solus
1955 521 1964 537 ,
1987 501 2067 530 unde
2083 513 2147 532 voa·

183 555 268 579 assa,
298 552 360 571 vox
382 540 461 577 sola,
490 539 538 568 vel
559 548 622 567 vox
642 544 772 576 secreta,
800 544 832 567 ut
848 549 922 578 prae
938 539 1045 568 ceteris
1062 539 1215 575 audiatur3
1240 540 1269 567 id
1285 539 1367 578 quod
1383 540 1411 568 in
1427 539 1572 569 hodierna
1589 545 1652 569 arte
1671 542 1780 569 musica
1796 552 1860 570 vox
1874 541 2008 582 obligata
2026 544 2144 574 dicitur.

184 586 236 615 Cff.
261 594 336 624 quae
359 587 461 612 notata
485 586 555 611 sunt
582 582 660 610 infra
692 581 730 610 ad
760 591 864 610 vocem
884 582 975 611 Assa.
1028 582 1069 611 Ne
1092 592 1164 611 vero
1184 582 1317 617 dubites,
1357 592 1415 620 qua
1440 583 1554 612 ratione
1577 593 1613 611 ex
1636 583 1694 612 illis
1718 584 1871 612 radicibus
1892 586 2051 614 Sanscritis
2073 586 2147 616 oriri

182 628 339 668 potuerint
361 626 419 655 ista
442 625 547 662 verba,
577 624 714 654 conseras
737 623 849 653 vadat-h
872 622 972 664 (vadj,
999 623 1072 664 vag)
1093 626 1112 655 i.
1137 636 1161 655 e.
1185 635 1262 661 νων,
1293 623 1402 654 radsch
1425 625 1520 664 (radj,
1549 625 1614 665 rag)
1637 626 1656 655 i.
1680 637 1703 655 e.
1728 638 1780 656 rex
1807 631 1837 655 et
1858 627 1974 656 similia.
2020 629 2146 665 Quoties

181 681 253 700 vero
275 681 301 699 nc
323 674 352 699 et
372 679 402 698 ss
424 667 505 708 apud
527 669 646 696 Latinos
669 672 868 696 commutatae
891 667 1097 705 reperiantur,
1137 678 1196 696 non
1227 677 1303 706 opus
1331 673 1377 696 est
1405 673 1438 697 ut
1467 669 1611 707 exemplis
1642 669 1810 698 doceamus.
1862 670 2015 700 Ana-rant
2045 682 2106 700 non
2129 683 2146 701 a

184 713 403 754 praepositione
434 710 632 750 compositum
660 715 752 750 puto,
791 709 843 739 sed
872 709 971 749 potius
1002 715 1179 750 corruptum
1208 721 1244 738 ex
1271 717 1408 744 ana-ant,
1447 717 1480 740 ut
1509 712 1568 740 duo
1597 712 1708 741 fuerint
1730 713 1820 742 verba
1843 723 1939 742 axare
1961 718 1991 742 et
2012 724 2142 749 anaeare,

185 755 432 795 quemadmodum
456 754 486 782 in
509 764 643 782 sermone
663 755 815 782 Sanscrito
839 751 876 781 ak
898 757 929 782 et
948 763 1009 792 ang
1029 753 1145 782 radices
1167 754 1370 782 inveniuntur.
1645 752 1647 754 ’

345 804 452 834 Axis
475 805 584 844 stipes,
618 804 687 833 vide
710 805 739 832 in
764 802 909 843 Stipirem.
954 802 1129 846 Gothofr.

346 853 431 884 Ado
441 868 464 884 r.
506 853 598 885 Adur
620 855 758 884 dicebant
777 859 910 892 veteres,
937 854 1019 894 quod
1042 855 1187 884 Graecum
1211 859 1253 883 est
1277 851 1374 892 ἅθύρ,
1408 855 1488 883 nulla
1510 855 1611 884 littera
1634 854 1785 884 immutata
1810 861 1929 895 praeter
1950 859 1974 886 θ
1995 856 2026 884 in
2051 858 2081 890 δ,
2113 859 2146 885 ut

182 898 255 936 θεὸς
279 899 366 929 Deus.
413 897 527 927 Dicitur
556 904 585 928 et
607 896 682 927 aulus
709 896 814 926 aderis.
859 897 1060 927 Glossarium:
1097 897 1187 928 Actus
1216 899 1303 932 σῖτος.
1350 897 1389 926 lta
1420 898 1496 927 enim
1525 897 1693 936 legendum.
1741 899 1842 927 Postea
1867 898 2047 928 declinatum
2071 897 2147 927 udus

185 942 305 979 adoris,
331 946 364 971 ut
384 942 492 981 pignus
512 941 640 981 pigneris
663 945 691 969 et
711 940 862 980 ρι’ἑζνιονίς,ο
887 947 997 981 {empus
1019 941 1167 980 temperis,
1191 940 1336 979 temporis.
1379 941 1483 979 Itaque
1506 940 1538 970 fit
1562 946 1595 970 ut
1616 941 1646 969 in
1671 941 1801 980 obliquis
1823 942 1952 971 secunda
1975 950 2055 970 nunc
2070 951 2146 980 pro-

184 986 329 1022 ducatur,
365 994 446 1013 nunc
469 985 659 1023 corripiatur.
707 984 739 1012 A.
765 983 899 1012 Gannius
923 989 1008 1012 vetus
1031 989 1116 1022 poeta
1140 983 1266 1021 corripit
1288 982 1317 1011 in
1341 983 1394 1011 illo
1417 992 1521 1012 versu:

722 1031 811 1062 Illam
833 1041 933 1073 sponte
956 1042 1035 1064 satos
1059 1033 1160 1063 adoris
1183 1034 1318 1062 stravisse
1340 1032 1495 1074 maniplos.

185 1080 270 1108 ltem:

722 1116 785 1148 Hic
808 1117 910 1148 adoris
933 1117 986 1148 dat
1005 1121 1155 1160 primitias
1177 1120 1248 1159 tibi5
1277 1121 1419 1160 sanguine
1441 1118 1523 1149 libat.

184 1163 350 1193 Ausonius:

720 1202 806 1233 Mox
827 1202 903 1234 ador
925 1212 1012 1245 atque
1034 1203 1136 1234 adoris
1158 1204 1194 1234 de
1212 1203 1326 1245 polline
1342 1203 1509 1246 pultificum
1523 1203 1593 1248 far.

185 1248 330 1279 Producit
350 1247 429 1277 idem
450 1246 584 1275 Gannius
606 1246 639 1274 in
659 1246 728 1275 illo:

722 1287 839 1318 Emicat
861 1289 892 1318 in
914 1287 1003 1318 nubes
1026 1287 1179 1320 nidoribus
1202 1288 1293 1319 ardor
1316 1287 1427 1319 adoris.

185 1344 285 1379 Quare
307 1340 499 1370 doctissimus
522 1340 741 1369 Grammaticus
764 1340 933 1369 Priscianus
965 1340 1038 1380 (VI,
1070 1344 1107 1378 9,
1136 1341 1186 1374 49.
1210 1351 1276 1380 pag.
1290 1343 1361 1374 251.
1384 1346 1454 1370 tom.
1466 1341 1489 1371 1.
1512 1339 1583 1380 Kr.)
1615 1341 1657 1369 ait
1677 1340 1840 1379 irregulare
1863 1341 1920 1370 hoc
1943 1351 2052 1370 nomen
2074 1349 2145 1375 esse,

186 1385 268 1424 quod
290 1394 358 1413 cum
381 1384 413 1412 in
436 1393 470 1412 or
491 1383 687 1419 terminetur,
716 1387 813 1411 tamen
839 1382 976 1422 obliquos
999 1383 1127 1423 corripit
1150 1389 1254 1412 contra
1279 1384 1405 1413 aliorum
1429 1388 1582 1420 naturam3
1617 1388 1646 1412 et
1669 1393 1736 1411 cum
1758 1384 1855 1412 neutri
1879 1385 1917 1412 sit
1939 1383 2071 1421 generis,
2100 1387 2147 1410 ta-

185 1438 251 1457 men
273 1428 305 1456 in
328 1438 363 1456 or
384 1426 500 1455 desinit.
547 1426 715 1464 Utrumque
738 1425 854 1454 salsum.
898 1427 972 1455 Nam
994 1436 1091 1465 neque
1113 1437 1181 1455 cum
1209 1427 1346 1464 obliquos
1369 1427 1527 1465 producit,
1551 1431 1596 1455 est
1618 1427 1715 1454 neutri
1740 1426 1870 1463 generis,
1896 1427 1947 1455 sed
1970 1424 2145 1459 masculini3

185 1480 281 1509 neque
302 1479 370 1499 cum
392 1469 493 1498 neutri
514 1473 559 1497 est
580 1469 713 1507 geneth,
752 1468 781 1496 in
805 1479 838 1498 or
866 1469 1053 1499 terminatur.
1099 1469 1243 1505 Quamvis
1271 1470 1347 1498 enim
1378 1470 1458 1499 dixit
1478 1469 1640 1498 Ausonius:
1677 1468 1762 1498 Mox
1784 1467 1861 1497 ador
1880 1476 1966 1509 arque
1988 1466 2089 1498 adoris
2113 1465 2147 1496 de

183 1512 294 1553 polline
313 1511 480 1552 pultificum
493 1510 576 1553 jor,-
612 1515 709 1539 tamen
732 1509 810 1539 ador
830 1511 945 1540 dictum
969 1522 1024 1550 pro
1046 1509 1139 1549 atlas,
1173 1516 1206 1540 ut
1228 1523 1334 1551 corpor
1356 1512 1496 1541 dicebant
1518 1512 1548 1540 in
1570 1518 1688 1541 neutro.
1732 1510 1786 1539 Sed
1813 1509 1889 1540 udus
1909 1513 1941 1540 in
1968 1516 2074 1540 neutro
2098 1509 2147 1538 di-

187 1561 265 1584 ctum
289 1561 318 1585 et
341 1553 416 1584 ador
436 1554 469 1583 in
491 1554 673 1589 masculino,
697 1558 729 1582 ut
753 1552 840 1582 decus
863 1559 890 1582 et
915 1553 1010 1584 decor.
1056 1555 1148 1582 Porro
1172 1553 1248 1582 odor
1271 1560 1313 1582 est
1337 1554 1382 1582 sar
1405 1565 1456 1583 seu
1480 1551 1548 1590 ζειά.
1593 1554 1626 1582 In
1651 1553 1802 1582 Glossario
1824 1554 2005 1592 transposita
2027 1555 2067 1582 ita
2091 1562 2146 1582 suo

186 1599 284 1627 ordini
305 1599 443 1627 restitues
467 1602 496 1626 et
519 1596 697 1625 emendabis.
741 1596 785 1624 Ita
809 1596 897 1634 vulgo
922 1597 1047 1634 legitur:
1081 1595 1184 1633 Ad0r‚
1214 1596 1361 1632 υῖόθετος.
1403 1596 1510 1632 Ador,
1542 1598 1794 1636 προςενεγκενξια.
1840 1597 1929 1635 Lege:
1962 1594 2146 1635 Adoptatus,

187 1638 336 1676 υἵὸθετος.
381 1638 486 1676 Ador,
518 1636 586 1675 ζειά.
632 1637 789 1677 Αᾶραναί,
821 1636 1044 1678 προςήνεγκεν,
1078 1637 1310 1675 παρασκευάζει,
1343 1636 1512 1678 εὐτρεπίζει.
1559 1639 1590 1666 ln
1613 1639 1716 1667 eodem
1740 1638 1864 1676 legitur:
1900 1637 2038 1674 Αιῑονία,
2070 1635 2148 1674 εἶδος

189 1685 279 1713 σίτου.
314 1680 413 1712 Scal.
456 1682 559 1710 Potius
583 1692 600 1710 a
624 1682 740 1709 Graeco
763 1677 862 1719 ἀθὴρ,
886 1682 995 1717 arista,
1021 1685 1045 1711 θ
1067 1681 1097 1709 in
1122 1683 1147 1711 δ.
1193 1681 1266 1710 Vide
1288 1682 1365 1710 infra
1390 1683 1419 1710 in
1444 1680 1543 1711 Mola.
1573 1681 1663 1711 Duc.
1709 1681 1814 1709 Graeci
1838 1678 1938 1721 ἆθῦρ,
1966 1680 2046 1719 quod
2070 1690 2147 1708 non-

190 1726 278 1754 nullis
301 1724 377 1753 adur
403 1724 480 1759 (aliis
503 1723 606 1759 acius),
645 1724 730 1752 cuius
753 1724 900 1761 genitivus
923 1722 1025 1752 adoris
1046 1723 1208 1762 penultima
1234 1735 1313 1752 nunc
1336 1725 1422 1762 longa
1445 1734 1524 1752 nunc
1547 1724 1629 1752 brevi
1653 1723 1733 1763 apud
1755 1723 1899 1752 Saunium
1921 1728 2052 1752 veterem
2073 1732 2148 1762 poe-

191 1772 248 1796 tam
269 1772 297 1796 et
317 1767 491 1797 Ausonium.
524 1766 640 1795 Glossis
663 1764 730 1794 adis
752 1768 842 1802 σῖτος.
886 1766 971 1795 Adde
993 1767 1121 1795 Nonium
1145 1766 1175 1795 iu
1197 1766 1288 1796 Adur
1311 1771 1340 1796 et
1360 1766 1523 1796 Adoreum.
1550 1765 1656 1797 Goth.
1703 1767 1766 1794 Non
1790 1778 1805 1795 a
1828 1767 1942 1795 Graeco
1965 1762 2063 1804 ἆθήρ,
2088 1764 2147 1794 ari-

192 1815 250 1846 sta,
290 1809 341 1838 sed
364 1820 378 1837 a
401 1809 501 1839 radice
524 1810 672 1838 Sanscrita
700 1807 764 1845 ad,
802 1808 906 1845 edere,
937 1809 1102 1839 descendit.
1146 1809 1184 1838 Ut
1213 1809 1292 1838 enim
1315 1821 1331 1838 a
1353 1810 1454 1838 radice
1484 1808 1524 1838 od
1554 1809 1586 1837 fit
1613 1807 1697 1845 odor,
1719 1811 1763 1837 sic
1785 1820 1800 1837 a
1823 1809 1924 1837 radice
1947 1806 1989 1836 acl
2009 1807 2043 1837 fit
2064 1806 2148 1842 ador,

193 1852 273 1889 quod
302 1852 423 1890 proprie
450 1863 543 1887 esum,
582 1851 678 1882 cibum
708 1851 815 1880 deinde
835 1850 1024 1892 frumentum
1049 1851 1212 1890 significat3
1252 1853 1500 1891 quemadmodum
1529 1851 1610 1891 apud
1632 1852 1762 1880 Graecos
1789 1855 1870 1888 σῖτος
1898 1852 2018 1890 proprie
2041 1849 2148 1887 cibum,

195 1893 299 1921 deinde
322 1894 510 1932 peculiariter
531 1895 713 1923 frumentum
735 1893 866 1924 denotat.

355 1943 550 1975 Adoriam.
592 1945 778 1974 Glossarium
800 1949 903 1983 vetus,
927 1946 1014 1974 cuius
1038 1956 1094 1985 ope
1116 1946 1212 1975 multa
1232 1945 1389 1975 vetustatis
1411 1945 1473 1974 situ
1495 1945 1610 1985 sepulta
1632 1944 1781 1974 eruimus:
1803 1943 1990 1980 Admiosus,
2014 1943 2147 1981 ἔνδοξος,

195 1987 389 2031 Αςπομπηῖος
412 1988 596 2027 αδορνικηας
617 2000 755 2027 πεμπιος.
798 1989 888 2027 Lege:
911 1987 1095 2025 Aderimus,
1119 1990 1253 2026 ἔνδοξος,
1277 1985 1319 2025 ὦς
1341 1985 1512 2027 Πομπήϊος.
1555 1986 1661 2024 Adur,
1684 1988 1768 2026 νίκη,
1792 1984 1834 2024 ὦς
1855 1983 2028 2027 Πομπήϊος·
2069 1986 2146 2022 Quin

194 2026 341 2064 intelligat
363 2033 495 2057 nostrum
516 2031 618 2070 Pomp.
642 2031 777 2069 Festum,
805 2031 1004 2060 dubitandum
1027 2042 1090 2060 non
1112 2036 1162 2060 est.
1206 2031 1283 2060 Hinc
1307 2041 1396 2070 quam
1418 2030 1509 2060 multa
1532 2030 1569 2059 ad
1593 2030 1751 2060 arbitrium
1773 2040 1859 2059 suum
1882 2028 2057 2067 mutaverit,
2078 2037 2147 2058 mu-

189 2068 340 2109 tilaverit,
366 2072 541 2106 perverterit
560 2073 774 2111 Longobardus
796 2075 866 2110 iste,
895 2073 983 2102 facile
1006 2074 1122 2103 adverti
1144 2079 1253 2113 potest.
1297 2075 1370 2103 Nam
1394 2084 1470 2112 quae
1493 2073 1664 2102 Glossarius
1685 2073 1736 2102 ille
1759 2073 1896 2110 adnotat,
1927 2083 1964 2101 ex
1987 2071 2046 2100 hoc
2067 2072 2146 2100 inte-

196 2121 249 2150 gro
273 2112 340 2140 loco
362 2110 537 2150 deprompta
559 2114 680 2144 fuerunt
702 2117 764 2145 sine
786 2117 849 2145 ullo
873 2116 977 2145 dubio.
1019 2115 1144 2146 Adon-ea
1167 2127 1221 2155 pro
1245 2117 1333 2146 laude
1353 2117 1450 2155 accipi
1473 2121 1578 2155 coepta
1601 2121 1661 2152 est,
1700 2120 1855 2155 postquam
1877 2116 2043 2155 praemium
2066 2114 2145 2143 mili-

196 2153 274 2183 tibus
298 2153 478 2182 frumentum
501 2160 578 2191 erat,
606 2163 690 2195 pana
712 2160 847 2188 victoria.
891 2159 1014 2188 Plautus
1038 2159 1198 2198 (Amphitr.
1222 2159 1249 2195 Ι,
1274 2162 1301 2195 1,
1327 2159 1377 2190 43.
1399 2159 1435 2187 ed
1457 2160 1524 2197 m.):

354 2237 359 2243 Ι
394 2237 399 2243 .
690 2199 748 2238 Qui
769 2200 863 2230 multa
884 2200 1011 2241 praecia,
1035 2209 1123 2242 atque
1146 2201 1255 2231 adorea
1278 2201 1381 2243 ffcit
1400 2200 1554 2241 popularis
1576 2211 1652 2230 suos.

199 2235 299 2268 Scal.
326 2237 479 2275 Distingue
501 2243 570 2276 post
592 2238 744 2278 adoream,
767 2242 825 2271 hoc
847 2244 953 2273 modo:
978 2242 1148 2281 Adoream,
1172 2243 1300 2282 laudem,
1323 2245 1382 2273 sive
1400 2243 1538 2283 gloriam.
1583 2245 1670 2273 Parta
1692 2242 1817 2272 victoria
1840 2243 2021 2271 frumentum
2042 2240 2141 2268 militi-

197 2280 253 2309 bus
275 2280 402 2309 dabatur
423 2280 453 2308 in
475 2281 655 2319 praemium,
678 2283 756 2312 unde
778 2286 904 2324 factum,
927 2291 962 2315 ut
984 2287 1095 2315 adorea
1115 2298 1171 2326 pro
1192 2286 1281 2316 laude
1303 2291 1332 2315 et
1353 2287 1447 2324 gloria
1470 2286 1529 2315 dici
1552 2291 1656 2325 coepta
1679 2285 1728 2314 sit.
1771 2285 1876 2323 Itaque
1899 2284 2008 2323 optime
2030 2282 2139 2312 Gloss.:

199 2321 321 2370 Adoreo
347 2321 419 2361 δόξη
441 2319 463 2361 ἡ
485 2320 545 2353 ἀπὸ
575 2325 628 2353 τοῦ
649 2324 793 2362 πολέμου,
827 2328 891 2356 laus
912 2339 987 2367 quae
1009 2329 1088 2357 bello
1112 2334 1198 2369 parta
1219 2335 1273 2358 est.
1300 2329 1387 2358 Dae.
1424 2327 1554 2359 Adoria.
1600 2329 1714 2358 Glossis
1734 2325 1855 2356 Adoria
1879 2324 1959 2361 εἶδος
1979 2325 2071 2356 σίτου.
2100 2339 2142 2345 -

200 2364 290 2393 Ahud
312 2369 408 2393 autem
433 2364 571 2394 adoreum
594 2366 674 2404 apud
690 2367 828 2398 Nonium.
860 2369 965 2401 Goth.
1009 2370 1170 2400 Adoriam
1192 2372 1379 2402 scribendum
1403 2381 1479 2408 esse,
1510 2372 1540 2400 in
1564 2372 1708 2400 varietate
1731 2369 1868 2398 lectionis
1889 2368 1959 2397 satis
1981 2366 2118 2395 diximus.

365 2407 487 2437 Arma.
531 2407 612 2437 Idem
636 2408 769 2437 Servius:
799 2410 919 2449 Proprie
940 2423 1023 2441 arma
1045 2421 1129 2452 sunt,
1151 2425 1226 2454 quae
1247 2425 1347 2443 armos
1368 2421 1480 2453 tegunt,
1501 2413 1558 2443 hoc
1579 2421 1635 2450 est,
1657 2420 1787 2450 scutum,
1809 2409 1891 2451 quod
1913 2408 2032 2439 Graecis
2052 2405 2140 2439 ὅλον
