2263 2668
233 177 309 211 670
663 163 1008 198 COMMENTARH
1032 164 1080 197 IN
1107 161 1253 196 PAULI
1277 162 1472 196 DIACONI
1497 164 1749 199 EXCERPTA

236 265 332 298 Scal.
366 260 546 295 contendunt
572 255 687 286 Graios.
724 255 799 285 Vide
823 260 891 294 post
913 254 1052 295 Regium.
1076 254 1163 284 Dae.
1200 253 1349 284 Interdum
1368 265 1423 294 pro
1446 266 1522 285 suos.
1561 256 1671 286 Ennius
1693 257 1744 288 lib.
1758 257 1838 288 VIL:

771 305 863 334 Poeni
884 313 949 335 sunt
972 305 1053 336 soliti
1074 317 1121 335 sos
1142 307 1310 346 sacrificare
1329 305 1452 345 puellos.

236 370 381 397 Cornutus
404 363 433 390 in
455 362 514 389 Sat.
532 359 552 387 l.
577 358 683 386 Persii:
713 356 762 385 Sis
780 368 836 396 pro
858 357 918 385 suis
939 356 1020 396 apud
1042 358 1178 397 antiquos
1197 356 1359 397 ponebatur
1380 364 1406 385 et
1427 368 1474 385 sos
1495 368 1549 396 pro
1572 369 1657 394 suos,
1681 370 1728 387 sas
1749 370 1804 398 pro
1827 370 1912 395 suas,
1940 357 2072 388 detracta
2094 371 2112 387 u
2135 357 2180 387 li·

235 419 305 440 iera.
342 405 415 434 Vide
428 402 494 432 δας.
517 400 623 430 Idem.
659 400 704 428 Ex
727 398 784 427 hoc
806 399 885 428 Festi
907 399 974 427 loco
998 399 1185 428 vehementer
1207 404 1251 429 est
1273 399 1443 438 probabile,
1473 399 1641 438 ubicunque
1663 401 1772 440 legitur
1794 402 1875 441 apud
1900 402 2028 430 Ennium
2050 413 2111 439 sos,
2132 411 2181 430 sas

233 462 289 491 pro
311 459 393 483 suos,
425 456 509 481 suas,
540 442 729 472 scribendum
754 452 815 471 esse
838 453 920 478 suos,
952 454 1033 478 suas,
1066 442 1116 470 sed
1142 447 1175 470 ut
1198 452 1255 470 una
1278 442 1390 480 syllaba
1412 443 1681 480 pronunciandum,
1727 444 1835 473 Contra
1861 444 1912 472 nbi
1933 455 1982 473 sos
2003 449 2033 473 et
2053 452 2179 483 sas'pro

234 505 268 522 eo
291 490 462 523 invenitur,
503 488 583 526 quod
608 490 652 513 est
675 495 737 521 eos,
773 495 837 520 eas,
868 485 910 512 sic
933 485 1124 513 scribendum
1148 495 1224 521 esse,
1257 485 1300 513 uti
1323 494 1402 512 nunc
1424 484 1542 522 legitur.
1587 486 1699 514 Etenim
1723 497 1885 524 pronomen
1909 488 2014 515 tertiae
2036 496 2181 525 personae

232 537 280 571 si5
317 533 395 573 quod
421 529 491 560 alibi
516 527 685 564 vindicavi,
723 527 862 565 quodque
891 530 1048 565 postmodo
1073 527 1184 555 factum
1206 527 1409 566 reciprocum,
1447 527 1484 554 ad
1507 528 1655 557 secundae
1678 539 1796 567 quoque
1820 529 2026 558 declinationis
2050 538 2180 557 normam

232 578 343 605 flexum
368 584 445 608 esse,
476 571 605 601 ostendit
626 569 774 608 genitivus
796 569 953 607 singularis
976 570 1036 605 sui,
1067 579 1121 608 pro
1145 580 1204 609 quo
1226 570 1257 598 in
1281 579 1335 597 usu
1359 569 1444 597 etiam
1468 570 1558 598 fuisse
1582 571 1703 599 videtur
1724 573 1779 607 sis,
1809 577 1841 600 ut
1863 582 1918 610 pro
1943 572 1998 600 mei
2021 573 2092 608 mis,
2123 580 2180 610 pro

233 620 277 648 tui
298 620 343 648 iis.
373 618 482 645 Totum
505 615 595 652 igitur
619 612 823 641 declinationis
846 613 1014 651 exemplum
1039 612 1075 640 ad
1099 611 1174 641 hanc
1196 614 1340 641 rationem
1364 612 1527 650 antiquitus
1549 622 1610 642 sese
1632 613 1771 642 habuisse
1794 614 1921 642 videtur.
1950 614 2033 642 Nom.
2049 615 2090 646 si:
2113 623 2179 651 gen.

233 662 294 698 sui,
317 662 372 697 sis3
403 660 462 687 dat.
485 656 559 694 sibi‚·
589 666 650 685 acc.
673 666 716 691 se,
739 665 818 691 sum,
841 665 921 691 sam‚·
952 655 1038 682 ablat.
1062 654 1120 684 sed.
1165 655 1198 683 ln
1222 665 1342 683 numero
1365 659 1463 682 autem
1487 655 1595 693 plurali
1618 666 1696 685 nom.
1720 658 1759 692 si,
1784 668 1842 695 ses,·
1872 667 1936 694 gen.
1958 658 2049 692 sium,
2078 667 2180 692 suum;

234 704 293 734 dat.
318 702 389 738 sibi,
411 703 467 737 sis3
491 710 552 728 acc.
576 710 620 735 se,
643 708 706 734 sos,
729 708 794 735 sas3
818 697 878 726 abl.
900 695 959 725 sed.
1000 698 1041 725 De
1064 698 1186 735 singulis
1208 697 1310 726 formis
1334 696 1428 725 dicam
1451 697 1532 727 alibi.
1569 699 1705 728 Ceterum
1730 700 1828 727 locum
1852 709 1889 727 ex
1912 699 1998 728 Ennii
2022 699 2097 727 libro
2118 698 2179 728 vll.

234 747 277 775 sic
301 744 454 783 legendum
480 741 635 770 suaserim:

767 781 845 810 Dum
870 788 984 811 censent
1006 789 1108 810 terrere
1131 782 1231 818 minis,
1263 780 1419 810 hortantur
1441 780 1483 810 ibi
1505 793 1568 819 sos,-

235 837 312 876 quod
338 837 377 864 ivi
398 836 544 874 scriptum
569 844 660 872 quum
683 839 773 869 esset,
807 843 937 862 errorem
963 832 1128 871 progenuit.

400 884 534 914 sultis,
579 885 689 913 Locum
714 884 808 912 Plauti
839 894 875 912 ex
897 884 1060 912 Frivolaria
1091 894 1158 912 cum
1187 883 1245 911 alio
1276 882 1406 911 ciusdem
1430 883 1573 920 Fabulae,
1611 884 1659 922 qui
1690 890 1733 913 est
1756 885 1835 923 apud
1861 885 1983 914 Varron.
2009 885 2037 912 L.
2062 884 2090 913 L.
2119 883 2181 912 Vll.

236 939 299 969 pag.
316 931 386 960 341.
412 931 461 967 Sp.
485 929 527 955 sic
551 927 722 956 conciliavit
745 927 875 965 Scaliger
897 927 933 954 ad
956 926 1039 956 Varr.
1063 927 1082 954 l.
1104 937 1127 955 c.
1151 935 1217 965 pag.
1234 927 1301 957 130.
1326 925 1370 954 ed.
1394 927 1451 954 St.:

772 995 810 1000 --
854 994 897 999 —
938 994 980 999 ——
1026 977 1188 1018 Sequimini

768 1020 822 1050 Me
843 1020 899 1049 lmc
921 1019 1005 1049 sultis
1028 1019 1152 1060 legiones
1176 1029 1272 1047 omncs
1293 1018 1446 1048 Lavernae
1467 1018 1518 1048 ubi
1539 1020 1648 1048 rorarii

770 1061 872 1092 Emis?
895 1061 940 1091 En
963 1070 1038 1092 sunt.
1088 1061 1145 1090 Ubi
1166 1067 1231 1089 suni
1254 1060 1395 1092 accensi?
1418 1061 1502 1091 Ecce.
1529 1079 1562 1083 —-
1590 1078 1624 1083 —-

235 1116 292 1144 bed
316 1115 395 1143 nulla
419 1115 495 1142 iusta
517 1123 620 1141 caussa
645 1123 707 1141 esse
730 1113 866 1151 videtur,
891 1124 946 1143 cur
969 1114 1041 1142 haec
1063 1114 1227 1142 cohaesisse
1250 1117 1425 1144 statuamus.
1461 1114 1557 1141 Locus
1581 1123 1619 1141 ex
1641 1113 1776 1141 Rudente
1799 1117 1844 1141 est
1864 1111 1920 1145 Ill,
1945 1112 1980 1148 5,
2002 1112 2053 1142 40.

400 1162 585 1193 Solutum.
632 1162 752 1192 Salaros
781 1165 915 1203 appellat
937 1165 1011 1193 Plin.
1034 1165 1207 1193 lih.XX1X.
1232 1174 1295 1202 cap.
1307 1166 1336 1195 6.
1361 1163 1419 1192 hoc
1445 1164 1549 1193 morbo
1574 1164 1756 1192 laborantes.
1797 1164 1818 1191 A
1843 1163 1905 1191 sole
1928 1162 2052 1191 sortasse
2073 1161 2182 1191 infesto

237 1209 360 1238 ductum
386 1212 426 1235 est
452 1216 565 1234 nomeu.
594 1206 651 1234 An
662 1213 680 1234 t.
703 1206 800 1245 Aug.
846 1207 980 1235 Morbum
1005 1212 1095 1245 puto,
1133 1218 1217 1245 quern
1242 1207 1309 1244 quis
1332 1217 1367 1234 ex
1393 1207 1481 1235 nimia
1505 1207 1689 1246 apricatione
1713 1206 1871 1234 contraxit.
1917 1205 2017 1241 Unde,
2053 1205 2103 1243 qui
2126 1204 2183 1233 hoc

235 1251 339 1280 inorbo
364 1250 511 1285 laborant,
535 1247 624 1277 solati
646 1248 741 1276 Plinio
765 1249 837 1277 ‹licti
860 1255 930 1278 suut
954 1250 1004 1279 lib.
1020 1250 1129 1280 XXlX.
1156 1260 1222 1288 cap.
1236 1252 1265 1280 6.
1313 1250 1396 1284 Quae
1420 1250 1497 1278 infra
1522 1260 1558 1278 ex
1583 1249 1702 1277 Afranio
1726 1248 1927 1276 laudabantur
1949 1258 2009 1276 non
2031 1247 2183 1286 potuimus

237 1295 359 1331 assequi.
405 1292 524 1330 Optime
547 1291 602 1326 ait,
633 1296 756 1328 arquato
780 1292 900 1329 morbo,
932 1293 982 1330 qui
1006 1297 1033 1320 et
1054 1293 1151 1329 regius
1174 1297 1314 1328 vocatur,
1345 1302 1451 1320 nomen
1474 1302 1535 1321 esse
1558 1292 1594 1320 ab
1618 1291 1759 1328 aurigine.
1802 1290 1920 1329 Aur-ige
1943 1290 2019 1318 enim
2043 1289 2106 1318 sive
2129 1300 2184 1328 po-

236 1338 294 1364 tius
318 1345 426 1371 aurago
451 1333 570 1362 morbus
592 1334 689 1368 regius
713 1333 748 1361 ab
772 1335 838 1363 auri
861 1335 978 1369 colore,
1010 1345 1097 1372 quem
1122 1335 1186 1362 bilis
1209 1339 1272 1362 toto
1297 1344 1422 1372 corpore
1446 1334 1550 1362 diffusa
1573 1338 1792 1372 repraesentat,
1829 1338 1862 1361 ut
1883 1339 2025 1372 arquaius
2047 1342 2062 1360 a
2085 1332 2184 1361 colore

236 1388 323 1407 arcus
347 1377 495 1405 coelestis.
526 1375 598 1403 lnde
622 1376 754 1404 Isidorus
776 1377 805 1405 in
825 1377 934 1405 Gloss.:
957 1376 1181 1415 Auraginosus,
1204 1383 1351 1405 arcuatus.
1382 1376 1456 1404 Vide
1472 1377 1600 1404 Nonium
1618 1377 1647 1404 in
1662 1376 1817 1415 Arquatus
1835 1376 1876 1414 (p.
1889 1377 1940 1406 35.
1958 1373 2070 1414 Mera).
2095 1374 2182 1403 Dac.

402 1426 629 1466 Solipunga.
675 1427 787 1455 Plinius
810 1427 860 1455 lib.
874 1428 985 1456 XXIX.
1011 1427 1132 1466 cap-4.:
1167 1426 1218 1455 Est
1247 1434 1273 1454 et
1293 1425 1494 1467 formicarum
1521 1438 1611 1465 genus
1639 1433 1824 1461 venenatum,
1859 1436 1916 1454 non
1943 1425 2006 1462 fere
2027 1426 2058 1453 in
2081 1423 2183 1459 Italia,

235 1470 387 1508 solipugas
413 1468 512 1498 Cicero
535 1467 681 1506 appellat,
709 1468 858 1508 Salpugas
880 1469 1010 1498 Baetica.
1057 1471 1164 1497 Lucan.
1186 1469 1235 1497 lib.
1249 1469 1305 1504 IX,
1330 1470 1442 1505 (837.):
1477 1468 1549 1506 Quis
1572 1467 1690 1497 calcare
1712 1475 1778 1496 tuas
1799 1474 1906 1495 metuat
1929 1466 2081 1506 Solpunga
2103 1465 2184 1495 late-

237 1512 312 1541 bras.
354 1512 410 1539 Alii
436 1510 607 1549 Salpunga‚
631 1511 681 1539 alii
705 1510 837 1551 Solpuga
859 1513 969 1549 legunt.
994 1512 1079 1541 Ant.
1102 1512 1199 1550 Aug.
1241 1511 1440 1539 Glossarium:
1465 1510 1609 1549 Solipaga
1632 1507 1830 1548 ἦλιοκεντρίς,
1854 1510 1944 1548 μυίας
1965 1507 2052 1544 εἶδος.
2084 1507 2183 1541 Soal.

237 1555 397 1593 Solipunga
422 1554 482 1581 sive
505 1553 639 1590 solipuga
663 1558 706 1581 est
730 1550 913 1593 ὁλοκεντρίς,
951 1555 1031 1591 quod
1056 1559 1116 1581 tota
1143 1558 1257 1591 pungat
1280 1558 1308 1581 et
1330 1553 1394 1591 ipsa
1418 1552 1491 1581 nihil
1515 1553 1595 1581 aliud
1620 1554 1672 1589 sit,
1702 1563 1789 1590 quam
1813 1552 1943 1580 aculeus.
1987 1551 2036 1579 Sic
2057 1550 2184 1592 solifir-

237 1608 312 1625 reum
338 1602 396 1632 est,
422 1596 501 1634 quod
526 1600 568 1623 est
592 1600 686 1623 totum
711 1596 839 1624 ferreum
863 1602 916 1624 otc.
951 1596 1025 1624 Male
1050 1596 1100 1634 qui
1124 1596 1290 1634 solipugam
1315 1596 1422 1623 dictam
1446 1600 1567 1633 putant,
1593 1596 1673 1632 quod
1696 1595 1726 1622 in
1749 1595 1809 1622 sole
1832 1599 1951 1632 pungat.
1986 1593 2065 1623 Festi
2087 1599 2184 1622 tamen

236 1638 506 1677 interpretationem
530 1637 611 1665 iuvat
635 1639 726 1667 Gloss.
752 1639 802 1666 ubi
824 1637 961 1677 solipuga
984 1636 1188 1676 wilzonsvrgn‘g,
1225 1639 1316 1675 μυίας
1339 1635 1426 1673 εἶδος.
1473 1638 1504 1666 lu
1535 1637 1731 1675 leguminibus
1759 1637 1885 1665 inveniri
1908 1637 1948 1664 ait
1971 1636 2044 1665 Plin.
2067 1641 2097 1664 et
2119 1636 2183 1664 for-

238 1683 395 1716 micarum,
419 1690 476 1708 non
500 1690 665 1707 muscarum
690 1690 782 1716 genus
805 1686 901 1711 vocat,
937 1681 1057 1709 Solinus
1080 1690 1256 1709 araneorum
1279 1681 1401 1708 sormam
1425 1679 1533 1708 habere
1557 1680 1639 1709 dicit.
1676 1680 1730 1708 Pro
1753 1678 1904 1717 maleficae
1926 1679 1961 1707 al.
1976 1679 2134 1717 vendicta,
2155 1683 2186 1707 et,

238 1724 337 1752 favere
359 1723 501 1751 videntur
525 1723 638 1758 Gloss.‚
675 1723 725 1750 ubi
748 1722 959 1762 sphalangion‚
996 1735 1097 1752 musca
1120 1730 1268 1751 venenata.
1316 1724 1386 1751 Nam
1409 1721 1615 1761 splzalangium
1638 1722 1683 1750 nil
1705 1721 1787 1750 aliud
1811 1726 1870 1758 est,
1907 1730 1995 1759 quam
2020 1719 2186 1759 solip-ingo.

237 1767 346 1794 Tamen
375 1766 405 1793 in
435 1764 567 1802 reliquiis
592 1765 670 1792 Festi
692 1764 850 1804 maleficae.
881 1766 967 1794 Dae.
1013 1765 1157 1805 Solipuga
1179 1766 1213 1793 al.
1237 1764 1363 1804 salpuga
1385 1766 1431 1793 vet
1454 1764 1616 1805 solpunga,
1651 1763 1795 1803 solpuga,
1830 1761 2006 1803 solpugna„
2025 1762 2184 1802 solipugia,

239 1807 409 1847 solipugna,
432 1806 577 1846 solipuga.
614 1807 696 1835 Adde
722 1808 857 1837 LuulX.
904 1806 1010 1837 Goth.

403 1849 550 1887 Sospes.
596 1848 700 1888 Sospes
720 1849 821 1878 salvus
844 1872 964 1880 ......
990 1861 1086 1879 omnes
1099 1849 1170 1891 fere
1191 1848 1370 1891 aufugerunt
1391 1850 1520 1889 sospites.
1564 1848 1716 1891 Afranius
1738 1848 1769 1876 in
1790 1846 1945 1887 Epistola:
1973 1846 2016 1875 Di
2037 1853 2064 1874 ie
2084 1846 2185 1885 sospi-

242 1897 295 1917 iem
317 1899 424 1919 servent
446 1892 512 1920 iuis.
557 1890 702 1920 Pacuvius
724 1893 754 1920 in
780 1893 911 1921 Teucro:
943 1892 1084 1921 Maxime
1110 1892 1219 1921 Teum-e
1242 1913 1461 1920 ........
1485 1903 1641 1931 nunquam.
1672 1891 1783 1928 (Recte
1807 1889 1921 1927 Virgilii
1943 1899 2063 1919 versum
2084 1889 2116 1917 iu
2137 1888 2185 1918 his

244 1933 384 1968 quaesivit
405 1934 435 1961 F.
460 1934 626 1971 Ursinus.)
671 1933 783 1962 Ennius
804 1936 834 1963 in
858 1956 984 1963 .....
1006 1942 1152 1974 parentem
1183 1941 1209 1962 et
1233 1935 1361 1972 patriam
1386 1934 1428 1963 Di
1449 1941 1559 1963 servate
1580 1934 1725 1973 sospitem.
1768 1932 1873 1961 Attius
1894 1933 1925 1961 in
1948 1952 2138 1962 .......
2159 1931 2186 1961 εἰ

244 1973 297 2000 rite
318 1973 357 2000 acl
377 1977 502 2012 patriam
525 1975 624 2005 salvus
646 1984 672 2004 et
693 1988 790 2016 sospes
809 1978 990 2016 pervenisset.
1030 1976 1150 2005 Ennius.
1190 1975 1253 2005 Vid
1255 1998 1380 2007 .....
1405 1975 1504 2006 Scal.
1549 1976 1632 2011 Quae
1662 1976 1770 2004 desunt
1791 1975 1822 2004 in
1842 1974 1899 2004 fine
1921 1974 1998 2003 male
2019 1978 2088 2013 post
2110 1973 2186 2012 Epi-

244 2019 342 2044 tomen
364 2016 446 2044 Pauli
469 2019 504 2046 de
527 2018 619 2047 verbo
642 2020 785 2058 sospitare
806 2020 916 2048 reiecta
939 2024 1016 2047 sunt.
1062 2020 1160 2055 Quare
1189 2024 1301 2047 certum
1330 2023 1376 2048 est
1400 2029 1432 2048 ea
1455 2018 1514 2047 huc
1538 2018 1625 2047 educi
1648 2017 1752 2048 dehere
1775 2022 1803 2046 et
1826 2017 1869 2047 sic
1891 2027 1959 2047 cum
1981 2015 2186 2054 superioribus

245 2057 392 2093 coniungi·
435 2058 544 2088 Ennius
571 2059 685 2089 videtur
711 2069 884 2091 servatorem
907 2062 1088 2101 significare,
1126 2073 1191 2090 cum
1216 2060 1313 2097 dixit,
1349 2072 1407 2101 quo
1429 2061 1537 2100 sospite
1558 2059 1640 2090 liber.
1686 2058 1812 2090 Ceterum
1835 2060 1976 2099 sospitare
2001 2057 2121 2088 Verrius
2141 2058 2186 2087 ait

247 2110 304 2127 esse
327 2097 403 2126 hona
425 2111 472 2137 spe
493 2102 622 2142 afficere,
645 2110 696 2131 aut
719 2103 826 2132 bonam
849 2116 926 2143 spem
949 2114 1007 2133 non
1021 2102 1144 2143 fallere.
1176 2104 1255 2132 Haec
1270 2104 1347 2132 fest.
1377 2105 1475 2142 Supra
1497 2104 1528 2132 in
1551 2103 1650 2132 verbis
1673 2103 1757 2132 Ennii
1781 2107 1809 2131 ct
1832 2102 1903 2130 Attii
1923 2101 1998 2132 nihil
2020 2101 2120 2131 deesse
2140 2100 2185 2129 vi-

247 2141 334 2169 detur
355 2145 473 2179 praeter
496 2153 602 2172 nomen
625 2145 751 2175 tabulae.
782 2145 887 2186 Sospes
909 2151 1005 2175 autem
1028 2156 1084 2184 pro
1108 2152 1268 2175 servatore.
1299 2146 1373 2175 Vide
1397 2146 1502 2185 Sispes.
1523 2145 1579 2174 Da
1590 2157 1614 2175 c.
1651 2145 1778 2174 Glossis:
1802 2143 1908 2184 Sospes
1930 2146 2025 2180 σῶος,
2046 2143 2118 2177 hinc
2138 2154 2186 2175 ιο-

246 2183 354 2231 spitare
375 2183 460 2211 infra.
488 2182 591 2213 Goth.
627 2186 775 2216 Pare-ntem
799 2196 824 2216 et
843 2190 967 2228 patriae.
1003 2189 1059 2217 Hie
1082 2189 1187 2217 titulus
1209 2189 1352 2218 tribuitur
1376 2188 1492 2217 Caesari
1515 2189 1544 2217 in
1568 2188 1695 2217 denariis
1718 2187 1872 2224 argenteis.
1901 2184 2015 2217 Idem.
2051 2184 2108 2216 Ad
2125 2197 2186 2225 pa-

248 2232 337 2253 mam
358 2235 454 2263 sospes
476 2231 625 2263 sumptum
648 2238 684 2256 ex
707 2229 851 2259 Homero:
876 2226 908 2262 εὖ
931 2228 960 2261 δ’
983 2229 1083 2262 οἴκαδ’
1108 2232 1236 2262 ἱκέσθαι.
1261 2230 1370 2260 Idem.
1415 2231 1490 2259 Vide
1512 2236 1610 2259 notam
1634 2231 1666 2260 F.
1688 2229 1785 2258 Ursini
1807 2229 1843 2258 ad
1865 2228 1895 2259 h.
1911 2229 1930 2258 l.

248 2326 285 2345 ex
308 2273 616 2344 lib.X>{V)l3[}I⁷.zitare'
660 2279 809 2317 Sospitam
838 2292 893 2319 pro
921 2281 999 2310 bona
1022 2292 1074 2321 spe
1097 2282 1229 2320 afficere,
1267 2283 1345 2320 quod
1368 2281 1419 2310 hic
1442 2282 1572 2319 dicitur,
1607 2291 1659 2319 ego
1682 2281 1778 2320 reperi
1799 2281 1829 2308 in
1853 2279 1999 2308 versiculo
2022 2279 2184 2319 Luculiffllo.

762 2361 909 2401 Sospitat‚
935 2365 1062 2404 impertit
1084 2365 1205 2395 salutem
1226 2365 1386 2406 plurimam
1409 2374 1435 2395 et
1454 2364 1663 2406 plenissimam.

251 2407 351 2438 Scal.
381 2408 459 2436 Haec
482 2411 548 2436 ante
564 2406 659 2447 Spar-a
682 2410 816 2447 proxime
838 2413 1012 2443 collocanda
1034 2421 1112 2444 sunt.
1144 2418 1269 2446 Fallitur
1294 2422 1390 2446 autem
1405 2417 1544 2453 Verrius,
1567 2417 1619 2454 qui
1640 2416 1867 2454 interpretatur,
1891 2413 1967 2443 bona
1987 2424 2036 2452 spe
2057 2413 2182 2454 afficere,
