2263 2668
215 123 289 158 272

946 107 1125 141 MAXIMI
1160 107 1387 141 VICTORI&
1391 109 1405 141 1

386 210 419 243 3.
473 202 738 243 Grammaticae¹
773 202 886 236 officia
918 205 989 234 sunt
1023 206 1179 244 quatuor,
1214 202 1335 241 lectio,
1370 202 1549 240 enarratio,
1576 202 1780 242 emendatio,
1820 202 1987 239 iudicium.
2039 206 2156 239 Lectio

222 264 359 309 quidem
380 267 428 295 est
456 260 635 294 secundum
661 259 816 289 accentus
841 254 884 287 ad
914 265 1042 286 sensum
1073 254 1368 297 necessitatemque
1394 250 1651 296 pronunciati0².
1703 255 1876 286 Enarratio
1905 261 1951 289 est
1976 258 2157 290 secundum

220 318 345 350 Poetae
366 314 566 346 voluntatem
590 307 843 349 uniuscuiusque
872 305 1074 338 discretionis
1100 306 1296 349 explanatio.

1351 305 1549 337 Emendatio
1574 310 1621 337 est
1644 316 1792 338 errorum
1816 306 1906 350 apud
1922 307 2011 341 Poe-
2023 307 2154 354 [1938]

222 374 281 409 tas,
310 372 342 400 et
362 366 596 408 figmentorum
614 358 832 404 reprehensio
844 352 865 389 ³.
920 357 1085 390 Iudicium
1111 362 1158 389 est
1175 358 1259 389 bene
1282 356 1445 390 dictorum
1464 357 1705 400 comprobatio.

1023 458 1088 491 De

389 539 423 572 4.
475 539 589 572 Partes
615 535 765 570 lectionis
792 538 865 568 sunt
897 539 1060 577 quatuor,
1091 540 1263 575 accentus,
1298 533 1470 574 discretio,
1503 533 1750 576 pronunciatio,
1782 533 1977 567 modulatio.

228 600 279 628 tus
303 596 350 625 est
373 591 625 632 uniuscuiusque
657 588 803 631 syllabae
834 582 1096 630 pronunciandi⁴
1117 586 1149 617 in
1179 597 1258 618 sono
1283 585 1431 628 qualitas.

228 646 354 678 tionum
375 643 537 687 perplana
560 639 765 685 significatio.

1139 458 1358 491 Lectione.

2030 535 2163 568 Accen-

1483 584 1644 618 Discretio
1672 590 1719 617 est
1751 585 1963 618 confusarum
1996 586 2165 630 significa-

817 637 1050 670 Pronunciatio
1083 642 1129 669 est
1154 638 1351 681 scriptorum
1382 647 1444 679 per
1473 647 1629 679 personas
1660 633 1931 669 accommodata⁵
1960 637 2166 670 distinctione

230 694 425 734 similitudo,
454 699 488 725 ut
514 697 595 736 puta
622 702 696 725 cum
726 693 782 723 aut
805 690 888 722 senis
911 694 1226 732 temperamentum,
1255 694 1309 720 aut
1332 687 1456 720 iuvenis
1479 688 1691 731 protervitas,
1719 693 1772 719 aut
1794 685 1956 720 feminae‘i
1986 688 2166 728 infirmitas,

232 752 289 781 aut
323 745 460 789 qualitas
492 743 745 785 uniuscuiusque
781 751 942 786 personae
972 739 1175 772 ostendenda
1212 744 1275 779 est,
1310 744 1341 771 et
1376 749 1484 771 mores
1514 739 1767 781 uniuscuiusque
1798 738 1929 771 habitus
1962 739 2168 784 exprimendi

233 803 314 832 sunt.

365 795 555 828 Modulatio
578 800 624 827 est
647 792 823 826 continuati
855 791 1012 825 sermonis
1047 791 1079 823 iu
1109 791 1339 823 iucundiorem
1378 790 1512 823 dicendi
1549 791 1711 823 rationem
1745 785 1888 823 artificus
1912 787 2044 829 flexus⁷,
2073 797 2104 824 et
2135 791 2169 823 in

235 847 467 883 delectabilem
491 846 618 880 auditus
643 845 786 878 formam
809 854 1000 884 conversus,
1028 838 1229 886 asperitatis-⁵⁵
1252 841 1405 874 vitandae
1427 841 1543 886 gratia.

999 943 1066 977 De

1117 943 1404 989 Definitione.

399 1021 433 1056 5.
486 1022 642 1056 Definitio
666 1026 713 1055 est
738 1021 842 1054 oratio
864 1031 949 1064 quae
973 1020 1008 1052 id
1037 1020 1078 1053 de
1105 1031 1170 1063 quo
1195 1021 1363 1062 quaeritur
1392 1024 1508 1063 aperte
1534 1018 1688 1051 describit
1719 1022 1751 1051 et
1774 1017 1986 1059 determinat,
2005 1018 2107 1052 veluti
2130 1013 2174 1050 si⁹

237 1086 374 1120 quaeras
395 1087 414 1107 a
440 1085 512 1115 me,
539 1074 624 1119 quid
644 1074 688 1107 sit
715 1073 817 1106 homo
826 1087 838 1116 ,-
863 1071 1094 1117 respondebo:
1121 1072 1254 1104 animal
1281 1071 1470 1111 rationale,
1497 1070 1632 1103 morule
1644 1066 1677 1111 ¹⁰,
1703 1070 1794 1103 riSus
1821 1081 1950 1115 capax.

1015 1157 1081 1190 De

401 1235 435 1269 6.
486 1235 646 1268 Latinitas
679 1239 728 1267 est
755 1232 941 1266 observatio
970 1230 1191 1277 incorrupte¹1
1216 1233 1375 1276 loquendi
1408 1231 1588 1265 secundum
1618 1231 1804 1263 Romanam
1829 1231 1987 1275 linguam.

240 1293 351 1322 autem
376 1287 479 1319 tribus
505 1286 631 1319 modis:
659 1286 802 1325 ratione,
829 1284 1037 1325 auctoritate,
1061 1285 1306 1317 consuetudine.

241 1340 324 1372 tium
350 1338 533 1372 traditores.

242 1390 346 1424 modo
376 1389 534 1432 loquendi
555 1400 614 1422 usu
641 1389 764 1434 placita
787 1392 1018 1431 assumptaque
1046 1393 1131 1422 sunt.

1096 1471 1158 1504 De

411 1541 446 1577 7.
498 1541 574 1574 Vox
601 1547 650 1575 est
672 1553 728 1574 aer
750 1542 833 1574 ictus
860 1540 1035 1582 sensibilis,
1062 1540 1118 1583 qui
1139 1539 1270 1572 auditur
1292 1543 1450 1583 quantum
1473 1538 1505 1570 in
1527 1538 1601 1582 ipso
1628 1542 1685 1570 est.

250 1595 353 1633 ‹luae3
391 1593 578 1634 articulata,
612 1598 643 1626 et
676 1592 821 1626 confusa.

251 1645 343 1689 quod
369 1644 505 1678 articulo
534 1644 701 1677 scribentis
724 1643 966 1687 comprehendi
993 1642 1103 1686 possit.

258 1747 362 1778 lamus
389 1757 506 1787 voces,
532 1752 570 1779 ut
590 1747 707 1781 fluctus
731 1746 788 1788 qui
813 1758 832 1778 a
852 1746 948 1778 litore
969 1745 1153 1778 audiuntur.

345 1862 374 1901 1)
401 1862 630 1891 Grammatici
655 1863 774 1892 Putsch.
797 1880 837 1886 --
858 1862 887 1901 2)
909 1862 964 1891 Ad
975 1873 1093 1891 Sensum
1112 1873 1208 1891 neces-

264 1908 441 1943 sitatemque
462 1906 679 1943 pronunciatio
712 1906 757 1933 Pe.
782 1905 900 1934 Pulsch.
931 1916 1004 1944 quae
1029 1916 1097 1934 vcra
1120 1906 1207 1933 lectio

265 1958 327 1977 esse
340 1947 466 1977 videtur.
488 1946 542 1975 Aael
556 1958 622 1975 svn-9
633 1958 651 1974 ιι
663 1958 720 1975 um
737 1950 937 1975 necas-sitalem
946 1959 969 1986 p
981 1959 1045 1986 rap
1057 1949 1121 1975 ria
1135 1958 1209 1986 pro-

265 1991 422 2018 nunciatio
448 1989 519 2019 Cod.
544 1990 597 2018 Go.
618 1990 683 2018 Non
709 1990 836 2018 usitatus
863 1995 905 2017 est
927 1991 1049 2028 pluralis
1071 1999 1209 2018 numerus

266 2043 333 2061 voc.
353 2041 457 2059 sensus
478 2031 535 2060 hac
559 2032 787 2069 significatione3
812 2036 883 2059 etv.
905 2034 1032 2070 propria
1057 2033 1146 2071 plane
1167 2036 1211 2060 est

268 2084 533 2114 supervacaneum,
557 2079 738 2112 quapropter
757 2075 841 2102 eliam
857 2073 928 2101 haec
946 2075 1063 2103 ubertas
1079 2075 1210 2113 interpo-

268 2117 356 2145 latori
381 2116 479 2144 deberi
500 2115 628 2144 videtur.
660 2133 695 2137 —
726 2117 754 2151 3)
778 2115 991 2154 Deprelzensio
1017 2118 1062 2145 Pe,
1090 2116 1210 2145 Putsch.

270 2176 310 2180 -
339 2160 368 2194 4)
391 2157 644 2185 Pronunlicendae
665 2159 710 2186 Pe.
736 2157 853 2187 Pulsch.
875 2168 935 2185 non
955 2162 1042 2186 recte.
1062 2159 1111 2187 Est
1134 2159 1211 2188 enim

268 2199 516 2239 pronunciandi
537 2201 672 2238 qualitas
694 2210 747 2238 pro
769 2210 827 2228 una
850 2200 970 2228 notione
993 2201 1054 2227 sive
1079 2212 1130 2237 pro
1155 2211 1213 2229 una

272 2253 360 2275 voce,
384 2252 399 2269 a
413 2252 467 2280 qua
488 2243 596 2280 pendet
617 2242 765 2279 genitivus
785 2242 927 2279 {illabata
953 2242 1044 2278 Igitur
1066 2243 1134 2271 (lod.
1161 2244 1215 2271 Go.

275 2284 536 2323 obtemperandum
554 2285 636 2312 duxi.
653 2300 693 2306 -
714 2283 742 2323 5)
756 2283 1027 2311 Accornnzodatas
1043 2284 1089 2312 Pe.
1101 2285 1218 2312 Pulsch.

277 2328 359 2356 male,
392 2326 617 2354 accwnnwdaln
643 2327 695 2354 Go.
732 2342 772 2347 —
808 2326 837 2364 6)
868 2326 921 2353 Γεί
946 2327 1076 2361 feminae
1099 2327 1220 2356 Pulscli.

586 1337 808 1377 Auctoritate,
835 1342 983 1369 veterum
1012 1336 1136 1369 scilicet
1169 1336 1345 1370 lectionum
1357 1333 1390 1368 ¹².

1134 1157 1401 1191 Latinitate.

2042 1230 2179 1263 Constat

1358 1284 1517 1321 Ratione,
1546 1282 1727 1315 secuudum
1754 1281 1943 1324 teclmicos,
1970 1281 2004 1314 id
2033 1287 2097 1321 est,
2124 1293 2178 1313 ar-

1445 1333 1709 1376 consuetudine,
1744 1344 1858 1366 eorum
1898 1344 1983 1376 quae
2033 1331 2177 1378 [1939]

1216 1471 1336 1504 foce.

1738 1537 1839 1571 Vocis
1865 1547 1945 1569 vero
1967 1536 2093 1580 species
2114 1539 2186 1569 sunt

874 1593 1074 1631 Articulum,
1109 1602 1194 1634 quae
1218 1591 1392 1623 hominum
1413 1595 1540 1622 tantum
1568 1586 1655 1631 est¹³‚
1690 1589 1778 1621 unde
1811 1588 1981 1621 articulata
2013 1587 2100 1621 dicta
2130 1591 2187 1628 est,

1158 1642 1316 1684 Confusa,
1347 1653 1432 1685 quae
1462 1641 1558 1674 scribi
1586 1651 1652 1672 non
1680 1639 1809 1684 potestfl,
1834 1636 1964 1672 veluti¹⁴
1988 1640 2099 1671 ovium
2127 1639 2188 1671 ba-

253 1698 355 1738 latus,
382 1696 458 1738 equi
478 1695 638 1736 hinnitus,
665 1695 759 1728 bovis
785 1694 947 1738 mugitus,
975 1700 1007 1726 et
1030 1694 1113 1726 aliae
1135 1694 1313 1727 nonnullae
1337 1704 1435 1727 voces
1459 1689 1573 1725 sunt¹⁵.

1628 1692 1735 1724 Sonos
1763 1702 1898 1735 quoque
1928 1701 2041 1723 omnes
2068 1690 2188 1734 appel-

1252 1862 1347 1891 ctione
1367 1868 1422 1889 aut
1441 1871 1495 1901 pro
1513 1861 1561 1888 vel
1576 1860 1682 1898 recepi.
1708 1875 1749 1880 —
1770 1858 1798 1898 7)
1823 1859 1857 1887 ln
1879 1857 2073 1887 iucundiores
2094 1855 2193 1884 dicen-

1252 1904 1286 1932 dl
1305 1906 1436 1932 rationes
1455 1903 1701 1941 ‹traficae-flexus
1723 1902 1768 1930 Pe.
1792 1901 1912 1929 Putsch.
1937 1901 1971 1929 ln
1992 1899 2194 1928 iucundiorem

1253 1946 1372 1974 dic-ench
1401 1948 1548 1974 rationem
1576 1945 1734 1983 (tl-{ficus
1758 1944 1881 1982 plexus,
1913 1944 1982 1980 Go.,
2022 1952 2058 1971 ex
2089 1942 2195 1980 quibus

1254 1989 1402 2017 emendari
1427 1989 1512 2017 facile
1540 1988 1638 2026 potuit
1666 1987 1760 2016 locus.
1800 2003 1840 2008 —
1872 1985 1900 2024 8)
1931 1985 2116 2013 Acer-bitatis
2148 1984 2194 2012 Pe.

1253 2031 1375 2060 Putsch.
1397 2032 1582 2069 Asper-itatis
1606 2028 1791 2066 G0ss1.qu0d
1814 2039 1925 2056 verum.
1951 2044 1991 2049 ——
2012 2030 2040 2061 9)
2070 2027 2107 2054 Ut
2117 2031 2196 2064 puta

1254 2074 1348 2101 veluti
1369 2075 1396 2100 εἰ
1419 2075 1472 2101 Go.
1505 2089 1544 2095 —
1578 2070 1623 2110 10)
1651 2071 1778 2099 Mol-lale
1809 2070 1898 2099 Goth.
1922 2070 1970 2099 Pe.
1999 2069 2116 2099 Putsch.
2141 2067 2197 2096 Sed

1254 2121 1334 2146 recle
1362 2116 1477 2143 monuit
1505 2114 1657 2143 Dnbnerus
1683 2113 1719 2141 ad
1743 2113 1823 2140 hunc
1852 2114 1969 2146 lucum,
2000 2111 2198 2139 mortalitatis

1255 2164 1354 2187 notam
1377 2158 1434 2186 iam
1455 2157 1572 2185 animali
1588 2157 1698 2191 inesse,
1721 2160 1900 2194 quapropter
1915 2155 2027 2182 morale
2044 2153 2198 2191 legendum

1259 2202 1388 2235 censuit,
1420 2200 1498 2238 quod
1520 2199 1625 2237 recepi.
1649 2199 1723 2226 Tum
1753 2207 1849 2236 capas
1871 2199 1953 2224 risus
1982 2196 2052 2225 Cod.
2083 2196 2136 2223 Go.
2157 2206 2198 2215 —-

1261 2247 1303 2273 11)
1324 2243 1484 2281 lacot-rapt
1495 2253 1535 2269 cte
1550 2242 1604 2269 Go.
1615 2240 1687 2269 Vide
1704 2250 1791 2278 supra
1803 2243 1828 2271 1.
1839 2245 1897 2267 not.
1912 2243 1937 2269 1.
1957 2238 2052 2275 —12)
2062 2237 2198 2265 Lectione

1261 2286 1308 2314 Pe.
1326 2284 1443 2313 Putsch.
1461 2285 1565 2312 Statim
1580 2283 1610 2310 iu
1627 2283 1680 2311 Go.
1707 2281 1792 2320 Quid
1812 2280 2046 2309 consuetudine?
2066 2279 2198 2306 Eorum-

1264 2338 1319 2365 que·
1345 2327 1498 2354 verborum
1519 2325 1614 2353 medio
1638 2324 1780 2363 loquendi
1802 2335 1868 2354 usu.
1894 2323 1984 2360 Igitur
1999 2331 2025 2349 v.
2047 2320 2199 2347 doctorum

283 2370 503 2404 l'elsbvnzinac
529 2369 574 2398 Pe.
594 2369 670 2397 Aut
696 2370 798 2396 senis
822 2369 865 2395 ml
881 2370 1027 2404 feminac,
1051 2378 1087 2396 ex
1105 2378 1160 2407 qua
1176 2369 1222 2397 le·
1266 2380 1281 2397 a
1298 2369 1368 2397 Cod.
1384 2369 1482 2405 abest,
1505 2373 1600 2405 recte,
1637 2378 1704 2396 nam
1729 2365 1884 2394 doctorum
1902 2374 1977 2392 usus
1992 2372 2049 2390 nun
2070 2365 2112 2389 est
2132 2370 2199 2387 con-
