2263 2668
524 117 588 151 DE
614 115 1001 151 SlGNlFICATIONE
1028 114 1313 149 VERBORUM.
1373 116 1518 150 LIBER
1544 117 1620 152 VII.
1972 118 2047 151 437

98 222 220 255 gnatus,
251 212 330 241 unde
351 218 529 252 prognatus,
557 215 586 239 et
608 211 675 239 alia.
721 210 792 238 Cum
816 209 963 249 prioribus
986 208 1044 237 illis
1068 208 1250 237 conveniunt
1272 209 1489 238 Germanorum
1510 220 1619 249 grenan,
1650 209 1829 238 Batavorum
1853 219 1951 244 namu,
1983 209 2049 237 An-

99 258 215 296 glorum
238 255 336 292 know5
361 259 450 292 atque
473 263 509 282 ex
532 254 637 282 eodem
659 253 741 282 fonte
765 253 894 281 derivata
918 261 981 281 esse
1003 251 1147 280 videntur
1161 252 1331 280 Latinorum
1348 263 1456 290 genae,
1476 263 1572 291 genu,-
1595 253 1778 281 Graecorum
1795 251 1900 291 γένυς,
1925 255 2047 290 γενεῖυν,

98 297 233 340 γνάθος,
256 297 357 334 xvcim,
381 296 474 336 γόνυ,-
499 297 714 325 Germanorum
737 294 816 324 Knie
838 300 866 324 et
887 293 989 332 Kinn,-
1011 294 1160 322 Sanscrita
1185 293 1372 331 dschtinu,
1396 295 1416 323 i.
1437 305 1460 322 e.
1482 306 1558 333 genu
1582 300 1610 324 et
1630 306 1702 334 gan
1713 294 1797 330 das,
1818 304 1902 334 gena.
1933 294 2048 329 Quibus

99 342 234 370 omnibus
258 338 431 370 connivendi
452 339 551 367 nativa
576 339 719 377 quaedam
742 349 777 366 ac
799 336 910 366 nitendi
931 335 1105 374 significatio
1129 336 1248 372 subest;
1275 337 1399 375 ipsaque
1422 337 1511 365 verba
1535 338 1630 366 nivere
1653 342 1682 366 et
1704 338 1759 366 niti
1781 347 1819 366 ex
1842 336 1944 365 eodem
1964 337 2048 365 fonte

99 384 169 413 duci
192 383 263 412 mihi
287 382 436 410 videntur.
481 381 523 410 Cf.
548 391 623 419 quae
647 381 708 409 dixi
733 381 769 409 ad
794 390 823 409 v.
849 378 962 409 Gnitus.

268 423 442 454 Gentilis.
485 424 591 452 Cicero
613 423 645 451 in
668 424 787 462 Topicis
810 433 847 451 ex
870 422 906 458 Q.
929 421 1070 449 Scaevola
1094 421 1131 456 (c.
1145 423 1204 458 6.):
1241 419 1368 450 Gentiles
1390 429 1471 457 sunt,
1494 422 1545 461 qui
1568 423 1642 450 inter
1663 433 1692 449 se
1713 420 1810 450 eodem
1835 421 1949 449 nomine
1971 428 2046 449 sunt.

99 469 168 498 Non
192 476 232 497 est
252 468 334 496 satis.
380 465 438 504 Qui
460 465 498 495 ab
522 466 653 505 ingenius
676 464 795 494 oriundi
816 471 891 494 sunt.
934 463 979 492 Ne
1001 462 1033 491 id
1052 462 1167 503 quidem
1191 464 1262 492 satis
1284 470 1335 493 est.
1382 462 1510 501 Quorum
1533 465 1677 493 maiorum
1700 474 1782 492 nemo
1805 464 1968 492 servitutem
1990 474 2047 491 ser-

98 512 177 541 vivit.
222 509 317 540 Abest
345 510 517 537 etiamnunc.
566 507 625 546 Qui
652 509 749 547 capite
771 506 898 536 nondum
922 512 988 535 sunt
1010 504 1159 534 deminuti.
1205 505 1275 534 Hoc
1292 504 1428 546 fortasse
1450 507 1521 534 satis
1544 513 1592 536 est.
1636 505 1724 534 Nilzil
1745 506 1818 533 enim
1842 504 1925 534 video
1949 504 2046 534 Scae-

98 552 195 582 volam
223 552 390 591 pontficem
420 549 460 579 ad
491 550 568 579 hanc
599 549 793 590 definitionem
826 547 984 577 addidisse.
1030 548 1148 585 Legitur
1177 548 1257 588 apud
1281 548 1452 576 Ciceronem
1475 547 1592 587 gentilis
1615 558 1668 586 pro
1693 548 1888 586 cognominis.
1911 548 1932 576 Ι.
1955 548 2044 576 Τυεο.

99 595 170 635 (16,
193 596 273 632 38.);
298 592 452 632 Regnante
470 591 575 632 gentili
596 603 675 630 meo,
701 593 737 621 de
760 592 848 620 Tullo
874 591 1049 619 Volscorum
1072 600 1147 628 rege.
1190 593 1230 619 De
1253 590 1423 619 discrimine
1445 591 1523 619 inter
1543 591 1666 629 gentiles
1689 595 1718 619 et
1740 595 1859 628 agnatos
1882 590 1950 618 vide
1974 590 2046 618 iuris

99 642 356 666 commentatores.
380 635 466 664 Dac.
512 635 584 663 Vide
608 635 626 664 l.
651 645 744 674 saepe.
766 636 816 667 53.
829 634 858 663 ff.
882 633 918 662 de
940 633 1023 662 verb.
1048 633 1146 671 signif.
1197 632 1303 663 Goth.

268 685 446 715 Genialis
472 684 605 714 lectus.
651 686 690 714 De
721 696 755 714 eo
780 684 927 714 Arnobius
956 689 1060 713 contra
1092 689 1200 723 gentes.
1248 684 1430 712 Describitur
1455 683 1570 722 prolixe
1592 695 1607 712 a
1631 684 1747 712 Catullo
1773 683 1808 711 de
1834 681 1944 721 nuptiis
1968 682 2047 710 Pelei

98 735 127 760 et
154 729 298 759 Thetidis.
352 730 488 757 Glossae:
539 726 671 756 Genialis
706 727 795 758 lectus
831 728 914 766 κλίνη
951 728 1129 766 συμποσίου.
1174 727 1241 755 Non
1277 727 1312 755 de
1349 726 1451 755 eodem
1486 727 1642 755 intellexit.
1693 726 1768 754 Nam
1798 724 1921 763 genialis
1949 724 2046 752 lectus

98 773 287 801 sternebatur
311 772 404 800 Genio
429 775 456 799 et
480 770 595 799 Iunoni.
628 769 729 800 Scal.
774 771 894 798 Servius
918 769 950 798 V.
973 770 1094 799 Aeneid.
1116 769 1173 809 (ad
1196 770 1315 806 lib.Vl,
1338 771 1439 806 603.):
1482 767 1614 797 Geniales
1637 768 1740 808 (lecti)
1761 768 1878 807 proprie
1899 765 2046 803 dicuntur,

97 816 149 855 qui
174 821 339 844 sternuntur
366 812 473 854 puellis
503 812 684 842 nubentibus.
731 813 874 851 Apuleius
898 812 990 843 Miles.
1009 814 1063 841 X.:
1097 811 1134 841 Et
1158 813 1218 841 iam
1242 820 1321 841 torus
1339 810 1465 850 genialis
1486 809 1596 839 scilicet
1619 819 1714 839 noster
1732 810 1853 850 futurus
1877 809 2043 837 accuratis-

97 859 168 886 sime
191 855 420 892 desternehatur,
458 855 548 885 lectus
572 853 678 884 Indica
701 854 842 884 testudine
861 853 1046 894 perlucidus,
1086 854 1204 894 plumea
1228 855 1359 893 congerie
1381 851 1526 887 tumidus,
1565 861 1638 881 veste
1660 852 1759 882 Serica
1785 850 1920 892 floridus.
1955 850 2040 880 Dac.

97 899 173 929 Vide
197 899 326 928 Nonium
351 899 431 938 (pag.
448 901 516 930 117.
541 898 643 935 merc.)
668 898 698 926 in
725 896 866 927 Geniales.
892 895 999 928 Goth.
1040 897 1159 938 Nuptiis
1183 908 1239 926 om.
1263 897 1395 925 Ursinus.
1441 894 1551 924 Idem.

268 948 364 978 Gens
385 947 509 978 Aelia.
558 948 650 984 Quasi
676 959 750 978 vero
779 948 854 977 illud
878 948 976 977 Aeliae
998 949 1092 987 gentis
1116 949 1273 987 proprium
1296 948 1349 984 sit,
1384 952 1417 975 ut
1440 947 1470 975 in
1494 946 1617 974 familias
1640 945 1804 981 dividatur,
1840 948 1869 972 et
1892 953 1950 971 non
1973 943 2045 971 reli-

97 1001 222 1030 quarum
247 992 387 1021 omnium.
435 991 513 1026 Quid
537 991 650 1027 igitur?
680 992 770 1029 Lege:
802 990 878 1020 Gens
900 990 954 1019 illa
978 1002 1045 1031 app.
1069 996 1122 1020 etc.
1172 989 1248 1020 Gens
1271 1000 1377 1018 nomen
1403 995 1445 1018 est
1469 989 1603 1027 geneiale
1627 994 1654 1016 et
1678 989 1802 1016 familias
1827 986 2045 1025 complectitur.

96 1033 267 1073 Aliquando
289 1039 387 1063 tamen
411 1034 522 1062 familia
549 1034 636 1062 latius
664 1039 746 1072 patet
775 1038 802 1062 et
832 1039 947 1071 gentem
977 1033 1132 1072 significat.
1177 1033 1250 1061 Vide
1271 1031 1410 1061 Familia.
1440 1032 1526 1060 Dac-
1576 1032 1648 1059 Vide
1671 1031 1746 1058 infra
1772 1031 1884 1068 Ingens.
1930 1028 2045 1056 Livium

96 1077 147 1106 lib.
160 1077 209 1106 IV.
231 1075 320 1116 (init.)
344 1077 374 1104 L.
394 1079 418 1106 1.
434 1076 461 1105 ff.
488 1076 523 1105 de
546 1076 662 1114 probat.
691 1075 795 1106 Goth.
833 1077 876 1105 Cf.
900 1076 1039 1114 Sigonius
1063 1076 1100 1105 ad
1123 1075 1258 1111 Liv.1V‚
1284 1076 1348 1104 init.
1373 1080 1401 1104 et
1422 1075 1451 1103 in
1475 1075 1551 1102 libro
1575 1074 1610 1101 de
1633 1073 1716 1102 Nom.
1742 1074 1948 1101 Romanorum.
1980 1071 2045 1099 Vox

97 1126 143 1149 est
165 1119 317 1148 Sanscrita
341 1118 504 1155 dschanas,
529 1129 565 1147 ex
589 1129 645 1157 qua
670 1119 765 1147 Latini
788 1119 980 1148 contractiori
1003 1119 1096 1148 forma
1118 1130 1203 1158 gens,
1228 1123 1260 1146 ut
1284 1128 1320 1146 ex
1343 1128 1472 1146 manas
1493 1128 1587 1152 mens,
1612 1114 1751 1144 dantus
1773 1113 1856 1149 dens,
1880 1113 1945 1143 alia.

264 1168 435 1199 Gerusia.
481 1171 644 1209 Γερουσὶα,
669 1171 805 1200 Senatus.
838 1170 991 1200 Plutarch.
1025 1171 1068 1199 An
1092 1170 1155 1199 seni
1178 1169 1401 1198 administrand.
1425 1170 1512 1207 Resp.
1535 1168 1674 1202 (c.10.):
1694 1163 1733 1194 Ἡ
1751 1164 1781 1195 δὲ
1800 1162 1951 1203 Ῥωμαίων
1974 1161 2045 1204 σύγ-

95 1217 201 1252 κλητος
223 1211 290 1252 ἄχρι
314 1215 368 1243 miv
392 1214 533 1252 γερουσία
557 1216 696 1243 καλεῖται.
742 1212 886 1251 Hesych:
920 1213 1156 1253 Πρεσβυτέριον,
1181 1215 1301 1252 πλῆθος
1323 1209 1478 1252 γερόντων.
1523 1210 1611 1240 Dac.

265 1262 424 1292 Genuini
453 1261 588 1291 dentes.
633 1264 745 1292 Graece
775 1267 1035 1304 σωφρονισπῆρες,
1075 1263 1157 1303 quod
1187 1263 1334 1304 prudente
1361 1267 1389 1291 et
1411 1262 1544 1302 perfecto
1574 1260 1691 1289 homine
1721 1262 1887 1288 nascantur.
1928 1256 2042 1285 Gloss.:

100 1304 240 1342 Genuini,
264 1307 516 1345 σωφρονιστῆρες.
542 1306 631 1334 Item:
658 1304 837 1342 Geminum,
861 1303 970 1337 ὀδόντα
993 1304 1099 1345 μύλην.
1129 1306 1154 1335 Α
1174 1308 1257 1346 genis
1280 1305 1351 1335 dicti
1370 1306 1498 1345 genuini.
1528 1304 1654 1342 interpr.
1677 1302 1782 1330 Persii:
1810 1299 1955 1329 Genuinus
1974 1308 2042 1338 pro-

92 1349 157 1387 prie
177 1346 262 1384 dens,
291 1348 343 1387 qui
364 1346 417 1376 sub
438 1349 519 1387 genis
541 1355 590 1377 est.
636 1348 694 1376 Alii
718 1359 733 1377 a
754 1359 829 1387 geno
851 1349 956 1386 gigno,
980 1359 1017 1377 ex
1040 1350 1115 1378 Plin.
1141 1349 1192 1378 lib.
1206 1350 1242 1379 ΙΙ.
1266 1360 1290 1379 c,
1307 1351 1372 1380 37.:
1407 1346 1548 1383 Homini,
1578 1346 1690 1385 inquit,
1722 1343 1887 1379 novissimi,
1916 1342 1967 1381 qui
1985 1351 2042 1380 ge-

95 1390 178 1419 nuini
198 1397 358 1426 vocantur,
383 1390 498 1419 circiter
518 1390 686 1429 vigesimum
709 1402 817 1419 annum
838 1391 1017 1431 gignuntur,
1039 1391 1140 1420 multis
1161 1399 1187 1420 et
1210 1392 1396 1431 octogesimo.
1442 1390 1530 1419 Dac.

260 1440 401 1470 Gestus.
445 1440 595 1471 Substant.
620 1444 734 1481 σχῆμα,
759 1441 855 1478 εἰδέα,
879 1442 1060 1482 χειροθεσία.
1086 1442 1183 1472 Gloss.
1229 1442 1318 1472 Dae.

261 1490 422 1520 Genium.
464 1492 603 1521 Aurelius
620 1493 816 1531 Augustinus:
844 1491 952 1521 Genius
974 1499 1014 1521 est
1038 1491 1122 1530 deus,
1146 1493 1198 1534 qui
1216 1493 1400 1533 praepositus
1423 1498 1463 1520 est
1485 1501 1521 1520 ac
1542 1490 1600 1518 vim
1623 1487 1709 1517 hahet
1729 1487 1856 1516 omnium
1881 1496 1973 1513 rerum
1992 1485 2043 1524 gi-

91 1532 282 1573 gnendarum.
306 1534 380 1562 Vide
397 1534 542 1563 Geniales.
566 1534 653 1564 Dac.
681 1533 797 1564 Genius.
826 1534 986 1563 Luberius:
1015 1533 1122 1564 Genius
1137 1536 1250 1574 generis
1267 1536 1360 1564 nostri
1372 1545 1488 1574 parens.
1513 1530 1615 1562 Scal.
1645 1530 1714 1560 Alii
1733 1529 1858 1569 genium.
1882 1528 2003 1556 Servius
2019 1526 2042 1558 Ι.

94 1577 199 1614 Georg.
224 1576 271 1615 (v.
287 1578 392 1613 302.):
437 1575 559 1605 Genium
587 1584 683 1606 autem
712 1575 847 1606 diceBant
875 1577 991 1616 antiqui
1019 1575 1183 1605 naturalem
1207 1576 1291 1605 deum
1313 1577 1538 1616 uniuscuiusque
1559 1573 1638 1611 loci,
1675 1571 1721 1602 vel
1742 1572 1797 1608 rei,
1835 1578 1884 1600 aut
1907 1569 2041 1599 hominis.

94 1619 165 1648 Inde
188 1618 268 1657 apud
290 1618 394 1656 virgil.
419 1618 491 1648 Aen.
511 1618 550 1656 V,
574 1617 669 1658 (95.):

671 1660 802 1690 Incertus
827 1658 982 1690 Geniumve
1004 1658 1065 1690 loci
1083 1659 1265 1700 famulumve
1283 1661 1413 1701 parentis

671 1702 741 1732 Esse
757 1710 846 1742 putet.

98 1752 152 1781 Ubi
175 1752 311 1781 Servius:
347 1751 457 1782 Nullus
485 1754 558 1782 enim
589 1752 672 1783 locus
701 1755 763 1783 sine
787 1754 873 1793 genio
893 1761 948 1791 est,
983 1754 1034 1794 qui
1053 1765 1106 1793 per
1127 1765 1247 1794 anguem
1268 1752 1438 1794 plerumque
1459 1750 1627 1782 ostenditur.
1673 1749 1780 1779 Genios
1804 1748 1909 1778 Graeci
1931 1753 2042 1776 vocant

94 1795 255 1835 ἐγχωρίους
276 1792 385 1831 θεοὺς,
409 1796 570 1834 δαίμονας,
592 1794 703 1836 ἥρωας.
747 1795 833 1824 Dae.

263 1843 364 1874 Germ
374 1856 423 1875 en.
468 1845 493 1874 A
507 1858 576 1886 gero
591 1857 647 1886 pro
661 1858 751 1886 geno,
771 1847 916 1886 gerimen,
936 1858 1061 1885 germen.
1094 1847 1166 1876 Inde
1185 1847 1332 1886 germani,
1357 1846 1406 1884 qui
1431 1856 1468 1874 ex
1491 1845 1592 1873 eodem
1616 1844 1742 1879 semine,
1764 1853 1799 1871 ex
1822 1841 1923 1870 eadem
1939 1841 2040 1878 stirpe.

94 1890 131 1917 Et
153 1888 282 1925 germani
304 1888 425 1927 proprie
449 1889 607 1926 dicuntur,
639 1892 689 1928 qui
712 1890 837 1919 eundem
861 1888 971 1917 habent
995 1894 1125 1927 patrem,
1157 1890 1219 1918 sive
1241 1891 1260 1918 ii
1286 1899 1471 1918 communem
1494 1892 1616 1916 matrem
1637 1886 1781 1920 habeant,
1814 1883 1962 1922 quomodo
1985 1883 2040 1910 Te-

93 1931 221 1968 rentius,
253 1931 356 1959 Cicero
379 1935 409 1958 et
430 1931 480 1959 alii
499 1943 705 1971 germanorum
727 1942 801 1960 voce
822 1933 864 1960 uti
886 1932 997 1966 solent3
1028 1932 1091 1960 sive
1114 1932 1275 1969 diversam,
1305 1932 1354 1970 qui
1380 1930 1588 1969 consanguinei
1607 1929 1680 1958 dicti
1703 1933 1781 1957 sunt.
1826 1927 1919 1955 Aliter
1941 1929 2038 1953 tamen

95 1974 187 2002 Varro
210 1974 240 2001 in
265 1973 316 2001 lib.
341 1973 377 2001 de
399 1974 554 2010 gradibus:
587 1973 764 2011 Germanus,
788 1974 899 2012 inquit,
923 1984 963 2002 ex
985 1972 1083 2002 eadem
1104 1975 1244 2014 genitrice
1266 1982 1351 2003 natus
1374 1981 1428 2010 est,
1451 1983 1526 2009 non,
1549 1978 1580 2001 ui
1603 1970 1703 2009 multi,
1728 1968 1762 1998 de
1782 1966 1880 1998 eodem
1898 1967 2036 2007 germine,

93 2017 143 2056 qui
165 2023 277 2044 tantum
290 2014 408 2057 fratres
431 2014 577 2045 dicuntur.
621 2017 679 2045 Sed
703 2027 778 2045 vana
801 2022 844 2046 est
868 2015 940 2045 haec
960 2016 1103 2044 Varronis
1127 2017 1308 2053 differentia,
1329 2027 1383 2045 nec
1405 2015 1521 2044 idoneis
1545 2014 1699 2044 autoribus
1721 2012 1887 2041 observata.
1918 2010 2035 2038 Terent.

92 2058 219 2097 Adelph.
243 2058 300 2095 (11,
324 2060 358 2094 4,
381 2058 443 2095 5-):

584 2100 626 2129 Te
646 2099 769 2129 habeam
781 2100 930 2142 fratrem,
963 2112 979 2130 ο
1002 2101 1043 2129 mi
1064 2100 1227 2138 Aeschine,
1259 2112 1276 2131 ο
1297 2101 1338 2130 mi
1356 2111 1501 2140 germane.

94 2150 195 2180 Frater
217 2161 324 2179 nomen
347 2151 481 2188 generale
504 2155 548 2179 est
571 2156 600 2180 et
622 2151 754 2180 continet
765 2150 883 2192 fratres
902 2162 1069 2191 germanos,
1095 2150 1212 2192 fratres
1236 2151 1481 2191 consanguineos,
1511 2150 1562 2188 qui
1585 2159 1621 2178 ex
1643 2158 1702 2177 uno
1727 2152 1808 2186 patre
1831 2145 1893 2174 nati
1914 2150 1984 2173 sunt
2006 2150 2036 2173 et

92 2198 200 2222 matres
222 2194 354 2222 diversas
377 2192 500 2230 habent3
519 2192 636 2234 fratres
658 2195 800 2227 uterinos,
824 2194 874 2231 qui
897 2205 932 2222 ex
956 2194 1056 2222 eadem
1081 2198 1195 2222 tantum
1218 2199 1310 2222 matre
1333 2194 1422 2232 geniti
1444 2198 1530 2231 sunt3
1560 2196 1589 2221 et
1601 2189 1719 2233 fratres
1738 2187 1900 2230 patrueles,
1924 2188 1974 2226 qui
1998 2197 2034 2215 ex

92 2236 210 2264 duobus
239 2235 383 2264 fratribus
411 2237 574 2275 procreati.
606 2235 658 2264 Da
669 2247 692 2264 c.
741 2237 828 2264 necte
854 2236 1020 2265 Doederlin.
1044 2237 1155 2274 Synon.
1182 2237 1274 2265 Latin.
1290 2237 1346 2272 ΙΙΙ,
1369 2247 1433 2275 pag.
1445 2236 1496 2268 74.
1521 2245 1635 2274 germen
1658 2238 1685 2263 et
1706 2231 1795 2262 herba
1818 2230 1948 2260 eiusdem
1972 2238 2032 2258 esse

92 2278 214 2317 originis
235 2278 411 2317 suspicatur.
457 2278 621 2315 Utrumque
643 2278 719 2306 enim
743 2289 757 2307 a
782 2278 896 2307 Graeco
919 2279 1040 2318 φέρβω,
1064 2279 1142 2307 unde
1165 2277 1284 2319 φορβή,
1309 2278 1413 2315 herba,
1436 2283 1465 2307 et
1486 2278 1600 2316 φέρμα,
1620 2287 1746 2316 germen.

257 2327 442 2357 Gemursa.
472 2329 547 2357 Plin.
571 2328 621 2357 lib.
635 2329 741 2357 XXVI.
766 2339 829 2367 cap.
845 2333 887 2361 1.:
913 2328 947 2357 Et
971 2329 1038 2358 bene
1060 2328 1175 2369 quidem
1200 2330 1318 2360 morbus
1340 2328 1467 2359 celeriter
1488 2329 1518 2357 in
1542 2325 1634 2356 Italia
1657 2327 1809 2355 restinctus
1831 2333 1886 2359 est,
1910 2324 1982 2350 sicut
2003 2327 2028 2347 Α

90 2368 156 2408 ille,
179 2382 263 2411 quem
283 2381 449 2410 gemursam
472 2370 654 2411 appellavere
673 2372 781 2411 prisci,
804 2372 878 2401 inter
900 2370 1008 2412 digitos
1027 2371 1134 2411 pedum
1157 2380 1336 2411 nascentem,
1359 2372 1445 2402 etiam
1467 2371 1582 2400 nomine
1604 2369 1767 2400 obliterato.
1814 2367 1896 2395 Dac-
