2263 2668
227 185 302 219 444
655 178 998 214 COMMENTARII
1024 177 1072 211 IN
1098 177 1243 212 PAULI
1268 178 1464 214 DIACONI
1489 180 1741 216 EXCERPTA

393 273 604 305 Galliocae.
649 272 794 300 Glossar.:
828 268 1003 299 Guilliciola
1025 270 1133 300 cortice
1155 272 1239 301 nucis
1260 270 1411 311 iuglandis
1432 271 1537 309 viridi,
1559 285 1611 312 per
1632 284 1714 314 quem
1738 284 1843 313 corpus
1863 273 2018 306 humanum
2040 276 2166 317 intelligi

227 318 298 349 vult.
321 317 419 346 Fulv.
447 315 524 344 Urs.
569 314 643 342 Vide
672 313 774 343 eadem
803 313 894 342 verbo
920 311 1045 343 Culiola.
1067 312 1153 342 Ant.
1175 314 1267 354 Aug.
1314 314 1449 343 Glossae:
1490 314 1618 344 Gulluca
1646 316 1849 356 καροιοτομία
1870 322 1898 346 et
1916 318 2088 356 gutilliocae
2109 319 2166 351 κά-

227 373 296 400 poia
322 356 434 399 μακρά,
468 356 550 396 παρὰ
580 356 756 395 Λουκιλλίῳ.
806 356 894 392 Lege:
938 353 1064 383 Gulioca
1097 358 1291 394 καρυοεομία.
1353 355 1523 393 Gammae,
1562 355 1661 396 κάρυα
1689 355 1797 397 μακρά.
1849 359 1889 388 De
1917 360 2012 398 longis
2041 363 2166 391 nucibus

227 404 296 432 alibi
319 402 387 430 satis
410 399 548 428 diximus.
573 397 674 428 Scal.
706 399 796 436 Lege:
822 396 958 427 Gallicae
973 397 1022 425 vel
1035 396 1186 437 gulliolae.
1209 399 1296 429 Duc.
1331 399 1516 429 Descendere
1539 400 1657 429 videtur
1674 411 1689 429 a
1704 401 1854 430 Sanscrita
1875 402 1975 431 radice
1995 402 2061 441 hul,
2084 405 2167 444 quod

226 444 333 481 velare,
357 441 513 480 significat,
537 441 710 470 Germanice
732 439 839 469 lziillen.

390 483 642 514 Gutturnium.
688 483 823 512 Glossae:
855 480 1046 518 Gutturnum,
1075 479 1155 518 εἶδος
1177 481 1305 517 σκεύους
1327 481 1516 520 ὄστρακίνου.
1556 483 1762 522 Gutturnium,
1784 482 1921 525 βαθμός,
1944 485 2104 527 προκοπή,
2125 485 2168 525 οἷς

226 526 362 567 Βάῤῥων.
401 526 543 555 Ultimum
567 526 687 554 videtur
709 525 839 563 dictum,
863 524 945 563 quod
967 524 1103 562 guttatim
1124 525 1184 555 fiat.
1208 524 1306 555 Scal.
1345 525 1418 554 Vide
1443 524 1621 556 Coturnium.
1666 527 1756 557 Dac.

392 567 590 598 Gaudium.
633 569 694 597 lmo
719 568 819 606 potius
840 578 856 596 a
879 566 996 606 γαθέω,
1034 567 1097 596 sive
1119 569 1219 606 potius
1242 578 1257 596 a
1281 567 1390 607 γαδὲω,
1423 568 1535 605 laetor,
1565 570 1689 607 gaudeo.
1718 569 1805 599 Dae.
1850 569 1875 599 A
1898 571 2046 599 Sanscrita
2068 571 2168 602 radice

225 609 313 647 blad,
344 611 467 649 gaudeo.
513 611 669 648 Anglicum
689 609 763 650 glad
785 610 914 639 contulit
936 610 1031 648 Bopp.
1056 610 1186 640 Glossar.
1209 611 1325 639 Sanscr.
1348 620 1414 650 pag.
1427 613 1499 642 209.
1544 611 1590 640 Ex
1609 611 1685 652 glad
1707 613 1785 642 enim
1807 612 1844 641 sit
1862 611 1954 652 gold,
1988 613 2057 643 iude
2076 613 2167 654 gaud,

225 659 258 682 ut
280 664 314 682 ex
327 652 448 695 falsus,
468 653 593 695 fausse‚
607 653 706 695 faucr.

391 694 519 725 Genus.
564 696 587 724 A
610 699 649 736 γῆ
670 700 767 731 terra,
797 694 879 732 quod
902 704 917 722 e
938 698 1016 722 terra
1039 694 1135 723 omnia
1158 699 1227 723 nata
1251 694 1317 725 sint.
1362 694 1419 723 Sed
1443 704 1528 724 nemo
1551 696 1660 734 nescit,
1689 707 1751 726 esse
1775 708 1790 725 a
1812 696 1914 738 γένος,
1940 697 2020 736 quod
2042 708 2057 726 a
2081 697 2168 739 γέμω,

227 738 305 767 uude
324 749 408 777 geno.
431 738 520 768 Dae.
554 737 659 767 Genus.
683 738 770 766 Gens.
796 735 900 766 Goth.
932 738 1019 774 Γῆν.
1044 737 1144 773 Γὲνος.
1168 736 1276 766 Idem.
1315 737 1341 765 A
1364 737 1513 766 Sanscrita
1536 738 1636 767 radice
1659 738 1789 777 dschan,
1814 750 1972 778 generare,
1995 740 2092 777 nasci,
2115 740 2170 770 de-

226 781 341 809 seendit
364 779 524 816 dsclzmaas,
553 790 640 818 gens,
670 791 770 819 genus.
816 779 889 807 Inde
911 779 1036 808 veniunt
1058 780 1212 820 γίγνομαι,
1238 779 1339 820 γένος,
1365 778 1502 820 γνήσιος,
1526 781 1629 819 gigno,
1653 791 1742 819 geno,
1767 792 1907 820 gnascor,
1930 786 2053 820 gnatus,
2073 782 2169 812 kunni

226 823 349 862 (goth),
378 833 504 859 cunnus,
527 821 598 851 kind
621 824 733 861 (germ.)
756 821 836 861 quod
860 820 934 850 nihil
957 826 1000 850 est
1020 821 1076 851 nisi
1096 821 1218 862 gen1(is)
1241 822 1259 852 i.
1279 832 1302 850 e.
1325 832 1404 860 gens.
1450 823 1495 852 Cf.
1516 823 1610 863 Bopp.
1635 824 1730 853 Gloss.
1754 826 1869 856 Sauscr.
1887 827 1960 858 209.

392 871 467 902 Gan
477 873 586 903 nitio,
629 874 654 902 A
676 871 846 914 γάννυσθαι
868 873 1014 911 gaudere,
1036 873 1158 912 proprie
1180 874 1216 902 de
1239 873 1377 910 canibus,
1401 874 1469 912 qui,
1493 878 1525 903 ut
1548 874 1588 903 ait
1609 874 1764 904 Lueretius
1787 873 1845 916 (V,
1868 874 1972 916 966.):

906 932 948 937 —
989 931 1031 936 —
1071 916 1197 955 gannitu
1218 917 1298 946 vocis
1321 915 1455 945 adulant.

226 958 355 994 Quidam
377 957 516 996 vulpibus
541 958 627 987 etiam
651 959 826 988 attribuunt.
870 957 956 987 Dac.

390 998 531 1030 Gesum.
576 1001 665 1039 Lege:
709 1000 830 1037 Gesum,
863 1011 951 1040 grave
973 998 1112 1029 iaculum.
1156 1001 1251 1030 Varro
1274 1000 1311 1029 de
1333 1001 1393 1029 vita
1416 1011 1488 1040 pop.
1512 1002 1595 1030 Rom.
1618 1001 1670 1032 lib.
1683 1002 1747 1031 III.:
1787 1000 1846 1041 Qui
1864 1000 1977 1041 gladiis
1998 1001 2089 1031 cincti
2110 1001 2170 1030 sine

224 1049 306 1071 scuto
330 1053 395 1071 cum
418 1041 494 1071 binis
513 1043 589 1082 gesis
611 1051 710 1073 essent.
754 1043 900 1071 Isidorus:
937 1041 1058 1079 Cesum,
1089 1042 1190 1081 hasta,
1221 1042 1368 1080 iaculum,
1400 1045 1514 1083 βολίς.
1541 1043 1642 1073 Scal.
1690 1045 1816 1082 Gesum,
1852 1054 1969 1083 gessum
1990 1049 2019 1073 et
2041 1053 2170 1081 gaesum.

226 1085 352 1120 Quidam
375 1084 488 1113 hastam
511 1086 753 1125 interpretantur.
800 1086 921 1114 Servius
940 1084 1001 1115 VII.
1025 1085 1162 1115 Aeneid.:
1199 1084 1298 1115 Pilum
1322 1086 1442 1125 proprie
1469 1093 1510 1115 est
1532 1086 1618 1115 hasta
1639 1086 1795 1124 Romana,
1834 1094 1865 1116 ut
1889 1085 1979 1116 Gessa
2004 1084 2170 1122 Gallorum,

225 1126 358 1156 Sarissae
381 1125 591 1158 Macedonum.
637 1129 760 1157 Suidas:
795 1131 888 1158 Γαῖσα
909 1127 958 1157 καὶ
980 1125 1083 1167 γαισὸς
1105 1129 1221 1165 κοντίς,
1246 1126 1325 1164 εἶδος
1348 1125 1552 1169 ἀμυντηρίων,
1580 1127 1647 1160 οἷον
1670 1128 1804 1169 δόρατος.
1848 1129 1906 1159 Sed
1930 1129 2034 1158 melius
2056 1128 2170 1165 Festus,

225 1170 276 1208 qui
299 1170 430 1198 iaculum
454 1169 526 1198 dicit
548 1180 653 1208 grave,
677 1171 757 1209 quod
781 1175 876 1200 totum
900 1174 975 1198 esset
997 1171 1136 1202 ferreum.
1180 1170 1325 1210 Hesych.:
1358 1169 1484 1208 Γαισὸς,
1509 1169 1650 1211 ἐμβόλων
1673 1169 1861 1212 ὁλοσίδηρον.
1905 1172 1943 1201 Et
1964 1171 2059 1200 iacula
2081 1170 2171 1199 fuisse

226 1212 273 1241 vel
297 1211 368 1240 hinc
391 1217 522 1249 constat,
548 1213 629 1252 quod
652 1214 720 1242 bina
742 1213 881 1252 gerebant
903 1212 1019 1251 singuli.
1063 1213 1167 1251 virgil.
1181 1213 1243 1244 Vll.
1267 1213 1341 1242 Aen.
1364 1213 1458 1253 (vm,
1481 1213 1583 1252 661.):

844 1275 882 1278 —
908 1273 945 1276 ——
974 1274 1005 1278 -
1043 1254 1111 1284 Duo
1134 1256 1254 1296 quisque
1275 1255 1391 1296 Alpina
1414 1263 1551 1286 coruscat

847 1297 919 1327 Gesa
942 1309 1039 1327 manu.

226 1338 313 1374 Quod
335 1339 411 1368 idem
438 1339 506 1368 alibi
530 1340 617 1378 (Aen.
633 1341 660 1378 Ι,
685 1340 770 1381 313.)
795 1340 830 1369 de
852 1339 970 1370 hastili.-

841 1381 920 1411 Bina
942 1393 1030 1411 manu
1053 1380 1115 1412 lato
1138 1383 1270 1421 crispans
1292 1381 1414 1412 hastilia
1427 1381 1527 1424 ferro.

227 1421 350 1452 Gaesum
381 1428 477 1453 autem
501 1425 643 1454 Gallicam
671 1435 775 1453 vocem
803 1429 927 1463 putant,
962 1425 1010 1454 vel
1041 1425 1128 1453 etiam
1156 1425 1353 1464 Hispanicam.
1397 1425 1441 1453 Ab
1464 1424 1606 1463 Hispanis
1636 1424 1712 1453 enim
1739 1435 1829 1463 gaesa
1849 1424 2000 1463 accepisse
2023 1424 2170 1452 Romanos

225 1465 313 1494 docet
335 1466 513 1498 Athenaeus.
558 1468 778 1497 illustrissimus
800 1467 967 1496 Bochartus
988 1478 1086 1507 gesum
1108 1472 1208 1505 putat,
1239 1468 1319 1506 quod
1342 1467 1495 1496 Chaldaeis
1515 1467 1600 1505 gisa,
1627 1467 1677 1495 vel
1700 1466 1841 1496 Hebraeis
1864 1466 1957 1502 elicis,
1983 1466 2104 1505 sagitta,
2129 1466 2172 1494 ia-

225 1509 334 1537 culum.
375 1510 450 1538 Nam
473 1509 535 1539 clzet
556 1510 656 1539 littera
678 1514 811 1538 mutatur
833 1510 861 1538 in
878 1522 908 1549 g.
932 1509 1020 1539 Dac.
1057 1509 1131 1539 Vide
1154 1510 1281 1539 Nonium
1303 1511 1385 1549 (pag.
1397 1510 1470 1542 555.
1493 1509 1597 1545 Merc.)
1620 1509 1650 1537 in
1675 1507 1760 1541 Gesa.
1786 1507 1889 1539 Goth.
1930 1508 2035 1538 Gesum
2058 1513 2101 1537 est
2119 1519 2171 1548 ges

224 1550 252 1579 h.
277 1561 300 1580 e.
323 1563 419 1591 gives,
438 1563 533 1591 ὅταν,
555 1552 647 1590 wehr,
669 1553 688 1581 i.
712 1562 736 1581 e.
760 1552 861 1587 wass'e,
885 1550 995 1588 ὅπλον,
1019 1562 1115 1587 arma,
1136 1552 1277 1582 iaculum.

389 1592 645 1633 Gurgustium.
691 1594 772 1630 Quin
789 1599 817 1622 et
832 1594 979 1632 gurgulio.
1012 1594 1136 1622 Glossae
1159 1594 1235 1622 enim
1257 1595 1493 1633 interpretantur
1512 1592 1690 1632 οἰκημάτων
1711 1590 1814 1633 βραχύ.
1838 1591 1939 1623 Scal.
1970 1593 2080 1622 Tamen
2099 1604 2170 1632 gur-

224 1637 347 1673 gustium
371 1635 473 1674 potius
497 1647 512 1664 a
532 1638 660 1676 gurgite,
688 1637 772 1675 quasi
792 1637 976 1675 gurgistium.
1020 1636 1093 1664 Nam
1117 1636 1239 1675 proprie
1257 1636 1441 1676 gurgustium
1463 1635 1585 1664 taberna
1608 1636 1732 1664 obscura
1755 1641 1785 1664 et
1807 1636 1910 1665 latens.
1955 1635 2044 1665 Dac-

392 1676 588 1707 Gricenea.
636 1679 708 1708 Mihi
729 1679 847 1707 omnino
870 1679 969 1716 ignota
993 1688 1062 1706 vox.
1103 1679 1244 1717 Adeoque
1268 1679 1318 1707 hic
1341 1677 1414 1706 nihil
1437 1678 1487 1707 vel
1509 1678 1664 1707 immutare
1687 1678 1810 1706 audeam
1833 1678 1882 1706 vel
1904 1682 2027 1708 tentare.
2060 1677 2150 1707 Dae.

390 1718 549 1750 Grande.
595 1721 668 1752 Plin,
692 1721 743 1750 lib.
756 1721 791 1749 Il.
815 1731 880 1759 cap.
893 1722 957 1752 60.:
986 1719 1165 1749 Grandinem
1189 1720 1375 1761 conglaciato
1398 1720 1489 1749 imbre
1508 1721 1609 1760 gigni,
1631 1728 1657 1749 et
1680 1722 1770 1749 nivem
1793 1719 1892 1749 eodem
1915 1720 2034 1748 humore
2053 1718 2173 1748 mollius

227 1768 344 1797 coacto,
365 1763 503 1801 pruinam
525 1769 621 1792 autem
642 1775 683 1793 ex
706 1775 769 1794 rore
786 1762 895 1803 gelido.
927 1761 1048 1792 Grande
1071 1768 1168 1792 autem
1192 1774 1207 1791 a
1227 1762 1352 1803 grandis
1374 1763 1487 1792 Festus.
1518 1763 1576 1792 Sed
1598 1763 1702 1792 melius
1724 1763 1855 1792 Isidorus
1877 1763 1928 1792 lib.
1944 1762 2023 1790 XIII.
2043 1771 2108 1800 cap.
2122 1763 2172 1792 10.

229 1812 243 1828 a
265 1814 428 1875 &Eanum'G
440 1805 519 1833 unde
542 1810 571 1834 et
590 1805 725 1844 grandis.
754 1805 845 1836 Dac.
888 1805 953 1834 Hoc
976 1805 1099 1835 verbum
1123 1806 1278 1835 masculini
1301 1811 1331 1836 et
1352 1805 1504 1835 foeminini
1527 1806 1643 1844 generis
1666 1816 1727 1835 esse
1751 1805 1862 1834 Nonius
1883 1805 1964 1844 (pag.
1976 1806 2046 1836 208.
2070 1801 2172 1842 Mero.)

230 1844 284 1872 scri
306 1845 328 1874 it
348 1845 378 1874 in
430 1846 531 1876 tando.
578 1846 682 1879 Goth.

774 1942 1623 1977 ADLIBRUMVIII.

255 2051 260 2056 Π
394 2012 553 2045 Herham
585 2016 639 2048 do.
685 2018 759 2047 Nam
780 2029 867 2048 nemo
890 2022 1008 2057 poterat
1029 2018 1089 2047 dici
1111 2018 1223 2054 victor,
1260 2018 1316 2047 nisi
1336 2018 1420 2058 prius
1441 2018 1482 2054 is,
1511 2027 1599 2056 quem
1621 2016 1758 2054 vicisset,
1794 2027 1824 2046 se
1846 2017 1958 2046 victum
1980 2016 2123 2046 fateretur
2143 2019 2174 2044 et

234 2055 344 2080 victum
366 2063 541 2090 agnosceret.
584 2060 711 2089 Ennius:

641 2110 700 2149 Qui
721 2113 808 2149 vicit,
839 2123 896 2141 non
919 2119 960 2140 est
981 2112 1092 2149 victor,
1125 2112 1181 2140 nisi
1202 2111 1290 2141 victu'
1303 2109 1432 2151 fatetur.

235 2152 350 2181 Citatur
372 2153 402 2181 in
424 2153 591 2192 fragmentis
611 2161 719 2197 Servii,
744 2173 819 2201 quae
842 2167 943 2191 extant
965 2162 996 2191 in
1019 2162 1128 2202 pluteis
1153 2162 1183 2191 P.
1207 2161 1346 2191 Danielis.
1393 2161 1502 2191 Versus
1524 2171 1595 2191 vero
1618 2160 1710 2197 Attii,
1739 2161 1790 2199 qui
1813 2160 1943 2189 citantur
1964 2169 2001 2188 ex
2023 2159 2171 2197 Meleagro

234 2205 250 2222 a
272 2195 367 2224 Nonio
391 2196 549 2234 (pag.317.
569 2200 685 2241 Merc.),
709 2204 782 2233 nihil
805 2205 842 2234 ad
864 2216 943 2242 rem;
968 2205 1028 2234 imo
1052 2210 1157 2233 contra
1179 2205 1354 2234 senteutiam
1377 2203 1472 2243 ipsius
1493 2204 1596 2241 Nonii,
1620 2204 1672 2242 qui
1695 2213 1745 2232 eos
1767 2203 1804 2232 ad
1827 2202 1886 2231 hoc
1907 2201 2102 2242 proverbium
2123 2211 2173 2230 ³0·

235 2237 410 2267 commodat.
455 2239 530 2267 Sunt
552 2247 649 2270 autem
672 2245 717 2272 hi:

644 2291 791 2331 Gaudent,
816 2304 948 2333 currunt,
973 2296 1133 2334 celebrant,
1160 2296 1277 2325 herbam
1301 2296 1470 2337 conferunt,
1494 2296 1622 2334 donant,
1647 2304 1756 2333 tenent,-

353 2378 358 2383 .
643 2332 700 2362 Pro
722 2347 750 2363 se
771 2339 890 2377 quisque
912 2350 977 2368 cum
1000 2350 1109 2368 corona
1132 2338 1246 2368 clarum
1269 2338 1422 2369 collustrat
1445 2346 1542 2379 caput.

234 2377 309 2406 Nam
329 2377 379 2407 lue
403 2380 520 2418 quidem
544 2383 711 2420 agnoscitur
732 2385 843 2421 victor,
879 2394 907 2416 at
928 2399 986 2417 non
1010 2400 1026 2417 a
1049 2390 1148 2420 victis.
1193 2392 1266 2419 Sunt
1294 2390 1370 2419 enim
1394 2390 1468 2418 socii
1491 2394 1521 2419 et
1543 2389 1680 2428 aequales
1702 2389 1839 2427 Meleagri
1862 2387 1970 2417 victori
1992 2386 2028 2416 de
2049 2395 2102 2414 sue
2122 2385 2169 2414 in-

234 2421 357 2450 terfecto
379 2423 567 2460 gratulantes.
596 2423 694 2455 Scal.
740 2426 849 2455 Plinius
872 2429 1027 2461 lib.XX11.
1051 2441 1115 2470 cap,
1130 2435 1175 2463 1,;
1209 2431 1305 2471 Apud
1332 2433 1469 2472 antiquos
1495 2433 1610 2471 signum
1638 2431 1779 2461 victoriae
1805 2438 1868 2460 erat
1886 2430 2033 2470 porrigere
2050 2426 2169 2458 herbam
