2263 2668
218 168 293 204 508
646 161 989 196 COMMENTARH
1014 164 1062 197 IN
1088 162 1231 197 PAULI
1256 160 1452 196 DIACONI
1477 162 1734 197 EXCERPTA

217 272 272 302 pro
295 271 344 298 eo,
367 258 445 301 quod
468 258 562 286 minae
580 253 737 294 pluraliter
759 252 900 290 dicimus,
927 253 1074 284 Curiatius
1091 263 1194 285 auctor
1207 263 1262 293 est,-
1285 256 1350 283 item
1374 253 1417 282 Μ.
1435 251 1507 282 Cato
1529 255 1559 282 in
1582 256 1716 284 suasione
1739 277 1867 286 .....
1889 257 1969 285 mina
1993 260 2058 297 cogi
2077 258 2161 288 nulla

216 304 321 343 potuit.
353 300 449 331 Scal.
492 299 599 326 Minam
628 307 683 335 pro
713 296 798 324 minis
828 297 937 325 dixisse
966 303 1083 326 veteres
1114 298 1250 337 exemplo
1276 297 1393 325 Catonis
1423 296 1533 334 probat
1556 297 1660 326 Festus
1692 298 1772 336 quod
1803 298 1983 336 notandum,
2022 300 2161 339 distingui

219 346 297 374 enim
326 346 401 373 inter
430 341 535 370 minam
566 339 751 376 singulariter
777 349 865 376 quam
890 339 995 368 Graeci
1018 343 1096 378 μνᾶν
1120 341 1222 369 dieunt
1246 345 1274 368 et
1297 340 1391 367 minas
1414 344 1516 367 notum
1541 344 1592 369 est.
1639 341 1743 369 Cicero
1768 351 1832 379 cap.
1848 344 1895 371 ll.
1920 341 1957 369 de
1980 342 2086 371 tinibus
2112 344 2162 379 (de

219 388 305 425 Legg.
322 387 364 421 ΙΙ,
387 385 468 419 26.);
489 382 522 411 A
545 392 601 421 quo
623 382 724 409 iterum
738 380 879 421 funerum
903 389 1014 410 sumtus
1034 383 1206 422 praffinitm·
1227 393 1268 411 ex
1290 380 1421 410 censibus
1444 391 1462 408 a
1485 382 1571 410 minis
1593 383 1719 422 quinque
1743 394 1830 423 usque
1851 382 1892 410 ad
1916 384 2034 414 minam.
2067 385 2162 414 Verba

222 428 339 457 Catonis
362 426 437 453 sorte
460 434 474 452 e
497 425 634 452 suasione
657 423 729 460 legis
754 423 908 454 Voconiae.
934 423 1022 453 Dac.
1061 425 1169 454 Miuam
1193 424 1382 462 singulariter
1405 423 1463 451 dici
1487 433 1541 462 pro
1565 435 1598 452 eo
1622 425 1702 462 quod
1720 425 1822 453 Minae
1844 425 2004 463 pluraliter
2026 426 2161 463 dicimus,

220 469 363 499 Curiatius
386 466 473 495 autor
495 471 547 495 est.
580 466 650 494 Item
676 466 712 494 M.
733 466 805 494 Cato
828 467 858 494 in
884 467 1176 497 Suasione...mina
1201 467 1300 504 colligi
1325 466 1405 493 nulla
1428 466 1534 504 potuit.
1561 465 1665 497 Goth.
1702 467 1833 496 Pertinet
1854 467 1928 497 haec
1950 470 2101 498 annotatio
2124 470 2162 499 ad

219 521 283 551 pag.
306 514 424 539 nostrae
447 509 517 540 edit.
537 511 605 539 171.
630 508 681 536 ubi
703 518 782 536 nunc
805 519 841 537 ex
865 509 962 537 Ursini
986 510 1156 538 coniectura
1179 510 1303 548 legitur:
1327 507 1413 536 Mille
1433 506 1619 547 singulariter
1641 514 1697 538 cet.

378 552 564 580 Municas.
610 551 692 585 Quae
715 551 821 579 desunt
844 551 978 580 divinare
1002 563 1060 581 uon
1083 563 1214 591 possum.
1258 551 1396 580 Placidus
1419 550 1449 578 in
1473 551 1595 587 glossis:
1620 551 1788 589 Martinam,
1811 553 2028 581 communicare
2050 552 2161 582 dictum

219 606 237 623 a
259 594 379 622 moeniis
400 592 433 622 id
455 601 495 622 est
518 591 658 632 operibus.
703 593 767 621 Non
791 594 915 622 dubium
940 599 983 623 est
1007 600 1119 623 veteres
1143 595 1253 623 dixisse
1279 593 1443 621 moenicare
1467 598 1495 621 et
1519 595 1763 632 commoenicare5
1798 599 1830 623 ut
1853 606 1979 632 moerus,
2011 607 2109 625 murus
2132 601 2161 626 et

220 637 278 665 hoc
299 636 400 665 forsan
422 636 494 664 illud
519 640 563 664 est
586 635 667 673 quod
688 636 789 664 Festus
812 637 948 665 addebat.
994 637 1046 665 Da
1057 649 1081 666 c.

382 679 625 717 mancipatus
647 679 700 706 ita
723 677 959 718 adoptantis.
982 679 1040 718 (Ad
1059 691 1086 719 p.
1104 678 1184 718 171.)
1208 678 1254 707 Ad
1277 678 1391 706 literam
1407 678 1424 705 S
1439 676 1497 706 hoc
1520 678 1715 716 fragmentum
1738 680 1885 717 pertinere
1907 679 2051 708 iudicavit
2067 680 2159 708 Scali-

219 730 284 759 ger,
307 720 375 759 quia
397 721 438 748 ibi
462 720 497 748 de
520 721 580 747 suis
603 724 632 748 et
653 722 822 749 necessariis
846 721 1003 750 heredibus
1026 723 1128 760 agitur.
1160 722 1216 750 Sed
1239 721 1281 749 sic
1298 720 1385 749 etiam
1400 720 1476 749 illud
1493 731 1552 749 non
1567 721 1662 749 minus
1678 722 1714 750 ad
1732 722 1760 750 Μ
1776 723 1890 751 literam
1908 722 2070 760 pertinere,
2091 733 2158 751 cum

219 767 285 801 agat
303 763 340 791 de
363 772 396 791 eo
421 762 470 800 qui
485 773 500 790 a
518 766 603 801 patre
628 765 814 802 mancipatus
839 769 867 792 et
888 770 992 803 postea
1015 765 1045 792 in
1068 765 1256 802 adoptionem
1280 763 1383 800 datus,
1406 763 1444 790 ita
1470 763 1637 802 adoptantis
1660 765 1752 802 patris
1775 765 1860 793 heres
1883 764 1932 801 fit,
1957 770 1985 792 ut
2003 765 2097 803 patris
2114 765 2159 793 sui

218 804 362 833 naturalis
386 814 456 832 suus
478 803 564 832 heres
588 810 659 833 erat.
703 806 973 835 Animadverteram
997 811 1151 846 antequam
1175 808 1205 834 in
1226 805 1350 834 schedas
1373 805 1552 834 incidissem.
1596 806 1652 834 Hie
1681 811 1778 835 autem
1805 807 1885 835 aliud
1910 807 2036 835 intendit
2058 807 2158 845 Sulpi-

219 847 282 875 cius
305 856 390 884 quam
415 847 495 884 quod
518 847 614 884 primo
638 853 757 886 aspectu
779 849 875 877 videri
899 854 1004 888 potest.
1049 850 1149 888 Neque
1178 849 1254 877 enim
1285 848 1358 876 dicit
1386 848 1585 887 mancipatum
1615 853 1643 877 et
1673 849 1842 888 adoptantis
1868 849 1978 888 patris,
2015 854 2043 878 et
2064 849 2158 888 patris

220 888 365 917 naturalis
388 899 474 917 suum
497 888 635 918 heredem
659 901 721 920 esse
745 892 846 920 eodem
868 897 1010 931 tempore.
1054 893 1083 920 Si
1107 893 1146 920 ita
1170 892 1293 926 diceret,
1317 896 1454 928 peccaret
1478 895 1564 919 certe.
1608 891 1681 920 Nam
1703 893 1886 930 mancipatus
1909 892 2002 930 patris
2025 891 2159 931 adoptivi

217 936 332 960 tantum
361 941 431 959 suus
460 930 546 960 heres
577 937 639 961 erat
666 943 732 961 cum
760 939 833 962 esset
861 935 890 962 in
921 935 981 963 eius
1012 939 1163 973 potestate.
1208 934 1354 972 Equidem
1383 934 1446 962 iure
1476 933 1624 971 praetorio
1654 934 1820 963 vocabatur
1848 935 1879 962 in
1903 934 2004 963 tertios
2025 933 2158 970 heredes,

217 973 324 1002 rescisa
349 974 461 1002 scilicet
483 975 713 1013 emancipatione
735 975 792 1004 hoc
815 978 914 1005 colore
936 978 1014 1015 quod
1037 978 1106 1005 licet
1130 977 1247 1005 desierit
1271 986 1332 1004 esse
1356 985 1428 1003 suus
1451 975 1534 1004 heres
1558 976 1649 1014 patris
1672 977 1832 1014 naturalis,
1866 987 1925 1005 non
1948 982 2046 1005 tamen
2069 977 2156 1006 desiit

218 1026 280 1044 esse
302 1015 387 1044 fitius.
432 1019 470 1044 At
493 1021 649 1055 postquam
675 1018 786 1056 placuit
809 1019 969 1048 Iustiniano
994 1021 1147 1048 emendare
1171 1020 1215 1047 ius
1238 1019 1313 1046 illud
1336 1019 1507 1056 antiquum,
1531 1018 1608 1046 filius
1631 1029 1716 1056 quem
1741 1025 1826 1058 pater
1848 1024 1988 1048 extraneo
2012 1020 2155 1058 adoptan-

217 1058 287 1087 dum
311 1058 449 1095 dederat,
480 1058 510 1086 in
534 1061 626 1098 patris
650 1061 792 1089 naturalis
816 1067 960 1100 potestate
983 1069 1129 1097 remanet,
1159 1063 1198 1090 ita
1222 1066 1255 1089 ut
1278 1062 1356 1099 patri
1379 1061 1519 1099 adoptivo
1544 1061 1683 1090 succedat
1707 1067 1819 1091 tantum
1843 1062 1879 1090 ab
1901 1062 2050 1093 intestato.
2094 1062 2156 1090 Ne-

217 1110 297 1129 cesse
320 1105 363 1129 est
385 1101 478 1137 igitur
500 1102 581 1130 aliud
604 1103 732 1131 voluisse
755 1105 927 1143 Sulpicium.
962 1106 1007 1134 En
1029 1105 1097 1133 tibi:
1121 1105 1172 1133 Sui
1195 1103 1319 1132 heredes
1343 1103 1481 1132 d1cuntur
1504 1105 1555 1141 qui
1577 1109 1647 1132 sunt
1669 1104 1699 1131 in
1720 1110 1867 1143 potestate
1890 1104 1982 1142 patris
2006 1104 2157 1133 morientis

216 1147 249 1171 ut
271 1142 365 1179 filius,
395 1142 471 1179 fitia,
501 1154 610 1182 nepos,
643 1146 737 1182 neptis
761 1147 822 1175 sive
846 1147 1007 1184 naturales,
1033 1149 1094 1176 sive
1119 1147 1241 1184 legitimi
1265 1146 1318 1184 leg.
1335 1145 1355 1174 1.
1370 1146 1398 1173 fl'.
1422 1146 1458 1174 de
1481 1146 1540 1174 suis
1563 1152 1592 1174 et
1614 1147 1735 1184 legitim.
1759 1147 1859 1175 hered.
1882 1149 1947 1184 §.2
1972 1147 2156 1185 mancipatus

216 1190 313 1213 autem
336 1186 366 1213 in
390 1186 482 1224 patris
506 1187 640 1226 adoptivi
670 1188 810 1217 familiam
839 1190 996 1226 transibat,
1034 1191 1164 1228 adeoque
1194 1199 1261 1217 cum
1285 1193 1362 1217 esset
1383 1189 1413 1216 in
1437 1188 1498 1217 eius
1520 1193 1667 1227 potestate
1689 1194 1769 1218 recte
1793 1190 1856 1218 eius
1879 1199 1950 1217 suus
1972 1188 2058 1218 heres
2082 1193 2154 1218 erat.

215 1227 430 1266 Desinebatque
454 1229 545 1268 patris
569 1230 614 1258 sui
636 1232 779 1260 naturalis
802 1242 871 1261 suus
893 1232 978 1261 heres
1000 1243 1079 1268 esse,
1112 1233 1179 1271 quia
1202 1232 1232 1260 in
1256 1232 1318 1260 eius
1341 1235 1488 1269 potestate
1511 1241 1573 1260 esse
1596 1231 1737 1268 desierat,
1774 1232 1824 1260 sed
1847 1233 1871 1260 si
1894 1232 1969 1260 idem
1993 1237 2078 1271 pater
2101 1242 2154 1260 na-

215 1270 321 1298 turalis
344 1270 438 1299 filium
461 1271 561 1300 datum
587 1272 616 1300 in
639 1273 826 1312 adoptionem
857 1275 955 1303 denuo
988 1275 1222 1313 readoptaverit‚
1261 1278 1323 1302 tum
1347 1273 1396 1301 ille
1420 1274 1581 1302 revertitur
1603 1274 1632 1302 in
1658 1280 1830 1312 potestatem
1855 1275 1947 1312 patris
1971 1280 2059 1313 atque
2082 1275 2155 1303 adeo

216 1321 286 1340 suus
307 1311 393 1341 heres
417 1318 478 1350 est,
508 1314 564 1352 leg.
580 1317 627 1346 12.
652 1315 703 1346 41.
728 1322 756 1345 et
778 1317 831 1345 ult.
854 1317 883 1347 ff.
907 1318 942 1345 de
967 1317 1066 1356 adopt.
1113 1318 1213 1355 ltaque
1236 1317 1265 1344 in
1290 1315 1386 1344 verbis
1408 1316 1501 1344 Festi:
1540 1315 1576 1344 Et
1598 1317 1644 1344 sui
1663 1317 1758 1355 patris
1781 1318 1865 1356 quasi
1887 1318 1914 1344 in
1936 1324 2076 1355 potestate
2098 1323 2153 1346 etc.

216 1354 447 1393 subintelligitur
470 1357 515 1384 sui
540 1362 631 1395 patris
653 1357 837 1397 adoptantis,
869 1365 896 1388 et
920 1359 952 1389 τὸ
976 1368 1061 1396 esset,
1085 1360 1115 1388 id
1138 1365 1179 1387 est
1192 1358 1312 1399 suisset.
1347 1358 1437 1392 Quod
1459 1363 1488 1386 et
1510 1359 1604 1386 amico
1627 1369 1691 1386 meo
1717 1359 1868 1387 Vincentio
1893 1359 2056 1387 Collessuni
2078 1360 2099 1387 1.
2123 1360 2154 1388 C.

216 1396 387 1425 doctissimo
413 1398 442 1425 in
469 1404 595 1427 mentem
624 1400 712 1428 video
741 1402 865 1430 venisse.
910 1403 1002 1431 Porro
1032 1402 1080 1430 liic
1109 1403 1293 1440 mancipatus
1319 1405 1363 1427 est
1392 1399 1478 1428 datus
1508 1400 1538 1428 iu
1568 1401 1774 1438 adoptionem,
1812 1412 1878 1429 nani
1912 1402 2154 1439 cnmncipatiouis

214 1439 324 1475 verbu,
366 1439 445 1478 quod
473 1441 614 1470 latissime
643 1448 756 1480 manat,
794 1444 963 1473 continetur
985 1445 1073 1473 etiam
1097 1444 1177 1472 datio
1200 1445 1229 1471 in
1253 1442 1451 1481 adoptionem.
1495 1442 1553 1477 Qui
1577 1444 1654 1471 enim
1678 1455 1693 1471 a
1717 1448 1801 1481 patre
1827 1444 1952 1471 naturali
1975 1444 2102 1472 dabatur
2123 1444 2152 1472 in

216 1481 406 1520 adoptionem
429 1483 528 1519 alteri,
553 1484 729 1523 adoptaturo
753 1496 786 1514 eo
810 1488 1035 1526 mancipabatur
1058 1497 1111 1525 per
1135 1496 1182 1514 aes
1205 1491 1234 1514 et
1256 1485 1369 1513 libram.
1394 1485 1448 1522 leg.
1471 1485 1524 1513 ult.
1547 1485 1612 1514 cod.
1636 1486 1672 1513 de
1695 1486 1916 1524 adoptionibus.
1959 1485 2047 1515 Dac-

375 1524 537 1567 IlIultifa
547 1538 634 1555 cere.
680 1528 717 1555 Ut
746 1529 829 1566 parvi
861 1530 972 1565 facere,
1008 1530 1093 1558 ssocci
1117 1529 1214 1556 facere
1237 1532 1295 1556 etc.
1341 1527 1399 1555 Sed
1421 1537 1480 1555 non
1505 1527 1593 1556 video
1618 1537 1671 1556 cur
1692 1528 1765 1556 illud
1791 1528 1896 1557 merito
1919 1528 1954 1556 ab
1977 1538 2033 1556 usu
2054 1538 2152 1557 reces—

215 1565 285 1594 sisse
309 1565 388 1594 dicat
411 1567 529 1605 Festus,
565 1569 643 1606 quod
668 1571 816 1607 quantitas
841 1582 901 1599 non
925 1572 1095 1600 aestimetur
1118 1581 1255 1605 numero,
1294 1570 1377 1607 quasi
1399 1579 1471 1597 vero
1495 1570 1643 1608 quantitas
1666 1581 1724 1598 non
1748 1571 1804 1598 alia
1827 1571 1864 1598 sit
1887 1571 2023 1599 continua
2047 1571 2082 1599 ab
2106 1571 2151 1599 di·

215 1613 317 1637 screta.
355 1608 413 1637 Sed
436 1610 512 1638 forte
535 1621 590 1649 pro
613 1613 762 1651 quantitas
783 1614 1006 1642 rescribendum
1029 1612 1164 1653 qualitas.
1192 1612 1277 1641 Dae.
1320 1610 1410 1640 Multi
1427 1622 1446 1639 a
1459 1633 1545 1641 .....
1582 1613 1624 1640 Ex
1650 1615 1779 1651 epitome
1803 1613 1885 1641 Pauli
1910 1613 2000 1641 verbu
2023 1613 2151 1641 multifa-

215 1660 297 1687 cere,
329 1649 402 1679 haee
431 1653 527 1680 omnia
551 1653 636 1681 facile
658 1654 872 1692 intelliguntur.
901 1656 988 1685 Ant.
1010 1656 1107 1694 Aug.
1153 1655 1196 1683 Ex
1225 1654 1391 1692 scripturae
1419 1654 1550 1691 vestigiis
1580 1654 1682 1682 videre
1710 1655 1803 1693 possit
1824 1654 1897 1683 haec
1919 1655 1947 1683 in
1972 1655 2030 1683 duo
2055 1656 2152 1693 capita

215 1692 302 1721 tuisse
325 1693 428 1722 divisa.
471 1696 508 1723 Et
529 1695 627 1723 forsan
652 1697 774 1725 contusa
797 1704 865 1726 sunt
889 1708 962 1736 quae
986 1699 1021 1727 de
1045 1698 1233 1726 multifariam
1256 1697 1366 1735 scripta
1390 1696 1515 1725 fuerant.
1561 1697 1645 1725 Prius
1669 1702 1759 1735 caput
1783 1698 1823 1726 ita
1847 1708 1882 1726 ex
1907 1697 2037 1726 schedis:
2070 1696 2152 1726 Mul-

214 1733 332 1772 tifacere
360 1736 475 1776 antiqui
504 1735 639 1767 dicebant
666 1739 741 1767 sicut
770 1739 968 1780 magnifacere
995 1742 1061 1769 item
1085 1748 1110 1769 et
1130 1738 1329 1779 parvifacere,
1367 1739 1445 1767 testis
1466 1746 1507 1767 est
1529 1739 1572 1767 JlI.
1598 1737 1669 1768 Cato
1692 1740 1722 1767 in
1745 1751 1777 1768 ea
1800 1751 1887 1776 quam
1910 1741 2026 1778 scripsit
2049 1747 2152 1769 contra

217 1774 252 1812 Q.
271 1776 433 1806 Minucium
458 1778 612 1809 Thermum
637 1779 671 1809 de
693 1781 730 1809 X
748 1781 930 1812 hominibus:
954 1783 1053 1823 Neque
1065 1781 1175 1824 fidem,
1199 1793 1288 1821 neque
1312 1779 1531 1818 iusiurandum,
1555 1793 1643 1821 neque
1662 1777 1839 1820 pudicitiam
1861 1780 2051 1823 multifacitis
2072 1780 2152 1822 quod

215 1817 325 1854 quidem
347 1821 447 1849 merito
470 1820 508 1849 ab
531 1835 583 1851 usu
606 1824 736 1859 recessit,
772 1826 840 1864 quia
865 1836 921 1853 non
944 1826 1116 1854 aestimatur
1138 1834 1255 1853 numero
1277 1824 1445 1863 quantitas,
1480 1835 1531 1852 nec
1554 1822 1699 1852 desiderat
1722 1823 1952 1861 multitudinem,
1976 1836 2027 1853 nec
2049 1825 2152 1854 conti—

216 1865 294 1887 netur
316 1872 438 1891 numero.
484 1865 669 1903 Sequebatur
692 1866 800 1905 opinor
822 1866 1017 1908 multifariam
1042 1873 1075 1896 ut
1095 1868 1125 1896 in
1148 1866 1232 1895 Pauli
1254 1867 1391 1904 epitome.
1434 1865 1522 1895 Dae.

258 1940 263 1944 ι
375 1903 617 1944 Magisteria.
666 1908 760 1937 Verba
781 1909 860 1938 Festi
883 1920 920 1938 ex
942 1909 988 1938 his
1011 1910 1093 1938 Pauli
1116 1909 1213 1938 verbis
1236 1908 1397 1946 intelliges;
1433 1908 1619 1936 addebantur
1641 1913 1739 1936 tamen
1763 1908 1820 1936 alia
1845 1908 1882 1936 de
1904 1908 2087 1946 magisterio,
2118 1913 2151 1936 ut

217 1948 336 1978 opinor,
357 1943 494 1975 ludorum
512 1949 658 1988 Apollinis
681 1961 717 1979 ex
741 1952 874 1981 oratione
896 1953 995 1981 nescio
1019 1963 1094 1991 qua,
1119 1962 1193 1991 quae
1216 1956 1320 1979 contra
1343 1951 1505 1979 orationem
1528 1951 1745 1979 inscribebatur
1766 1951 1887 1979 alterius
1906 1951 2039 1979 oratoris.
2059 1950 2148 1980 Ant.

215 1980 310 2028 Aa&
345 1984 552 2026 Magisterium.
592 1992 714 2022 Difficile
743 1995 863 2033 explere
891 1995 1012 2023 lacunas
1042 1995 1121 2023 istas.
1159 1995 1269 2022 Tamen
1298 1994 1334 2022 de
1358 1992 1494 2032 Apolline
1521 1999 1550 2022 et
1572 1994 1608 2021 de
1631 1994 1761 2031 quodam
1783 1993 1942 2031 scriptore,
1973 1993 2024 2032 qui
2046 1997 2149 2021 contra

215 2027 374 2053 Osatlossem
395 2031 490 2059 nescio
514 2034 596 2062 cuius
627 2036 769 2073 quaedam
800 2037 836 2065 de
862 2037 998 2076 Apolline
1027 2037 1156 2073 dixerat,
1195 2036 1388 2065 tractabatur.
1432 2035 1574 2074 Suspicor
1602 2037 1648 2072 agi
1678 2036 1715 2064 de
1745 2037 1893 2071 oratione,
1929 2046 2015 2073 quam
2043 2035 2148 2064 habuit

214 2064 310 2092 Varro
333 2067 370 2094 fid
393 2073 532 2108 populum
554 2076 630 2104 ludis
653 2078 877 2117 Apollinaribus
900 2080 936 2108 de
957 2080 1047 2108 Nonis
1071 2080 1248 2119 Caprotinis.
1294 2079 1390 2107 Verba
1420 2078 1482 2106 eius
1512 2083 1581 2107 sunt
1608 2077 1681 2106 haec
1711 2088 1748 2106 ex
1776 2078 1881 2116 quinto
1911 2078 1947 2106 de
1971 2078 2061 2107 latino
2084 2088 2146 2106 ser-

214 2117 316 2136 mone:
353 2108 395 2156 ob·
413 2110 469 2140 hoc
490 2119 585 2152 togam
608 2126 790 2156 praetextam
814 2122 912 2150 datam
936 2123 977 2151 eis
1000 2122 1224 2161 Apollinaribus
1247 2121 1325 2149 ludis
1348 2121 1435 2149 docui
1458 2122 1610 2160 populum.
1639 2119 1740 2151 Scal.
1784 2120 1967 2160 Illagisteria.
2005 2120 2145 2158 Magistri.

216 2146 305 2186 0¹¹⁰?-
337 2149 404 2186 ΩΨ·
435 2153 533 2192 ludgis
556 2166 605 2187 cet.
633 2171 761 2199 possunt.
792 2165 827 2193 V.
851 2165 868 2193 l.
883 2167 934 2196 57.
959 2165 994 2193 de
1016 2165 1170 2203 significat.
1193 2164 1309 2193 verbor.
1358 2161 1462 2193 Goth.

374 2193 654 2232 Ilffaledictores,
697 2204 907 2236 Materna...
949 2208 1067 2236 Praeter
1091 2207 1248 2246 Hispaniae
1278 2206 1457 2235 mentionem
1489 2210 1586 2234 cetera
1611 2215 1648 2233 ex
1673 2204 1757 2233 Pauli
1779 2204 1907 2244 epitome
1928 2204 2144 2242 intelliguntur.

212 2231 415 2283 Ani-(ing,
438 2236 532 2265 Infra:
558 2238 627 2269 Cato
651 2254 712 2273 cum
734 2249 964 2287 prtficisceretar
986 2251 1015 2278 in
1035 2249 1230 2289 Hispaniam,
1252 2249 1271 2278 i.
1291 2260 1314 2278 e.
1336 2249 1406 2277 Cato
1430 2249 1460 2276 in
1483 2258 1515 2276 ea
1538 2247 1673 2276 oratione
1697 2257 1785 2286 quam
1807 2246 1911 2276 habuit
1933 2257 2001 2276 cum
2023 2247 2062 2276 ad
2085 2247 2145 2276 bel-

210 2273 272 2302 lum
294 2274 484 2314 Hispanicum
507 2282 759 2322 proficisceretur,
785 2301 860 2318 anno
884 2292 986 2320 mundi
1008 2293 1100 2323 3755.
1146 2292 1237 2322 Dae.

372 2318 536 2360 Miltipte.
581 2323 676 2353 Verba
698 2328 775 2356 Festi
805 2333 934 2371 exceptis
963 2334 1024 2370 his,
1063 2344 1136 2372 quae
1161 2334 1267 2362 Paulus
1294 2337 1392 2369 notat,
1432 2343 1492 2361 non
1516 2331 1717 2369 intelligimus.
1762 2331 1820 2360 Sed
1844 2331 1972 2370 exempli
1995 2331 2083 2360 sumti
2106 2339 2141 2357 ex

208 2356 292 2405 libris
315 2359 433 2408 Catonis
456 2373 486 2392 ea
510 2374 572 2393 esse
596 2366 782 2399 arbitramur.
804 2373 889 2402 Ant.
910 2376 967 2403 Au
981 2388 1005 2404 «ν.
1040 2377 1122 2411 Quae
1145 2381 1310 2414 sequuntur
1332 2375 1451 2404 Catonis
1474 2375 1563 2404 verba
1585 2379 1668 2412 sunt,
1692 2374 1746 2403 sed
1768 2384 1845 2413 ‘luae
1867 2374 1979 2403 frustm
2001 2381 2140 2411 quam-³⁸3

208 2404 236 2428 et
256 2399 304 2429 hic
328 2406 416 2432 ettam
438 2406 558 2436 mutilae
580 2414 649 2438 sunt
670 2409 802 2441 schedae.
847 2415 934 2445 Dac.
976 2399 992 2415 O
