2263 2668
540 133 605 168 DE
633 129 1022 167 SIGNIFICATIONE
1048 131 1332 166 VERBORUM.
1391 131 1536 166 LIBER
1559 131 1633 166 XII.
1988 134 2064 170 537

643 235 670 257 et
692 225 797 267 sepulti
819 226 849 255 in
873 235 907 255 ea
930 224 1059 265 regione,
1089 235 1164 264 quae
1187 230 1231 255 est
1253 225 1390 265 proxime
1413 224 1484 254 cir-

645 281 711 299 cum
734 269 784 298 ubi
805 267 888 298 locus
909 275 949 296 esi
972 265 1075 307 lapide
1099 268 1165 297 albo
1185 273 1370 297 constratus.

645 311 756 341 Eorum
779 311 898 342 nomina
909 309 1053 350 fuerunt:
1083 311 1189 349 Opiter
1213 311 1367 349 Verginius

646 355 814 391 Tricostus,
838 375 845 383 .
868 375 875 383 .
900 351 1038 382 Valerius
1060 353 1223 391 Laevinus,
1254 354 1413 382 Postumus
1436 352 1501 380 Co-

644 397 753 426 minius
772 396 950 431 Auruncus,
974 416 1097 424 ......
1121 396 1191 424 llius
1214 396 1386 433 Tolerinus,
1414 395 1442 424 Ρ.
1461 394 1523 424 Ve-

642 440 735 468 tusius
761 438 913 476 Geminus,
937 460 943 467 .
966 459 974 467 .
998 436 1189 478 Sempronius
1212 439 1381 474 Atratinus,
1413 437 1491 466 Ver-

642 482 743 522 ginius
767 482 933 518 Tricostus,
956 479 1075 510 Mutius
1098 481 1260 520 Scaevola,
1284 482 1351 513 Sex,
1374 480 1440 509 Fu-

641 525 701 553 sius
725 523 828 554 Fusus.

105 577 161 606 Mit
181 575 230 606 No
253 581 364 606 musste
387 576 441 606 der
463 575 578 605 Artikel
601 576 763 615 ansangen,
784 575 842 604 wie
865 574 912 604 die
937 574 989 612 15,
1011 573 1043 603 in
1066 573 1157 604 deren
1180 575 1262 604 Mitte
1285 584 1317 603 er
1339 573 1382 602 als
1405 573 1457 603 der
1478 576 1588 602 neunte
1607 571 1702 610 steht5
1733 573 1781 602 die
1802 573 2061 606 Verschworenen

106 629 210 648 waren
233 619 458 656 Widersacher,
482 619 567 648 nicht
590 624 667 648 elwa
690 618 860 655 necessarii,
883 622 965 646 sonst
987 617 1093 646 wtirde
1116 617 1193 646 auch
1217 618 1313 646 dieser
1338 616 1373 645 T.
1399 615 1516 645 Sicinus
1537 615 1735 654 hingerichtet
1756 616 1836 652 sein,
1859 617 1890 646 iu
1913 618 1968 647 der
1990 619 2061 648 ach-

103 667 157 691 ten
179 662 258 691 Zeile
286 662 326 691 ist
353 661 604 692 wahrscheinlich
633 672 671 690 zu
699 664 842 699 ergiinzen
864 658 1036 700 Aquillius;
1075 659 1130 689 der
1153 660 1323 699 Verginius,
1361 659 1464 687 dessen
1485 658 1684 696 Eigennahme
1706 657 1797 696 fehlt,
1831 659 1871 688 ist
1892 660 1942 689 fiir
1964 661 2060 699 Titus,

101 705 256 733 -Consular
277 715 338 734 von
360 706 422 737 258
444 715 483 733 zu
505 704 625 741 halten,
650 705 687 733 da
711 704 805 733 Aulus
828 707 915 732 unter
938 702 994 731 den
1016 702 1092 731 zehn
1116 707 1214 732 ersten
1238 702 1327 732 steht.
1360 702 1468 730 Sextus
1491 701 1600 730 Furius
1622 702 1661 730 ist
1684 701 1737 731 der
1754 701 1865 730 Consul
1887 712 1958 732 vom
1973 703 2061 734 Jahre

105 749 188 780 2663
211 748 273 776 also
295 746 406 784 Fusus,
428 747 513 776 nicht
534 746 738 784 Medullinus,
760 746 817 774 wie
839 745 963 775 Ursinus
987 744 1137 783 gerathen.
1182 746 1218 776 T.
1241 744 1372 774 Sicinius
1393 743 1445 772 hat
1466 754 1524 772 nur
1544 743 1575 772 in
1596 744 1651 773 den
1675 749 1876 782 sogenannten
1897 745 1993 775 Fastis
2015 747 2061 775 Si-

105 790 180 818 culis
203 789 259 818 den
281 789 460 819 Beinahmen
484 789 630 827 Sabinus,
652 794 724 819 statt
739 789 873 820 Volscus.
907 788 959 817 Die
982 788 1234 828 Capitolinischen
1257 787 1357 816 fehlen
1381 787 1428 815 sur
1451 786 1529 815 diese
1545 787 1617 817 Zeit.
1647 785 1828 817 Niebuhr.
1850 787 1889 817 in
1911 787 2058 820 Hister.

104 831 208 862 Rom.
232 832 330 862 Tom.
348 831 397 862 ῙῙ.
419 844 500 873 pag.
519 834 601 864 143.

269 874 404 904 Noxia.
449 875 649 904 Glossarium:
672 874 826 912 Noxatio,
848 869 976 905 εὐθύνοι.
1005 872 1130 903 Noaeum
1149 871 1245 911 dedit,
1269 873 1309 909 εἰς
1324 869 1450 903 κόλασιν
1467 870 1616 908 δέδωκεν,
1639 871 1680 907 εἷς
1698 868 1839 907 εὐθύνας.
1873 872 1968 901 Porro
1983 873 2059 903 Cae-

104 916 193 945 cilius
215 917 324 946 citatur
345 918 376 946 in
398 916 638 959 Hypobolimaeo
663 916 881 955 Chaerestra103
903 921 937 945 ut
959 916 1161 955 distinguatur
1184 916 1219 944 ab
1244 916 1336 945 altera
1359 915 1460 943 sabula
1484 924 1572 952 quam
1594 913 1674 942 idem
1695 917 1785 953 poeta
1809 914 1929 951 docuit,
1951 914 2058 956 Hypo.

106 958 250 988 bolimaeo
272 959 423 990 Aeschino
447 961 560 990 Gellius
582 961 658 989 libro
681 961 755 998 XV,
785 970 849 999 cap.
860 962 890 991 4.
938 960 1016 989 Cave
1039 959 1206 988 confundas
1229 969 1296 987 cum
1320 959 1376 986 alia
1399 957 1499 986 sabula
1523 957 1672 993 eiusdem,
1705 957 1753 985 cui
1775 956 1881 986 titulus
1904 963 1967 986 erat
1988 957 2058 999 Hy-

102 1000 292 1041 pobolimaeo
316 1001 485 1032 Rasiraria.
528 1004 643 1032 Nonius
673 1003 737 1032 eius
765 1013 852 1042 saepe
882 1002 1022 1031 meminit.
1067 1002 1124 1031 Sed
1153 1002 1182 1030 in
1212 1001 1348 1030 omnibus
1371 1000 1453 1029 illius
1476 999 1658 1037 grammatici
1679 999 1767 1027 etiam
1788 999 1819 1028 in
1841 1000 2058 1031 recentioribus

105 1044 263 1073 codicibus
286 1051 426 1084 corrupte
449 1046 569 1077 citatur.
613 1046 707 1084 Igitur
728 1046 768 1074 ita
792 1045 963 1074 emendabis
988 1045 1225 1083 quotiescunque
1250 1044 1369 1072 citatam
1391 1042 1522 1082 reperies
1544 1041 1622 1070 hanc
1645 1041 1776 1070 fabulam
1798 1042 1831 1070 in
1852 1041 1899 1071 his
1921 1043 2058 1081 vocibus,

104 1091 157 1115 aut
178 1087 279 1116 verbis
307 1097 383 1126 quae
412 1088 605 1127 subiungam:
641 1087 772 1118 Laetare
794 1087 936 1126 (pag.16.
961 1087 1079 1127 Merc.),
1110 1085 1265 1116 obsordere
1288 1087 1366 1125 (pag.
1381 1087 1479 1123 147.),
1509 1083 1680 1124 singulatim
1704 1083 1782 1124 (pag.
1797 1083 1898 1123 176),
1926 1093 2059 1115 mantare

103 1131 182 1168 (pag.
196 1129 296 1167 505.),
319 1131 450 1170 coepiam
474 1132 555 1170 (pag.
567 1131 642 1168 89.).
678 1132 713 1160 In
737 1131 874 1160 omnibus
897 1131 974 1159 enim
997 1130 1043 1159 his
1065 1130 1180 1165 verbis,
1207 1129 1257 1157 ubi
1274 1129 1387 1157 Nonius
1410 1127 1551 1167 producit
1575 1126 1740 1155 testimonia
1762 1137 1800 1155 ex
1816 1127 1961 1165 Caecilio,
1983 1138 2059 1158 sem-

103 1182 159 1210 per
188 1172 413 1210 corrigendum:
452 1172 596 1203 Caecilius
618 1172 859 1213 Hypobolimaeo
881 1172 1052 1202 Rasiraria.
1085 1171 1182 1201 Scal.
1226 1172 1307 1200 Bene
1336 1172 1414 1200 inter
1442 1181 1551 1199 noxam
1580 1174 1609 1198 et
1631 1169 1751 1198 noxiam
1774 1169 1932 1199 discrimen
1954 1171 2059 1200 statuit

104 1213 155 1243 hic
177 1215 299 1243 Servius
321 1216 359 1244 ad
381 1215 457 1245 illud
481 1216 584 1254 virgil.
609 1217 693 1251 (Aen.
710 1217 737 1253 1,
760 1216 840 1254 45.):
869 1216 955 1244 unius
977 1214 1013 1245 ob
1036 1225 1160 1244 noxam.
1205 1213 1347 1250 Νοεταηι,
1369 1213 1482 1252 inquit,
1503 1223 1558 1252 pro
1581 1212 1723 1248 noxiam,
1752 1212 1834 1250 quod
1855 1212 1947 1242 noxia
1969 1211 2058 1253 culpa

104 1264 162 1294 est,
192 1255 225 1285 id
247 1265 288 1286 est
307 1265 470 1297 peccatum.
506 1258 603 1288 Noxa
625 1265 722 1287 autem
742 1269 847 1298 poena.
887 1258 945 1287 Sed
968 1258 1051 1297 quod
1073 1268 1133 1286 non
1156 1257 1232 1286 vidit
1255 1257 1392 1292 Servius,
1423 1266 1492 1285 vera
1516 1259 1544 1284 et
1565 1254 1689 1294 propria
1711 1254 1818 1283 horum
1840 1255 2058 1285 vocabulorum

104 1299 273 1328 differentia
303 1306 360 1337 est,
397 1300 479 1339 quod
509 1311 594 1330 noxa
615 1299 749 1340 generale
772 1305 832 1337 est,
871 1311 930 1340 quo
954 1310 1041 1329 omne
1063 1301 1095 1328 id
1120 1300 1199 1339 quod
1224 1305 1310 1329 nocet
1332 1298 1525 1337 intelligitur,
1563 1302 1623 1326 tam
1644 1297 1732 1336 culpa
1755 1307 1842 1335 quam
1863 1298 1973 1335 laesio,
2009 1298 2059 1327 vel

103 1352 201 1381 poena
224 1347 252 1370 et
273 1342 363 1371 homo
386 1343 438 1381 qui
460 1349 559 1372 nocet.
594 1343 706 1372 Noxia.
728 1353 800 1372 vero
823 1343 1003 1372 adiectivum
1027 1343 1259 1381 subintelligitur
1282 1341 1386 1382 culpa,
1410 1347 1437 1370 et
1460 1340 1633 1379 simpliciter
1655 1339 1847 1376 maleficium,
1869 1341 1988 1380 culpam
2010 1341 2060 1370 vel

102 1389 261 1424 peccatum
285 1385 439 1423 significat.
462 1387 579 1416 Terent.
602 1386 699 1415 Plaut.
743 1386 816 1415 Inde
843 1386 912 1415 illae
943 1386 1088 1415 formulae
1116 1385 1260 1424 loquendi
1289 1396 1404 1414 noxam
1426 1384 1535 1413 sarcire
1557 1394 1612 1422 pro
1635 1381 1774 1411 damnum
1797 1383 1924 1421 sarcire3
1959 1393 2060 1412 noxae

103 1428 155 1456 vel
177 1428 208 1456 in
233 1438 346 1457 noxam
372 1427 488 1464 dedere,
524 1428 556 1457 id
585 1433 630 1457 est
653 1428 762 1457 animal
784 1429 1003 1468 mancipiumve
1025 1429 1127 1458 vivum
1150 1428 1269 1457 tradere
1294 1437 1407 1466 poenae
1430 1437 1486 1466 pro
1509 1426 1616 1455 damno
1639 1425 1719 1454 dato.
1759 1425 1795 1453 In
1815 1425 1884 1454 XII.
1903 1425 1977 1455 tab.:
2009 1424 2060 1455 Sei

102 1480 200 1499 servus
222 1472 329 1499 sciente
350 1470 470 1500 domino
488 1471 611 1512 furium
630 1470 742 1511 faxit,
777 1470 904 1500 aliamve
933 1482 1047 1500 noxam
1077 1471 1241 1506 nocuverit‚
1280 1469 1416 1499 dominus
1439 1480 1538 1498 noxae
1560 1467 1668 1497 dedito.
1712 1467 1801 1496 Item:
1836 1466 1872 1496 Si
1893 1466 2060 1508 quadrupes

101 1513 267 1552 pauperiem
281 1512 377 1555 faxit
399 1512 536 1542 dominus
557 1514 684 1549 sarcito,
707 1524 839 1542 nostraeve
861 1512 969 1544 dedito.
1008 1514 1058 1541 Sic
1079 1514 1167 1542 noxis
1190 1513 1267 1542 solvi
1291 1518 1321 1541 et
1340 1513 1470 1542 solutum
1493 1521 1555 1540 esse
1578 1521 1634 1550 pro
1658 1520 1760 1539 carere
1782 1509 1892 1539 delicto
1917 1511 1954 1540 ob
1978 1509 2060 1549 quod

103 1556 199 1594 possit
221 1556 321 1583 noxali
344 1555 455 1584 iudicio
479 1556 534 1594 agi.
568 1555 674 1585 Anius
695 1556 726 1584 in
749 1554 934 1595 Menalippo.
971 1554 1045 1583 Attii
1068 1555 1272 1594 Menalippum
1294 1560 1384 1584 vocat
1408 1556 1512 1583 Cicero
1535 1552 1644 1595 (veluti
1666 1553 1755 1582 Tusc.
1779 1552 1934 1592 Disp.1[1,
1956 1555 1987 1586 9.
2009 1552 2060 1582 ubi

105 1598 174 1626 vide
195 1595 352 1637 interpp.)‚
375 1598 489 1626 Nonius
512 1598 601 1626 etiam
623 1597 804 1635 aliquando,
841 1598 893 1626 sed
916 1598 1035 1636 saepius
1058 1596 1282 1636 Menalippum,
1313 1602 1343 1626 et
1364 1598 1403 1625 ita
1427 1597 1536 1625 malim.
1564 1596 1652 1625 Dac.
1689 1594 1794 1624 Nooea.
1833 1595 1946 1624 Glossis
1969 1595 2057 1626 αἰτία.

105 1639 222 1668 Dicitur
251 1645 280 1667 et
307 1640 412 1668 iisdem
435 1639 590 1678 Noxatio3
627 1640 704 1668 adde
727 1639 884 1678 Theophil.
908 1642 932 1677 §.
948 1644 975 1672 1.
999 1640 1071 1668 Inst.
1095 1640 1132 1668 de
1155 1640 1331 1670 Noxahbus.
1374 1638 1445 1668 Leae
1473 1638 1551 1668 iubet
1579 1649 1680 1667 noxae
1702 1635 1811 1667 dedere.
1852 1638 1883 1669 L.
1895 1641 1926 1669 7.
1950 1637 2059 1676 §.1.ff.

105 1681 186 1719 quod
208 1681 247 1712 vi.
270 1681 289 1711 l.
306 1685 332 1713 1.
357 1684 380 1719 §.
404 1692 510 1711 noxae.
532 1681 563 1711 ff.
601 1682 632 1710 Si
654 1682 834 1721 quadrupes.
877 1682 1006 1711 Glossis:
1037 1681 1161 1711 Noxam
1184 1682 1354 1720 (legendum
1376 1681 1497 1718 Noxoe)
1521 1679 1617 1716 dedit,
1642 1681 1683 1716 εἰς
1704 1678 1827 1710 κόλασιν
1850 1679 1994 1718 δέδωκεν,
2018 1681 2062 1716 εἰς

104 1720 249 1759 εὐθύνας.
280 1723 386 1753 Noxia
410 1725 523 1753 Glossis
546 1722 684 1764 ἁμαρτία.
716 1724 799 1753 Adde
821 1725 900 1753 infra
926 1723 1092 1754 Obnoxius.
1122 1723 1262 1754 Poenam.
1291 1725 1396 1753 Poena.
1428 1722 1616 1762 lllelanippo.
1641 1722 1821 1761 Menalipp0.
1850 1721 1990 1752 Mulieris
2011 1729 2062 1752 est.

104 1766 278 1795 Muliebrem
302 1772 346 1803 εἰς
377 1767 423 1795 vel
446 1767 610 1796 muliebris.
636 1766 741 1798 Goth.
784 1768 826 1796 De
850 1767 972 1797 Caecilii
994 1768 1061 1796 loco
1084 1767 1122 1796 cf.
1145 1767 1272 1806 Spengel
1294 1767 1397 1806 Fragg.
1422 1767 1507 1796 Caec.
1531 1766 1605 1794 Stat.
1626 1775 1692 1805 pag.
1705 1767 1757 1797 27.
1780 1769 1811 1795 et
1831 1775 1898 1804 pag.
1911 1767 1964 1797 29.
2003 1765 2063 1796 Bo-

105 1808 189 1837 thius
210 1814 290 1838 recte
312 1809 432 1838 videtur
454 1810 641 1839 emendasse:

598 1860 678 1889 Nam
700 1861 758 1890 ista
780 1859 897 1901 quidem
919 1871 1004 1890 noxa
1026 1858 1166 1889 muliebre
1187 1867 1228 1889 est
1250 1860 1346 1899 magis
1369 1869 1458 1900 quam
1480 1859 1554 1897 viri,-

104 1902 162 1931 nisi
185 1901 267 1941 quod
290 1901 314 1931 is
336 1913 421 1943 mage
441 1903 573 1942 scripsit.

270 1952 396 1982 Novae
419 1955 556 1983 curiae.
586 1953 645 1991 (Ad
668 1963 733 1993 pag.
748 1955 831 1991 183.)
861 1953 994 1992 Triginta
1018 1954 1168 1983 curiarum
1192 1953 1312 1982 nomina
1337 1963 1395 1981 non
1419 1956 1538 1990 extant,
1572 1951 1622 1980 sed
1646 1956 1675 1981 et
1695 1951 1755 1980 hoc
1776 1951 1844 1980 Ioco
1867 1953 1981 1988 septem
2003 1959 2063 1979 no-

105 1995 273 2032 minantur,
310 2000 339 2024 et
361 2001 494 2035 quatuor
522 2001 637 2026 tantum
660 1997 780 2025 nomina
802 1997 980 2026 redduntur.
1025 1998 1100 2025 Sunt
1126 1997 1214 2025 etiam
1238 1996 1364 2024 duarum
1388 1995 1538 2024 curiarum
1561 1994 1680 2023 nomina
1703 1993 1758 2023 sub
1780 1993 1864 2022 litera
1891 1992 1928 2021 T.
1973 1992 2062 2022 Curia

105 2039 182 2067 enim
206 2038 282 2067 Titia
306 2043 394 2077 atque
417 2040 514 2068 Tifata
545 2039 749 2079 explicantur,
788 2043 817 2068 et
848 2039 929 2079 apud
952 2039 1070 2067 Livium
1093 2039 1202 2068 Faucia
1231 2039 1314 2068 curia
1338 2038 1389 2068 lib.
1403 2038 1456 2066 IX.
1480 2038 1604 2075 (e.38.).
1649 2038 1821 2066 Ceterarum
1850 2035 1971 2064 nomina
2000 2045 2064 2064 non

104 2081 217 2120 accepi.
239 2081 326 2111 Ant.
350 2082 446 2122 Aug.
491 2082 618 2117 Mirum,
641 2092 707 2110 cum
730 2086 841 2121 septem
866 2082 1015 2110 curiarum
1039 2082 1218 2110 mentionem
1243 2081 1362 2118 fecerit,
1387 2085 1516 2120 quatuor
1538 2084 1655 2109 tantum
1677 2079 1797 2108 nomina
1820 2077 2012 2118 apposuisse,
2035 2082 2063 2107 et

104 2133 172 2153 cum
196 2123 321 2152 dubium
346 2135 404 2153 non
428 2125 483 2159 sit,
513 2135 672 2164 perperam
695 2128 806 2163 septem
829 2135 886 2163 pro
909 2129 1039 2163 quatuor
1061 2124 1134 2163 legi,
1164 2124 1302 2163 proxime
1324 2134 1429 2153 verum
1453 2127 1514 2159 est,
1543 2128 1577 2151 ut
1599 2132 1636 2151 ex
1658 2122 1738 2151 notis
1761 2131 1955 2150 numerorum
1979 2131 2063 2150 error

105 2166 156 2195 ille
180 2166 363 2204 manaverit,
394 2172 427 2195 ut
449 2167 510 2196 Vll.
534 2178 590 2207 pro
613 2167 661 2197 lv.
686 2167 791 2204 legerit
814 2167 971 2204 librarius,
1003 2167 1084 2205 quod
1107 2167 1196 2196 facile
1220 2167 1293 2203 suit,
1325 2171 1357 2195 ut
1380 2167 1456 2194 duae
1479 2166 1592 2206 primae
1614 2169 1702 2194 notae
1723 2163 1857 2193 inferiori
1880 2168 1964 2203 parte
1986 2165 2062 2192 inter

104 2219 136 2238 se
152 2208 345 2239 cohaeserint,
373 2210 465 2239 Porro
481 2209 631 2248 Forensis,
655 2220 714 2238 non
728 2210 875 2238 Foriensis
892 2209 1084 2239 scribendum
1103 2220 1166 2238 esse
1182 2210 1230 2239 vel
1246 2219 1323 2238 unus
1340 2208 1429 2238 ovid.
1446 2207 1611 2237 convicerit
1624 2207 1703 2238 Fast.
1719 2207 1773 2238 lib.
1787 2207 1838 2236 III.
1855 2205 1897 2247 (v.
1910 2208 1959 2238 93.
1971 2204 2060 2244 seq·)=

645 2259 784 2300 Quintum
806 2259 983 2297 Laurentes,
1017 2259 1061 2289 bis
1083 2260 1215 2301 quinium
1239 2257 1423 2300 Aequiculus·
1445 2270 1522 2290 acer.

686 2303 721 2332 A
743 2301 836 2331 tribus
857 2301 934 2332 hunc
954 2303 1082 2342 primum
1106 2302 1192 2331 turba
1215 2302 1350 2331 Forensis
1372 2301 1467 2332 habet.

102 2351 242 2382 Forenses
262 2358 348 2389 sunt,
370 2363 446 2391 quos
470 2353 576 2383 Strabo
599 2352 741 2391 Forulos,
764 2352 877 2382 Plinius
900 2352 1032 2383 Forctios
1054 2358 1153 2385 vocat.
1196 2354 1270 2382 Nam
1294 2364 1310 2382 a
1333 2353 1453 2392 populis
1477 2351 1608 2381 finitimis
1632 2351 1732 2381 curias
1755 2348 1876 2380 vocavit
1899 2343 2057 2392 Romulus,

102 2395 145 2424 sic
161 2395 302 2433 Tisatsm,
327 2395 492 2425 Veliensem
515 2402 572 2426 etc.
597 2397 718 2433 Velina,
750 2395 835 2425 cuius
856 2394 906 2424 hic
928 2396 1054 2434 mentio,
1078 2397 1157 2426 dicta
1181 2407 1197 2425 a
1212 2395 1438 2434 Velitiensibus,
1463 2405 1592 2435 quorum
1616 2394 1749 2424 meminit
1772 2393 1850 2422 idem
1871 2388 2002 2423 Plinius³
2023 2387 2059 2416 ¹¹-

147 2447 315 2476 Giusmmr.
335 2456 404 2475 Lar.
427 2446 461 2475 11.
1555 2446 1584 2479 Y
1596 2457 1620 2490 y
1632 2457 1655 2490 y
