2263 2668
219 154 293 189 482
645 151 991 187 COMMENTARII
1015 150 1064 184 IN
1089 150 1233 185 PAULI
1259 152 1457 187 DIACONI
1481 155 1737 189 EXCERPTA

222 249 276 281 rii,
301 245 411 282 Salvii,
436 245 561 274 Statarii
582 244 830 280 nominabantur,
859 253 896 271 ex
920 253 954 272 eo
976 243 1091 272 scilicet
1114 244 1302 283 auspicantes
1324 246 1489 283 valentem,
1520 247 1632 275 salvam
1655 251 1685 276 et
1707 251 1831 275 stantem
1854 248 1918 276 fore
1941 251 2165 288 rempublicam.

222 291 326 318 Cicero
351 288 399 326 (de
424 288 564 323 l)1'vin.1,
587 286 666 324 45.):
698 285 843 326 Itemque,
872 285 986 324 inquit,
1013 286 1044 314 in
1068 284 1223 316 lustranda
1246 286 1364 317 colonia
1387 287 1424 317 ab
1447 300 1496 325 eo,
1527 290 1578 330 qui
1600 301 1661 318 eam
1686 287 1851 325 deduceret,
1875 297 1901 318 et
1925 302 1987 319 cum
2011 293 2168 331 imperator

221 332 396 364 exercitum,
428 340 527 357 censor
546 327 687 368 populum
712 327 864 364 lustraret,
897 327 980 357 bonis
1003 328 1183 367 nominibus,
1214 331 1265 370 qui
1287 329 1397 359 hostias
1419 330 1570 367 ducerent,
1602 331 1799 370 eligebantur,
1831 330 1911 371 quod
1932 331 2008 361 idem
2031 335 2059 362 in
2084 335 2167 365 dele-

221 381 269 402 ctu
287 372 366 402 Coss.
389 370 558 405 observant,
581 379 613 399 ut
634 371 747 410 primus
770 369 852 398 miles
864 371 927 410 fiat
953 369 1028 399 hono
1050 372 1174 401 nomine.
1207 373 1344 401 Ceterum
1367 373 1399 401 in
1422 374 1522 402 verbis
1544 374 1623 402 Festi
1647 384 1702 412 pro
1726 372 1865 402 eruendus
1888 374 2041 412 legendum
2056 376 2167 416 fruen-

221 414 288 449 dus,
312 419 344 441 ut
366 414 422 440 iam
447 413 515 441 olim
540 413 642 441 videre
665 414 723 442 viri
748 412 930 449 doctissimi,
960 413 1013 441 etsi
1036 412 1176 443 eruendus
1199 415 1420 453 quodammodo
1444 416 1563 445 defendi
1587 427 1674 455 posse
1696 416 1847 450 videatur,
1871 417 1930 444 imo
1954 422 1982 445 et
2004 417 2077 446 nihil
2101 430 2168 448 mu-

222 456 353 484 tandum.
391 455 484 483 Larus
507 456 653 484 Lucrinus
674 455 830 484 Iocabatur
852 455 1016 491 eruendus,
1040 455 1071 483 id
1095 461 1154 493 est,
1178 462 1212 486 ut
1234 467 1286 495 ego
1308 458 1507 498 interpretor,
1531 457 1683 495 relandus,
1705 457 1886 497 purgandus.
1909 458 1997 488 Dac.
2041 459 2166 492 Dilecta.

221 498 293 526 Vide
316 508 405 536 supra
429 496 567 527 Dilectus.
616 497 721 527 Goth.

316 547 525 620 IdLaneae
557 548 729 591 effigies.
774 549 848 578 Vide
870 547 954 578 Pilae
982 553 1010 577 et
1031 547 1163 590 Effigies.
1193 550 1282 579 Dae.
1327 549 1382 589 In,-
1413 552 1461 581 ad.
1488 550 1591 582 Goth.
1636 549 1798 580 Redaclae.
1837 551 1978 589 Sedatae3
2011 553 2060 581 alii
2084 553 2167 583 rela-

219 599 271 619 tae.
370 602 427 619 em.

792 686 906 719 AD
1010 685 1594 723 LIBRUMXI.

381 767 546 807 Illagnos
575 767 696 801 ludos,
739 770 784 798 Ita
806 769 902 798 dictos
927 774 1012 808 putat
1034 768 1177 799 Asconius
1201 775 1287 810 (pag.
1301 770 1351 802 57.
1375 770 1429 800 Ed.
1452 771 1567 810 Lugd.)
1589 771 1670 809 quod
1690 772 1806 809 magnis
1829 771 1972 810 impensis
1996 772 2163 812 ederentur,

218 811 267 838 sed
290 810 330 838 ita
353 811 452 849 potius
475 811 590 846 vocati,
629 812 709 850 quod
732 813 763 841 in
786 812 929 841 honorem
954 812 1042 841 trium
1067 823 1240 850 magnorum
1266 814 1411 851 Deorum,
1447 814 1524 843 lovis
1547 815 1676 852 scilieet,
1711 814 1830 842 Iunonis
1853 819 1882 843 et
1905 815 2054 844 Minervae
2075 826 2165 855 pera-

217 858 361 890 gerentur.
386 854 487 881 Cicero
511 853 561 882 lib.
574 854 608 884 V.
632 855 662 882 iu
686 855 769 884 Verr.
794 856 931 892 (c.14.):
953 854 1036 884 Mihi
1057 854 1143 884 ludos
1166 856 1400 896 antiquissimos,
1425 857 1475 897 qui
1495 857 1585 896 primi
1606 855 1739 885 Romani
1759 855 1902 896 appellati
1923 865 2004 895 sunt,
2027 860 2165 889 maa-ima

217 906 281 923 cum
305 894 448 934 dignitate
470 907 506 924 ac
528 895 667 935 religione
689 896 769 934 Iovi,
793 896 916 935 Iunoni,
939 897 1148 938 Minervaeque
1170 911 1228 927 esse
1246 897 1415 938 faciendos.
1458 899 1583 928 Fiebant
1605 904 1700 927 autem
1724 909 1823 927 mense
1846 900 1995 938 Septemb.
2018 911 2072 939 per
2093 902 2164 940 plu-

218 948 263 965 res
287 937 365 975 dies3
395 938 430 965 iis
455 939 531 966 enim
556 940 715 977 aliquando
739 950 845 969 novem
869 940 1037 979 insumptos
1061 941 1151 970 fuisse
1172 941 1203 969 iu
1227 942 1310 969 tastis
1333 941 1474 980 reperias.
1520 941 1608 972 Dae.

376 987 540 1020 Illeltom.
586 991 689 1019 Scribo
712 989 846 1031 meliorn;
875 991 1066 1020 Tarentinum
1090 997 1132 1020 est
1155 990 1308 1030 οἲμέννων,
1332 1002 1387 1030 pro
1412 989 1550 1030 ἀμείνων.
1595 992 1667 1020 Cum
1691 991 1766 1020 duae
1789 993 1819 1019 in
1843 992 1956 1021 Graeca
1976 1004 2050 1023 voce
2072 995 2162 1034 liqui-

216 1031 268 1059 dae
290 1031 508 1067 interveniunt,
547 1032 637 1061 altera
661 1043 775 1073 semper
798 1038 930 1062 mutatur
953 1034 983 1061 in
1008 1035 1086 1064 ἰῶτα.
1130 1035 1164 1062 Iu
1187 1035 1288 1063 Latina
1312 1035 1428 1072 lingua,
1460 1033 1589 1072 φύλλος,
1617 1035 1737 1063 solium:
1774 1033 1911 1072 ἅλλομαι,
1942 1037 2035 1065 salio:
2065 1035 2162 1073 ἄλλος,

216 1074 303 1102 alius:
328 1070 479 1111 (ἷμὲννων,
503 1075 630 1111 mentor,
653 1077 733 1114 quod
757 1081 856 1114 postea
881 1077 993 1105 melior.
1016 1075 1114 1106 Scal.
1147 1078 1220 1115 Lege
1244 1088 1310 1105 cum
1330 1078 1480 1114 scaligero
1497 1076 1628 1107 A'Weliom.
1649 1077 1736 1107 Dac.
1762 1077 1879 1106 Minime
1902 1088 1982 1107 vero.
2011 1080 2062 1108 Est
2086 1080 2162 1108 enim

219 1115 342 1153 lehhos,
365 1114 469 1152 melta,
493 1116 608 1146 meltom
631 1119 770 1157 antiquus
794 1119 957 1157 positivus,
980 1119 1058 1147 unde
1082 1120 1160 1157 apud
1187 1120 1315 1147 Graecos
1339 1120 1469 1148 derivata
1494 1121 1663 1159 βελτ-ίων,
1689 1120 1880 1159 &etr-istoc.

378 1166 542 1197 Matrem
566 1177 758 1198 matutam.
804 1169 877 1198 Vide
892 1170 987 1200 IlIane
1007 1182 1025 1198 α
1048 1168 1106 1197 diis
1129 1169 1271 1200 manibus.
1302 1170 1381 1199 Infra
1405 1181 1460 1210 pro
1483 1171 1549 1199 usui
1569 1171 1726 1209 legendum
1750 1171 1818 1201 esui,
1850 1170 1888 1199 Et
1910 1171 1940 1199 in
1963 1172 2092 1199 carmine
2106 1171 2162 1200 Sa-

214 1207 283 1237 liari
307 1221 388 1239 cerus
410 1221 524 1240 manus.
556 1212 646 1240 cerus
669 1222 773 1241 manus
796 1213 906 1251 optime
929 1213 1145 1251 interpretatur
1161 1212 1265 1241 Festus
1288 1221 1401 1243 creator
1424 1213 1523 1242 honus.
1557 1214 1658 1252 Neque
1681 1218 1779 1241 tamen
1803 1225 1884 1242 cerus
1902 1224 1917 1240 a
1938 1224 2016 1242 cereo
2039 1214 2162 1253 antiquo

214 1252 321 1287 verbo,
345 1257 378 1280 ut
400 1252 465 1291 ipse
487 1254 623 1292 putavit,
647 1255 699 1282 sed
723 1265 803 1284 cerus
826 1260 871 1284 est
889 1256 1008 1295 genius,
1031 1260 1064 1284 ut
1087 1266 1102 1283 a
1126 1255 1291 1292 munimen,
1314 1266 1447 1294 carmen3
1474 1256 1621 1295 genimen,
1642 1267 1768 1295 germen.
1811 1256 1853 1284 Ita
1874 1256 1990 1295 genius,
2010 1267 2111 1295 gerus,
2134 1262 2162 1285 et

216 1292 242 1322 C
262 1304 317 1332 pro
345 1293 386 1329 G,
414 1306 504 1323 cerus.
549 1297 586 1324 Et
609 1307 694 1325 cerus
718 1307 822 1325 manus
845 1298 1045 1326 vetustissima
1068 1297 1168 1335 lingua
1189 1298 1290 1335 genius
1314 1297 1413 1327 bonus.
1458 1299 1494 1326 Et
1516 1299 1556 1327 ita
1578 1299 1606 1326 in
1630 1298 1763 1327 Ianualio
1788 1299 1919 1326 carmine
1943 1297 2040 1326 dictus
2062 1299 2161 1335 Ianus,

214 1337 266 1374 qui
294 1337 325 1365 in
347 1337 522 1367 Pontificum
553 1339 786 1374 indigitamentis
810 1338 902 1369 Ianus
927 1347 1020 1379 pater.
1064 1341 1102 1370 Et
1130 1340 1209 1378 apud
1233 1340 1374 1368 Catonem
1404 1340 1434 1368 in
1459 1340 1647 1377 Originibus:
1682 1339 1772 1369 Ianus
1798 1341 1907 1379 genius,
1954 1340 2028 1369 Vide
2051 1341 2160 1370 Meum.

214 1379 319 1409 Exere.
344 1379 417 1410 Crit.
439 1386 517 1418 part.
532 1381 572 1410 ΙΙ.
595 1381 646 1413 lib.
657 1382 709 1413 ΙΙΙ.
733 1393 798 1422 cap.
814 1385 839 1413 1.
872 1382 969 1422 (Adde
991 1383 1070 1412 infra
1093 1392 1167 1421 quae
1190 1386 1289 1411 notata
1313 1387 1382 1411 sunt
1403 1383 1433 1410 in
1455 1382 1559 1413 illan-r
1580 1381 1736 1421 Matuta).
1781 1381 1869 1410 Dac.

377 1431 575 1462 Minutum.
619 1433 723 1463 Scribe
746 1431 884 1471 μινύειν,
920 1443 980 1462 non
1004 1435 1115 1472 μειοῦν.
1146 1431 1248 1462 Scal.
1293 1432 1441 1461 Minutum
1466 1438 1509 1461 est
1532 1444 1547 1462 a
1571 1434 1670 1462 minuo
1693 1432 1774 1471 quod
1797 1444 1811 1461 a
1836 1429 1957 1471 μινύθω
1980 1432 2027 1462 vel
2051 1431 2160 1472 μινύω,

213 1472 293 1510 quod
316 1483 332 1501 a
354 1471 461 1511 μινυὸς
482 1474 579 1504 Attice
600 1485 656 1514 pro
678 1473 800 1515 μικρὸς,
822 1486 951 1515 parvus·‚
972 1475 1107 1505 Eustath.
1151 1475 1231 1504 Bene
1252 1475 1353 1513 itaque
1376 1475 1507 1513 Scaliger
1532 1476 1584 1515 qui
1606 1486 1661 1515 pro
1685 1477 1790 1515 μειοῦν
1812 1475 1970 1513 legendum
1992 1481 2093 1505 monet
2113 1488 2159 1515 μι-

212 1513 305 1548 νὺειν.
349 1515 437 1545 Dae.

376 1565 457 1595 Min
468 1578 558 1596 ores.
603 1568 634 1596 Si
656 1573 717 1597 tres
740 1579 855 1598 sorores
878 1568 981 1598 eodem
1003 1568 1124 1598 nomine
1148 1572 1250 1605 erant,
1289 1567 1515 1605 cognominibus
1539 1579 1553 1596 a
1576 1578 1700 1597 numero
1725 1568 1992 1606 distinguebantur.
2035 1568 2160 1597 Servilia

213 1608 330 1646 Prima,
353 1609 478 1638 Servilia
503 1610 654 1647 Secunda,
677 1612 801 1640 Servilia
825 1611 933 1641 Tertia.
972 1611 1001 1639 Si
1026 1611 1102 1640 duae
1125 1610 1161 1639 ab
1185 1614 1295 1639 aetate:
1323 1608 1450 1638 Servilia
1471 1611 1582 1648 maior,
1607 1609 1732 1640 Servilia
1755 1611 1859 1640 minor.
1897 1611 1998 1641 Livius
2021 1611 2059 1648 (1,
2082 1611 2160 1648 46.);

213 1650 316 1679 Aruns
344 1651 536 1691 Tarquinius,
562 1660 587 1681 et
615 1651 715 1682 Tullia
737 1654 840 1683 minor.
885 1653 1027 1683 Horatius
1051 1654 1153 1691 (Serm.
1173 1653 1203 1690 I,
1227 1654 1262 1690 8,
1285 1653 1365 1690 25.):

898 1702 969 1734 Cum
993 1703 1116 1744 Sagana
1137 1704 1247 1733 maiore
1266 1701 1436 1733 ululantem.

217 1751 315 1781 scal.
345 1753 422 1781 Hinc
446 1753 581 1783 Glossae:
606 1753 741 1784 Minores
762 1754 1011 1794 μεταγενέστεροι.
1042 1756 1079 1785 Et
1102 1757 1213 1792 minor,
1237 1752 1420 1793 μικρότερος.
1452 1753 1482 1783 Si
1504 1758 1565 1782 tres
1588 1758 1686 1790 erant,
1712 1753 1868 1783 dicebatur
1888 1755 2002 1795 prima,
2023 1752 2161 1792 secunda,

217 1796 299 1822 tertia
321 1794 462 1833 Servilia,
485 1797 508 1824 si
532 1797 625 1834 duae,
647 1797 758 1834 maior,
782 1798 878 1826 minor
900 1797 1036 1827 Servilia.
1062 1796 1165 1828 Goth.
1211 1798 1315 1826 Festus
1338 1798 1435 1826 minor
1457 1801 1487 1826 et
1509 1796 1606 1825 maior
1628 1797 1802 1834 cognomina
1824 1807 1887 1825 esse
1908 1796 1996 1834 dicit3
2025 1806 2061 1825 ex
2084 1797 2162 1826 Var-

217 1845 287 1864 rone
309 1842 407 1866 tamen
431 1839 578 1868 coniicere
599 1845 661 1877 est,
690 1839 759 1867 olim
782 1841 975 1878 praenomina
999 1840 1109 1878 fuisse,
1132 1840 1214 1869 unde
1236 1840 1350 1880 prima,
1373 1838 1518 1876 secunda,
1542 1838 1642 1876 tertia,
1666 1844 1771 1877 quarta
1793 1839 1902 1868 ibidem
1924 1838 2045 1875 scribit,
2069 1849 2161 1878 quare

220 1887 284 1905 cum
305 1880 423 1917 Sigonio
446 1881 602 1910 dicendum
626 1887 671 1911 est
695 1892 858 1920 cognomen
883 1883 941 1911 dici
967 1893 1068 1912 vocem
1093 1882 1255 1921 quamlibet
1279 1892 1335 1921 qua
1358 1881 1503 1919 gentilitia
1525 1881 1643 1909 nomina
1667 1882 1901 1920 distinguamus,
1924 1891 1982 1920 qua
2004 1891 2078 1910 voce
2099 1886 2161 1912 tam

220 1920 313 1956 prima
336 1931 420 1959 quam
444 1925 531 1953 tertia
553 1924 672 1955 nomina
696 1924 1002 1965 comprehenduntur.
1045 1926 1124 1955 Hinc
1146 1925 1179 1954 fit
1202 1930 1236 1954 ut
1256 1925 1333 1954 ratio
1357 1924 1498 1953 nascendi
1521 1923 1765 1962 praenominibus
1789 1924 1901 1963 pariter
1923 1929 1953 1953 et
1975 1924 2162 1961 cognomini-

220 1960 274 1988 bus
303 1972 418 1992 causam
448 1966 572 1997 dederit.
619 1969 716 2007 Atque
745 1973 778 1995 ut
806 1968 997 2006 praenomina
1030 1968 1191 2007 aliquando
1221 1978 1276 2007 pro
1301 1966 1552 2005 cognominibuss
1578 1966 1620 1994 sic
1644 1966 1818 2004 cognomina
1842 1977 1897 2006 pro
1919 1966 2161 2006 praenominibus

220 2009 358 2041 usurpata
381 2011 464 2043 sunt,
487 2014 520 2038 ut
544 2010 655 2049 prima,
679 2010 825 2046 secunda,
849 2011 951 2048 tertia,
976 2016 1095 2050 quarta,
1118 2011 1230 2046 maior,
1254 2010 1366 2046 minor,
1390 2019 1465 2049 quae
1489 2009 1558 2038 olim
1583 2013 1666 2037 erant
1688 2010 1899 2049 praenomina,
1923 2014 1952 2038 et
1967 2019 2074 2038 nomen
2090 2019 2161 2047 gen-

221 2044 340 2072 tilitium
363 2049 587 2089 praecedebant,
610 2058 643 2081 ut
662 2052 763 2081 Prima
783 2051 905 2081 Valeria
929 2059 984 2082 etc.
1008 2054 1115 2083 Postea
1138 2053 1310 2092 cognomina
1333 2052 1410 2080 facta
1435 2057 1463 2080 et
1486 2056 1553 2090 post
1576 2061 1682 2079 nomen
1705 2051 1884 2089 gentilitium
1907 2051 2001 2090 posita
2025 2056 2058 2080 ut
2079 2051 2159 2091 apud

221 2087 335 2116 Livium
359 2088 389 2123 (l.
411 2091 464 2126 e.):
485 2093 587 2122 Aruns
615 2095 790 2135 Tarquinius
811 2102 837 2123 et
863 2095 965 2126 Tullia
988 2097 1094 2127 minor.
1137 2096 1174 2125 Et
1194 2096 1298 2125 Horat.
1321 2093 1355 2136 (l.
1375 2092 1430 2136 c-):
1457 2092 1529 2123 Cum
1552 2092 1673 2133 Sagana
1695 2095 1806 2124 maiore
1827 2092 1998 2123 ululantem.
2033 2093 2117 2123 Dac-

384 2138 526 2170 Minam
556 2155 751 2174 mammam.
797 2146 820 2175 A
847 2147 944 2175 minus
973 2147 1041 2185 quia
1071 2146 1169 2176 minus
1196 2146 1286 2176 habet
1312 2145 1412 2182 lactis3
1451 2144 1493 2172 sic
1522 2144 1600 2184 apud
1632 2144 1793 2174 Varronem
1824 2144 1860 2173 de
1888 2153 1919 2173 re
1947 2149 2020 2173 rust.
2046 2144 2104 2182 (11,
2127 2147 2156 2177 2.

222 2190 286 2219 pag·
299 2182 350 2212 65.
375 2181 446 2216 St.):
470 2182 586 2212 Minam
609 2197 685 2215 ovem
709 2187 764 2216 Ῐιοο
786 2195 826 2216 est
848 2196 944 2217 venire
962 2188 1079 2229 glabr-o.
1114 2189 1148 2218 Id
1170 2194 1214 2218 est
1237 2199 1312 2227 quae
1335 2188 1431 2216 minus
1453 2187 1544 2217 habet
1566 2187 1657 2215 lanae.
1679 2187 1773 2218 Dae.
1810 2187 1903 2225 Igitur
1924 2185 2045 2222 Minus,
2068 2187 2158 2224 mina,

221 2223 347 2259 minum,
380 2223 541 2261 antiquitus
563 2226 621 2255 fuit
644 2229 784 2265 positivus
806 2231 964 2268 adiectivi,
994 2232 1242 2270 quemadmodum
1264 2242 1353 2271 supra
1376 2230 1505 2259 vidimus
1527 2230 1556 2258 in
1579 2228 1721 2266 IlIehom,
1747 2229 1797 2258 ubi
1819 2228 1938 2265 melios,
1962 2228 2066 2265 melta,
2088 2227 2157 2258 mel-

222 2271 297 2302 iom,
320 2265 473 2304 antiquum
496 2276 559 2296 esse
581 2270 739 2305 positivum
763 2273 966 2312 ostendimus,
991 2275 1071 2313 quod
1095 2275 1228 2305 eiusdem
1250 2273 1369 2313 stirpis,
1391 2278 1479 2312 atque
1503 2271 1603 2302 bellus.

385 2317 688 2349 Minurritiones.
733 2322 867 2353 Glossae:
897 2324 1044 2363 Ιηίηιινίι,
1072 2326 1226 2365 μινυρίζει.
1257 2323 1354 2355 Scal.
1393 2324 1469 2354 Male
1492 2323 1611 2363 quidam
1633 2323 1876 2353 mimurraiiones.
1913 2322 2120 2353 Minuritiones
2139 2332 2155 2349 a

223 2357 362 2386 minu'ir‘
382 2359 460 2397 qu⁰d
477 2370 492 2387 ³
509 2360 623 2388 Graeco
647 2364 820 2400 μίνυθῖζειν,
843 2367 968 2403 querula
991 2378 1026 2396 ac
1049 2369 1151 2405 gracili
1173 2378 1247 2397 voce
1270 2367 1435 2397 cantillare.
1471 2367 1510 2396 De
1532 2365 1745 2395 hirundinibus
1766 2366 1924 2405 usurpavit
1945 2365 2089 2394 Sidonius.
2120 2363 2155 2392 Et

224 2400 389 2438 Wwelgt’w
410 2406 454 2431 est
474 2412 488 2429 ⁸
512 2399 640 2440 μινυρόν
662 2404 741 2441 quod
764 2405 882 2443 μικρόν,
910 2405 1026 2448 ὀλίγον,
1053 2410 1072 2439 i.
1096 2421 1223 2448 parvum
1244 2411 1458 2450 interpretatur
1480 2407 1658 2447 Hesychius.
1703 2408 1792 2437 Dae.
