<?xml version="1.0" encoding="UTF-8"?>
<!DOCTYPE html PUBLIC "-//W3C//DTD XHTML 1.0 Transitional//EN"
    "http://www.w3.org/TR/xhtml1/DTD/xhtml1-transitional.dtd">
<html xmlns="http://www.w3.org/1999/xhtml" xml:lang="en" lang="en">
 <head>
  <title>
</title>
<meta http-equiv="Content-Type" content="text/html;charset=utf-8" />
  <meta name='ocr-system' content='tesseract 3.04.00' />
  <meta name='ocr-capabilities' content='ocr_page ocr_carea ocr_par ocr_line ocrx_word'/>
</head>
<body>
  <div class='ocr_page' id='page_1' title='image "./corpusgrammatico01linduoft_1116.png"; bbox 0 0 2263 2668; ppageno 0'>
   <div class='ocr_carea' id='block_1_1' title="bbox 232 158 1751 210">
    <p class='ocr_par' dir='ltr' id='par_1_1' title="bbox 232 158 1751 210">
     <span class='ocr_line' id='line_1_1' title="bbox 232 158 1751 210; baseline -0.001 -14"><span class='ocrx_word' id='word_1_1' title='bbox 232 175 308 210; x_wconf 68' lang='lat'><strong><em>333</em></strong></span> <span class='ocrx_word' id='word_1_2' title='bbox 658 160 1005 196; x_wconf 80' lang='lat' dir='ltr'><strong>COMMENTARII</strong></span> <span class='ocrx_word' id='word_1_3' title='bbox 1030 160 1079 193; x_wconf 87' lang='lat' dir='ltr'><strong><em>IN</em></strong></span> <span class='ocrx_word' id='word_1_4' title='bbox 1105 159 1248 193; x_wconf 84' lang='lat' dir='ltr'>PAULI</span> <span class='ocrx_word' id='word_1_5' title='bbox 1273 158 1471 193; x_wconf 71' lang='lat' dir='ltr'><strong><em>DiAcoul</em></strong></span> <span class='ocrx_word' id='word_1_6' title='bbox 1496 159 1751 195; x_wconf 77' lang='lat' dir='ltr'><strong><em>ExcERPTA</em></strong></span> 
     </span>
    </p>
   </div>
   <div class='ocr_carea' id='block_1_2' title="bbox 231 251 2186 1010">
    <p class='ocr_par' dir='ltr' id='par_1_2' title="bbox 233 251 2184 393">
     <span class='ocr_line' id='line_1_2' title="bbox 233 251 2182 302; baseline -0.004 -9"><span class='ocrx_word' id='word_1_7' title='bbox 233 277 290 297; x_wconf 76' lang='lat' dir='ltr'><strong><em>nec</em></strong></span> <span class='ocrx_word' id='word_1_8' title='bbox 312 264 496 302; x_wconf 83' lang='lat' dir='ltr'><strong><em>religiosum,</em></strong></span> <span class='ocrx_word' id='word_1_9' title='bbox 531 262 563 285; x_wconf 87' lang='lat' dir='ltr'><strong><em>ut</em></strong></span> <span class='ocrx_word' id='word_1_10' title='bbox 585 255 625 283; x_wconf 83' lang='lat' dir='ltr'><strong><em>ait</em></strong></span> <span class='ocrx_word' id='word_1_11' title='bbox 649 253 778 292; x_wconf 83' lang='lat' dir='ltr'><strong><em>Opilius.</em></strong></span> <span class='ocrx_word' id='word_1_12' title='bbox 822 252 993 291; x_wconf 81' lang='lat' dir='ltr'>Aliquando</span> <span class='ocrx_word' id='word_1_13' title='bbox 1017 256 1115 281; x_wconf 78' lang='lat' dir='ltr'><strong><em>tamen</em></strong></span> <span class='ocrx_word' id='word_1_14' title='bbox 1140 251 1219 290; x_wconf 87' lang='lat' dir='ltr'><strong><em>quod</em></strong></span> <span class='ocrx_word' id='word_1_15' title='bbox 1242 263 1359 281; x_wconf 87' lang='lat' dir='ltr'><strong><em>sacrum</em></strong></span> <span class='ocrx_word' id='word_1_16' title='bbox 1382 257 1424 281; x_wconf 87' lang='lat' dir='ltr'><strong><em>est</em></strong></span> <span class='ocrx_word' id='word_1_17' title='bbox 1446 257 1474 281; x_wconf 89' lang='lat' dir='ltr'><strong><em>et</em></strong></span> <span class='ocrx_word' id='word_1_18' title='bbox 1495 253 1685 291; x_wconf 86' lang='lat' dir='ltr'><strong><em>religiosum,</em></strong></span> <span class='ocrx_word' id='word_1_19' title='bbox 1716 255 1747 283; x_wconf 80' lang='lat' dir='ltr'><strong><em>id</em></strong></span> <span class='ocrx_word' id='word_1_20' title='bbox 1770 255 1881 294; x_wconf 83' lang='lat' dir='ltr'><strong><em>optime</em></strong></span> <span class='ocrx_word' id='word_1_21' title='bbox 1903 258 2039 283; x_wconf 82' lang='lat' dir='ltr'><strong><em>sanctum</em></strong></span> <span class='ocrx_word' id='word_1_22' title='bbox 2060 255 2182 286; x_wconf 80' lang='lat' dir='ltr'><strong><em>dicitur.</em></strong></span> 
     </span>
     <span class='ocr_line' id='line_1_3' title="bbox 233 295 2184 344; baseline -0.006 -11"><span class='ocrx_word' id='word_1_23' title='bbox 233 310 308 339; x_wconf 75' lang='lat' dir='ltr'><strong><em>Vide</em></strong></span> <span class='ocrx_word' id='word_1_24' title='bbox 330 305 519 344; x_wconf 69' lang='lat' dir='ltr'><strong><em>Religiosum.</em></strong></span> <span class='ocrx_word' id='word_1_25' title='bbox 544 298 630 326; x_wconf 87' lang='lat' dir='ltr'><strong><em>Dac.</em></strong></span> <span class='ocrx_word' id='word_1_26' title='bbox 671 295 801 325; x_wconf 78' lang='lat' dir='ltr'><strong><em>Sanctio.</em></strong></span> <span class='ocrx_word' id='word_1_27' title='bbox 842 296 915 324; x_wconf 87' lang='lat' dir='ltr'>Vide</span> <span class='ocrx_word' id='word_1_28' title='bbox 937 295 993 334; x_wconf 85' lang='lat' dir='ltr'><strong><em>leg.</em></strong></span> <span class='ocrx_word' id='word_1_29' title='bbox 1009 298 1039 327; x_wconf 88' lang='lat'><strong><em>9.</em></strong></span> <span class='ocrx_word' id='word_1_30' title='bbox 1064 296 1087 332; x_wconf 87' lang='lat'><strong><em>§.</em></strong></span> <span class='ocrx_word' id='word_1_31' title='bbox 1110 295 1239 334; x_wconf 86' lang='lat' dir='ltr'><strong>proprie.</strong></span> <span class='ocrx_word' id='word_1_32' title='bbox 1260 295 1290 325; x_wconf 85' lang='lat' dir='ltr'><strong><em>ff.</em></strong></span> <span class='ocrx_word' id='word_1_33' title='bbox 1314 296 1351 325; x_wconf 90' lang='lat' dir='ltr'><strong><em>de</em></strong></span> <span class='ocrx_word' id='word_1_34' title='bbox 1373 305 1473 324; x_wconf 84' lang='lat' dir='ltr'><strong><em>rerum</em></strong></span> <span class='ocrx_word' id='word_1_35' title='bbox 1496 295 1581 325; x_wconf 81' lang='lat' dir='ltr'><strong><em>divis.</em></strong></span> <span class='ocrx_word' id='word_1_36' title='bbox 1612 295 1715 327; x_wconf 74' lang='lat' dir='ltr'><strong><em>Goth.</em></strong></span> <span class='ocrx_word' id='word_1_37' title='bbox 1762 297 1838 326; x_wconf 82' lang='lat' dir='ltr'>Vide</span> <span class='ocrx_word' id='word_1_38' title='bbox 1859 296 1989 326; x_wconf 81' lang='lat' dir='ltr'><strong><em>Macrob.</em></strong></span> <span class='ocrx_word' id='word_1_39' title='bbox 2012 297 2042 325; x_wconf 84' lang='lat' dir='ltr'><strong><em>in</em></strong></span> <span class='ocrx_word' id='word_1_40' title='bbox 2064 299 2184 329; x_wconf 73' lang='lat' dir='ltr'><strong><em>satum,</em></strong></span> 
     </span>
     <span class='ocr_line' id='line_1_4' title="bbox 234 339 1180 393; baseline -0.01 -12"><span class='ocrx_word' id='word_1_41' title='bbox 234 353 300 393; x_wconf 80' lang='lat' dir='ltr'><strong><em>(lib.</em></strong></span> <span class='ocrx_word' id='word_1_42' title='bbox 315 350 364 379; x_wconf 83' lang='lat'><strong><em>111.</em></strong></span> <span class='ocrx_word' id='word_1_43' title='bbox 386 357 411 375; x_wconf 87' lang='lat' dir='ltr'><strong><em>c.</em></strong></span> <span class='ocrx_word' id='word_1_44' title='bbox 426 343 476 382; x_wconf 83' lang='lat'><strong><em>3.).</em></strong></span> <span class='ocrx_word' id='word_1_45' title='bbox 522 339 629 370; x_wconf 77' lang='lat' dir='ltr'><strong><em>Idem.</em></strong></span> <span class='ocrx_word' id='word_1_46' title='bbox 833 381 849 386; x_wconf 36' lang='grc' dir='ltr'><strong><em>υ</em></strong></span> <span class='ocrx_word' id='word_1_47' title='bbox 1175 380 1180 385; x_wconf 35' lang='lat'><em>¹</em></span> 
     </span>
    </p>

    <p class='ocr_par' dir='ltr' id='par_1_3' title="bbox 231 378 2186 767">
     <span class='ocr_line' id='line_1_5' title="bbox 397 378 2184 424; baseline -0.001 -11"><span class='ocrx_word' id='word_1_48' title='bbox 397 381 605 424; x_wconf 85' lang='lat' dir='ltr'><strong><em>Sanqualis</em></strong></span> <span class='ocrx_word' id='word_1_49' title='bbox 629 381 719 410; x_wconf 85' lang='lat' dir='ltr'><strong><em>avis.</em></strong></span> <span class='ocrx_word' id='word_1_50' title='bbox 765 381 808 409; x_wconf 84' lang='lat' dir='ltr'><strong><em>Ex</em></strong></span> <span class='ocrx_word' id='word_1_51' title='bbox 830 391 884 418; x_wconf 87' lang='lat' dir='ltr'><strong><em>us,</em></strong></span> <span class='ocrx_word' id='word_1_52' title='bbox 920 391 995 419; x_wconf 86' lang='lat' dir='ltr'><strong><em>quae</em></strong></span> <span class='ocrx_word' id='word_1_53' title='bbox 1020 379 1129 409; x_wconf 81' lang='lat' dir='ltr'><strong><em>Paulus</em></strong></span> <span class='ocrx_word' id='word_1_54' title='bbox 1151 379 1200 408; x_wconf 82' lang='lat' dir='ltr'><strong><em>hic</em></strong></span> <span class='ocrx_word' id='word_1_55' title='bbox 1222 385 1252 409; x_wconf 88' lang='lat' dir='ltr'><strong><em>et</em></strong></span> <span class='ocrx_word' id='word_1_56' title='bbox 1273 381 1304 408; x_wconf 90' lang='lat' dir='ltr'><strong><em>in</em></strong></span> <span class='ocrx_word' id='word_1_57' title='bbox 1328 378 1474 419; x_wconf 80' lang='lat' dir='ltr'><strong><em>Sanquali</em></strong></span> <span class='ocrx_word' id='word_1_58' title='bbox 1493 387 1582 418; x_wconf 78' lang='lat' dir='ltr'><strong><em>porta</em></strong></span> <span class='ocrx_word' id='word_1_59' title='bbox 1605 381 1694 419; x_wconf 84' lang='lat' dir='ltr'><strong><em>dicit,</em></strong></span> <span class='ocrx_word' id='word_1_60' title='bbox 1724 382 1875 412; x_wconf 81' lang='lat' dir='ltr'>crederem</span> <span class='ocrx_word' id='word_1_61' title='bbox 1898 381 2075 420; x_wconf 85' lang='lat' dir='ltr'><strong><em>Sauqualem</em></strong></span> <span class='ocrx_word' id='word_1_62' title='bbox 2099 393 2184 411; x_wconf 81' lang='lat' dir='ltr'><strong><em>avem</em></strong></span> 
     </span>
     <span class='ocr_line' id='line_1_6' title="bbox 233 422 2184 464; baseline -0.002 -8"><span class='ocrx_word' id='word_1_63' title='bbox 233 435 324 464; x_wconf 71' lang='lat' dir='ltr'><strong><em>fuisse</em></strong></span> <span class='ocrx_word' id='word_1_64' title='bbox 346 431 374 458; x_wconf 86' lang='lat' dir='ltr'><strong><em>in</em></strong></span> <span class='ocrx_word' id='word_1_65' title='bbox 398 427 490 456; x_wconf 82' lang='lat' dir='ltr'><strong><em>tutela</em></strong></span> <span class='ocrx_word' id='word_1_66' title='bbox 513 425 615 462; x_wconf 73' lang='lat' dir='ltr'><strong><em>Sangi,</em></strong></span> <span class='ocrx_word' id='word_1_67' title='bbox 645 433 697 452; x_wconf 84' lang='lat' dir='ltr'><strong><em>seu</em></strong></span> <span class='ocrx_word' id='word_1_68' title='bbox 719 423 834 459; x_wconf 80' lang='lat' dir='ltr'><strong><em>Sancti,</em></strong></span> <span class='ocrx_word' id='word_1_69' title='bbox 864 428 895 452; x_wconf 91' lang='lat' dir='ltr'><strong><em>ut</em></strong></span> <span class='ocrx_word' id='word_1_70' title='bbox 916 424 1001 462; x_wconf 87' lang='lat' dir='ltr'><strong><em>picus</em></strong></span> <span class='ocrx_word' id='word_1_71' title='bbox 1023 422 1142 458; x_wconf 66' lang='lat' dir='ltr'><strong><em>Mutis,</em></strong></span> <span class='ocrx_word' id='word_1_72' title='bbox 1170 423 1268 461; x_wconf 82' lang='lat' dir='ltr'><strong><em>aquila</em></strong></span> <span class='ocrx_word' id='word_1_73' title='bbox 1291 423 1385 457; x_wconf 88' lang='lat' dir='ltr'><strong><em>Iovis,</em></strong></span> <span class='ocrx_word' id='word_1_74' title='bbox 1411 432 1519 450; x_wconf 89' lang='lat' dir='ltr'><strong><em>corvus</em></strong></span> <span class='ocrx_word' id='word_1_75' title='bbox 1545 424 1708 462; x_wconf 49' lang='lat' dir='ltr'><strong><em>Aponium,</em></strong></span> <span class='ocrx_word' id='word_1_76' title='bbox 1733 436 1809 464; x_wconf 86' lang='lat' dir='ltr'><strong><em>pavo</em></strong></span> <span class='ocrx_word' id='word_1_77' title='bbox 1832 425 1972 461; x_wconf 80' lang='lat' dir='ltr'><strong><em>lunonis,</em></strong></span> <span class='ocrx_word' id='word_1_78' title='bbox 1995 429 2105 454; x_wconf 72' lang='lat' dir='ltr'><strong><em>noctua</em></strong></span> <span class='ocrx_word' id='word_1_79' title='bbox 2125 425 2184 453; x_wconf 85' lang='lat' dir='ltr'><strong><em>Mi-</em></strong></span> 
     </span>
     <span class='ocr_line' id='line_1_7' title="bbox 232 463 2184 507; baseline -0.004 -4"><span class='ocrx_word' id='word_1_80' title='bbox 232 483 348 506; x_wconf 82' lang='lat' dir='ltr'><strong><em>nervae.</em></strong></span> <span class='ocrx_word' id='word_1_81' title='bbox 394 471 435 499; x_wconf 92' lang='lat' dir='ltr'><strong><em>De</em></strong></span> <span class='ocrx_word' id='word_1_82' title='bbox 457 468 512 497; x_wconf 87' lang='lat' dir='ltr'><strong><em>hac</em></strong></span> <span class='ocrx_word' id='word_1_83' title='bbox 537 467 649 495; x_wconf 84' lang='lat' dir='ltr'>Plinius</span> <span class='ocrx_word' id='word_1_84' title='bbox 671 465 721 494; x_wconf 91' lang='lat' dir='ltr'><strong><em>lib.</em></strong></span> <span class='ocrx_word' id='word_1_85' title='bbox 737 467 774 494; x_wconf 83' lang='lat' dir='ltr'><strong><em>X.</em></strong></span> <span class='ocrx_word' id='word_1_86' title='bbox 799 469 920 504; x_wconf 81' lang='lat' dir='ltr'><strong><em>cap.7.:</em></strong></span> <span class='ocrx_word' id='word_1_87' title='bbox 960 463 1137 505; x_wconf 77' lang='lat' dir='ltr'><strong><em>Sanqualem</em></strong></span> <span class='ocrx_word' id='word_1_88' title='bbox 1168 475 1248 493; x_wconf 80' lang='lat' dir='ltr'><strong><em>avem</em></strong></span> <span class='ocrx_word' id='word_1_89' title='bbox 1278 472 1364 504; x_wconf 75' lang='lat' dir='ltr'><strong><em>atque</em></strong></span> <span class='ocrx_word' id='word_1_90' title='bbox 1386 464 1588 494; x_wconf 83' lang='lat' dir='ltr'><strong><em>immussulum</em></strong></span> <span class='ocrx_word' id='word_1_91' title='bbox 1610 477 1731 506; x_wconf 75' lang='lat' dir='ltr'><strong><em>augures</em></strong></span> <span class='ocrx_word' id='word_1_92' title='bbox 1753 466 1886 496; x_wconf 85' lang='lat' dir='ltr'><strong><em>Romani</em></strong></span> <span class='ocrx_word' id='word_1_93' title='bbox 1908 468 1939 496; x_wconf 84' lang='lat' dir='ltr'><strong><em>in</em></strong></span> <span class='ocrx_word' id='word_1_94' title='bbox 1961 478 2068 506; x_wconf 75' lang='lat' dir='ltr'><strong><em>magna</em></strong></span> <span class='ocrx_word' id='word_1_95' title='bbox 2089 478 2184 507; x_wconf 79' lang='lat' dir='ltr'><strong><em>quae-</em></strong></span> 
     </span>
     <span class='ocr_line' id='line_1_8' title="bbox 232 506 2185 550; baseline -0.005 -3"><span class='ocrx_word' id='word_1_96' title='bbox 232 519 323 548; x_wconf 69' lang='lat' dir='ltr'><strong><em>stione</em></strong></span> <span class='ocrx_word' id='word_1_97' title='bbox 345 512 459 543; x_wconf 75' lang='lat' dir='ltr'><strong><em>habent.</em></strong></span> <span class='ocrx_word' id='word_1_98' title='bbox 494 508 698 540; x_wconf 79' lang='lat' dir='ltr'><strong><em>Immussulum</em></strong></span> <span class='ocrx_word' id='word_1_99' title='bbox 721 507 816 548; x_wconf 84' lang='lat' dir='ltr'><em>aliqui</em></span> <span class='ocrx_word' id='word_1_100' title='bbox 837 507 961 537; x_wconf 78' lang='lat' dir='ltr'><strong><em>vulturis</em></strong></span> <span class='ocrx_word' id='word_1_101' title='bbox 980 506 1095 547; x_wconf 85' lang='lat' dir='ltr'><strong><em>pullum</em></strong></span> <span class='ocrx_word' id='word_1_102' title='bbox 1120 506 1302 536; x_wconf 76' lang='lat' dir='ltr'><strong><em>arbitrantur</em></strong></span> <span class='ocrx_word' id='word_1_103' title='bbox 1323 518 1381 535; x_wconf 84' lang='lat' dir='ltr'><strong><em>esse</em></strong></span> <span class='ocrx_word' id='word_1_104' title='bbox 1402 514 1428 534; x_wconf 80' lang='lat' dir='ltr'><strong><em>et</em></strong></span> <span class='ocrx_word' id='word_1_105' title='bbox 1450 507 1621 547; x_wconf 79' lang='lat' dir='ltr'><em>sanqualem</em></span> <span class='ocrx_word' id='word_1_106' title='bbox 1645 509 1819 550; x_wconf 75' lang='lat' dir='ltr'><strong><em>ossifragae.</em></strong></span> <span class='ocrx_word' id='word_1_107' title='bbox 1857 509 2026 539; x_wconf 71' lang='lat' dir='ltr'><strong><em>Massurius</em></strong></span> <span class='ocrx_word' id='word_1_108' title='bbox 2047 519 2185 549; x_wconf 79' lang='lat' dir='ltr'><strong><em>sanqua-</em></strong></span> 
     </span>
     <span class='ocr_line' id='line_1_9' title="bbox 231 548 2184 596; baseline -0.004 -9"><span class='ocrx_word' id='word_1_109' title='bbox 231 559 286 590; x_wconf 78' lang='lat' dir='ltr'><strong><em>lem</em></strong></span> <span class='ocrx_word' id='word_1_110' title='bbox 310 555 489 596; x_wconf 73' lang='lat' dir='ltr'><strong><em>ossifragam</em></strong></span> <span class='ocrx_word' id='word_1_111' title='bbox 514 563 572 582; x_wconf 80' lang='lat' dir='ltr'><strong><em>esse</em></strong></span> <span class='ocrx_word' id='word_1_112' title='bbox 594 550 683 585; x_wconf 79' lang='lat' dir='ltr'><strong><em>dicit,</em></strong></span> <span class='ocrx_word' id='word_1_113' title='bbox 707 549 908 579; x_wconf 84' lang='lat' dir='ltr'><strong><em>immussulum</em></strong></span> <span class='ocrx_word' id='word_1_114' title='bbox 932 558 1027 578; x_wconf 76' lang='lat' dir='ltr'><strong><em>autem</em></strong></span> <span class='ocrx_word' id='word_1_115' title='bbox 1048 548 1163 589; x_wconf 86' lang='lat' dir='ltr'><strong><em>pullum</em></strong></span> <span class='ocrx_word' id='word_1_116' title='bbox 1186 549 1318 590; x_wconf 83' lang='lat' dir='ltr'><strong><em>aquilae,</em></strong></span> <span class='ocrx_word' id='word_1_117' title='bbox 1339 550 1511 589; x_wconf 81' lang='lat' dir='ltr'><strong><em>priusquam</em></strong></span> <span class='ocrx_word' id='word_1_118' title='bbox 1537 549 1644 580; x_wconf 77' lang='lat' dir='ltr'><strong><em>albicet</em></strong></span> <span class='ocrx_word' id='word_1_119' title='bbox 1667 551 1772 581; x_wconf 78' lang='lat' dir='ltr'><strong><em>cauda.</em></strong></span> <span class='ocrx_word' id='word_1_120' title='bbox 1814 551 1942 591; x_wconf 75' lang='lat' dir='ltr'><strong><em>Quidam</em></strong></span> <span class='ocrx_word' id='word_1_121' title='bbox 1964 559 2031 591; x_wconf 81' lang='lat' dir='ltr'><strong><em>post</em></strong></span> <span class='ocrx_word' id='word_1_122' title='bbox 2047 551 2184 581; x_wconf 62' lang='lat' dir='ltr'><strong><em>IVIacium</em></strong></span> 
     </span>
     <span class='ocr_line' id='line_1_10' title="bbox 231 590 2186 641; baseline -0.003 -13"><span class='ocrx_word' id='word_1_123' title='bbox 231 611 368 641; x_wconf 78' lang='lat' dir='ltr'><strong><em>augurem</em></strong></span> <span class='ocrx_word' id='word_1_124' title='bbox 391 598 468 627; x_wconf 82' lang='lat' dir='ltr'><strong><em>visos</em></strong></span> <span class='ocrx_word' id='word_1_125' title='bbox 491 606 547 624; x_wconf 87' lang='lat' dir='ltr'><strong><em>non</em></strong></span> <span class='ocrx_word' id='word_1_126' title='bbox 571 606 628 623; x_wconf 88' lang='lat' dir='ltr'><strong><em>esse</em></strong></span> <span class='ocrx_word' id='word_1_127' title='bbox 643 593 758 622; x_wconf 79' lang='lat' dir='ltr'><strong><em>Romae</em></strong></span> <span class='ocrx_word' id='word_1_128' title='bbox 781 594 1004 633; x_wconf 78' lang='lat' dir='ltr'><strong><em>confirmavere‚·</em></strong></span> <span class='ocrx_word' id='word_1_129' title='bbox 1034 603 1104 631; x_wconf 73' lang='lat' dir='ltr'><strong><em>ego,</em></strong></span> <span class='ocrx_word' id='word_1_130' title='bbox 1127 591 1207 632; x_wconf 75' lang='lat' dir='ltr'><strong><em>quor]</em></strong></span> <span class='ocrx_word' id='word_1_131' title='bbox 1228 590 1414 620; x_wconf 82' lang='lat' dir='ltr'><strong><em>verisimilius</em></strong></span> <span class='ocrx_word' id='word_1_132' title='bbox 1437 599 1493 628; x_wconf 81' lang='lat' dir='ltr'><strong><em>est,</em></strong></span> <span class='ocrx_word' id='word_1_133' title='bbox 1517 593 1547 620; x_wconf 87' lang='lat' dir='ltr'><strong><em>in</em></strong></span> <span class='ocrx_word' id='word_1_134' title='bbox 1571 592 1684 622; x_wconf 78' lang='lat' dir='ltr'><strong><em>desidia</em></strong></span> <span class='ocrx_word' id='word_1_135' title='bbox 1707 606 1800 623; x_wconf 88' lang='lat' dir='ltr'><strong><em>rerum</em></strong></span> <span class='ocrx_word' id='word_1_136' title='bbox 1825 597 1952 623; x_wconf 87' lang='lat' dir='ltr'><strong><em>omnium</em></strong></span> <span class='ocrx_word' id='word_1_137' title='bbox 1977 604 2035 622; x_wconf 86' lang='lat' dir='ltr'><strong><em>non</em></strong></span> <span class='ocrx_word' id='word_1_138' title='bbox 2055 593 2186 623; x_wconf 75' lang='lat' dir='ltr'><strong><em>arbitror</em></strong></span> 
     </span>
     <span class='ocr_line' id='line_1_11' title="bbox 232 632 2184 684; baseline -0.005 -11"><span class='ocrx_word' id='word_1_139' title='bbox 232 644 358 684; x_wconf 71' lang='lat' dir='ltr'><strong><em>agnitos.</em></strong></span> <span class='ocrx_word' id='word_1_140' title='bbox 394 640 468 669; x_wconf 86' lang='lat' dir='ltr'>Vide</span> <span class='ocrx_word' id='word_1_141' title='bbox 490 636 598 667; x_wconf 75' lang='lat' dir='ltr'><strong><em>Alites.</em></strong></span> <span class='ocrx_word' id='word_1_142' title='bbox 621 636 710 666; x_wconf 77' lang='lat' dir='ltr'><strong><em>Ant.</em></strong></span> <span class='ocrx_word' id='word_1_143' title='bbox 732 635 826 675; x_wconf 79' lang='lat' dir='ltr'><strong><em>Aug.</em></strong></span> <span class='ocrx_word' id='word_1_144' title='bbox 873 633 1036 675; x_wconf 77' lang='lat' dir='ltr'><strong><em>Sanqualis</em></strong></span> <span class='ocrx_word' id='word_1_145' title='bbox 1058 635 1121 663; x_wconf 74' lang='lat' dir='ltr'><strong><em>avis</em></strong></span> <span class='ocrx_word' id='word_1_146' title='bbox 1142 646 1160 663; x_wconf 83' lang='lat' dir='ltr'><strong><em>a</em></strong></span> <span class='ocrx_word' id='word_1_147' title='bbox 1181 633 1355 674; x_wconf 81' lang='lat' dir='ltr'><strong><em>quibusdam</em></strong></span> <span class='ocrx_word' id='word_1_148' title='bbox 1383 632 1540 674; x_wconf 73' lang='lat' dir='ltr'><strong><em>Ossifraga</em></strong></span> <span class='ocrx_word' id='word_1_149' title='bbox 1561 635 1736 675; x_wconf 70' lang='lat' dir='ltr'><strong><em>appellatur.</em></strong></span> <span class='ocrx_word' id='word_1_150' title='bbox 1779 636 1890 666; x_wconf 78' lang='lat' dir='ltr'><strong><em>Eadem</em></strong></span> <span class='ocrx_word' id='word_1_151' title='bbox 1913 638 1943 666; x_wconf 84' lang='lat' dir='ltr'><strong><em>in</em></strong></span> <span class='ocrx_word' id='word_1_152' title='bbox 1966 636 2184 665; x_wconf 78' lang='lat' dir='ltr'><strong><em>commentariis</em></strong></span> 
     </span>
     <span class='ocr_line' id='line_1_12' title="bbox 232 675 2184 725; baseline -0.004 -12"><span class='ocrx_word' id='word_1_153' title='bbox 232 682 422 725; x_wconf 76' lang='lat' dir='ltr'><strong><em>auguralibus</em></strong></span> <span class='ocrx_word' id='word_1_154' title='bbox 445 681 546 719; x_wconf 77' lang='lat' dir='ltr'><strong><em>Sanga</em></strong></span> <span class='ocrx_word' id='word_1_155' title='bbox 570 678 694 714; x_wconf 76' lang='lat' dir='ltr'><strong><em>dicitur,</em></strong></span> <span class='ocrx_word' id='word_1_156' title='bbox 724 678 793 718; x_wconf 86' lang='lat' dir='ltr'><strong><em>quia</em></strong></span> <span class='ocrx_word' id='word_1_157' title='bbox 816 679 845 706; x_wconf 89' lang='lat' dir='ltr'><strong><em>in</em></strong></span> <span class='ocrx_word' id='word_1_158' title='bbox 872 677 924 706; x_wconf 88' lang='lat' dir='ltr'><strong><em>Dei</em></strong></span> <span class='ocrx_word' id='word_1_159' title='bbox 947 676 1041 716; x_wconf 75' lang='lat' dir='ltr'><strong><em>Sangi</em></strong></span> <span class='ocrx_word' id='word_1_160' title='bbox 1063 675 1152 706; x_wconf 79' lang='lat' dir='ltr'><strong><em>tutela</em></strong></span> <span class='ocrx_word' id='word_1_161' title='bbox 1175 684 1224 705; x_wconf 74' lang='lat' dir='ltr'><strong><em>esi.</em></strong></span> <span class='ocrx_word' id='word_1_162' title='bbox 1249 675 1348 706; x_wconf 80' lang='lat' dir='ltr'><strong><em>Scal.</em></strong></span> <span class='ocrx_word' id='word_1_163' title='bbox 1388 676 1531 705; x_wconf 75' lang='lat' dir='ltr'><strong><em>Videatur</em></strong></span> <span class='ocrx_word' id='word_1_164' title='bbox 1554 676 1748 708; x_wconf 66' lang='lat' dir='ltr'><strong><em>Imm-asculus</em></strong></span> <span class='ocrx_word' id='word_1_165' title='bbox 1771 677 1983 719; x_wconf 68' lang='lat' dir='ltr'><strong><em>(Immundus).</em></strong></span> <span class='ocrx_word' id='word_1_166' title='bbox 2014 678 2066 707; x_wconf 88' lang='lat' dir='ltr'><strong><em>Da</em></strong></span> <span class='ocrx_word' id='word_1_167' title='bbox 2076 690 2100 708; x_wconf 87' lang='lat' dir='ltr'><strong><em>c.</em></strong></span> <span class='ocrx_word' id='word_1_168' title='bbox 2143 679 2184 706; x_wconf 86' lang='lat' dir='ltr'><strong><em>De</em></strong></span> 
     </span>
     <span class='ocr_line' id='line_1_13' title="bbox 235 719 1644 767; baseline -0.007 -9"><span class='ocrx_word' id='word_1_169' title='bbox 235 725 381 767; x_wconf 77' lang='lat' dir='ltr'><strong><em>Sanguali</em></strong></span> <span class='ocrx_word' id='word_1_170' title='bbox 403 735 455 752; x_wconf 74' lang='lat' dir='ltr'><strong><em>ave</em></strong></span> <span class='ocrx_word' id='word_1_171' title='bbox 477 723 563 751; x_wconf 81' lang='lat' dir='ltr'><strong><em>adeas</em></strong></span> <span class='ocrx_word' id='word_1_172' title='bbox 586 721 672 749; x_wconf 79' lang='lat' dir='ltr'><strong><em>etiam</em></strong></span> <span class='ocrx_word' id='word_1_173' title='bbox 698 721 732 749; x_wconf 89' lang='lat' dir='ltr'><strong><em>K.</em></strong></span> <span class='ocrx_word' id='word_1_174' title='bbox 757 720 792 748; x_wconf 94' lang='grc' dir='ltr'><strong><em>Ο.</em></strong></span> <span class='ocrx_word' id='word_1_175' title='bbox 816 721 931 748; x_wconf 73' lang='lat' dir='ltr'><strong><em>muller.</em></strong></span> <span class='ocrx_word' id='word_1_176' title='bbox 955 720 984 747; x_wconf 89' lang='lat' dir='ltr'><strong><em>in</em></strong></span> <span class='ocrx_word' id='word_1_177' title='bbox 1006 719 1083 748; x_wconf 80' lang='lat' dir='ltr'><strong><em>hbro</em></strong></span> <span class='ocrx_word' id='word_1_178' title='bbox 1108 719 1154 748; x_wconf 86' lang='lat' dir='ltr'><strong><em>die</em></strong></span> <span class='ocrx_word' id='word_1_179' title='bbox 1178 719 1329 748; x_wconf 85' lang='lat' dir='ltr'><strong><em>Etrusker.</em></strong></span> <span class='ocrx_word' id='word_1_180' title='bbox 1352 724 1420 747; x_wconf 82' lang='lat' dir='ltr'><strong><em>toni.</em></strong></span> <span class='ocrx_word' id='word_1_181' title='bbox 1435 719 1470 747; x_wconf 85' lang='lat' dir='ltr'><strong><em>Il.</em></strong></span> <span class='ocrx_word' id='word_1_182' title='bbox 1496 730 1559 757; x_wconf 81' lang='lat' dir='ltr'><strong><em>pag.</em></strong></span> <span class='ocrx_word' id='word_1_183' title='bbox 1576 723 1644 751; x_wconf 79' lang='lat'><strong><em>120.</em></strong></span> 
     </span>
    </p>

    <p class='ocr_par' dir='ltr' id='par_1_4' title="bbox 233 762 2186 1010">
     <span class='ocr_line' id='line_1_14' title="bbox 398 762 2185 801; baseline -0.002 -8"><span class='ocrx_word' id='word_1_184' title='bbox 398 765 546 794; x_wconf 89' lang='lat' dir='ltr'><strong><em>Saccor</em></strong></span> <span class='ocrx_word' id='word_1_185' title='bbox 561 786 567 792; x_wconf 96' lang='lat'><strong><em>.</em></strong></span> <span class='ocrx_word' id='word_1_186' title='bbox 583 786 590 792; x_wconf 88' lang='lat'><strong><em>.</em></strong></span> <span class='ocrx_word' id='word_1_187' title='bbox 605 786 613 793; x_wconf 87' lang='lat'><strong><em>.</em></strong></span> <span class='ocrx_word' id='word_1_188' title='bbox 644 763 705 800; x_wconf 81' lang='lat' dir='ltr'><strong><em>(Ad</em></strong></span> <span class='ocrx_word' id='word_1_189' title='bbox 730 773 756 801; x_wconf 87' lang='lat' dir='ltr'><strong><em>p.</em></strong></span> <span class='ocrx_word' id='word_1_190' title='bbox 771 763 858 801; x_wconf 77' lang='lat'><strong><em>251.)</em></strong></span> <span class='ocrx_word' id='word_1_191' title='bbox 889 764 1048 790; x_wconf 71' lang='lat' dir='ltr'><strong><em>Succorum</em></strong></span> <span class='ocrx_word' id='word_1_192' title='bbox 1071 762 1205 790; x_wconf 83' lang='lat' dir='ltr'><strong><em>fortasse.</em></strong></span> <span class='ocrx_word' id='word_1_193' title='bbox 1228 762 1299 799; x_wconf 89' lang='lat' dir='ltr'><strong><em>quid</em></strong></span> <span class='ocrx_word' id='word_1_194' title='bbox 1323 763 1398 789; x_wconf 83' lang='lat' dir='ltr'><strong><em>enim</em></strong></span> <span class='ocrx_word' id='word_1_195' title='bbox 1423 762 1504 790; x_wconf 87' lang='lat' dir='ltr'><strong><em>aliud</em></strong></span> <span class='ocrx_word' id='word_1_196' title='bbox 1529 763 1588 790; x_wconf 90' lang='lat' dir='ltr'><strong><em>dici</em></strong></span> <span class='ocrx_word' id='word_1_197' title='bbox 1613 763 1722 801; x_wconf 84' lang='lat' dir='ltr'>possit,</span> <span class='ocrx_word' id='word_1_198' title='bbox 1754 763 1824 791; x_wconf 89' lang='lat' dir='ltr'><strong><em>mihi</em></strong></span> <span class='ocrx_word' id='word_1_199' title='bbox 1848 764 1878 792; x_wconf 91' lang='lat' dir='ltr'><strong><em>in</em></strong></span> <span class='ocrx_word' id='word_1_200' title='bbox 1903 769 2027 792; x_wconf 84' lang='lat' dir='ltr'><strong><em>mentem</em></strong></span> <span class='ocrx_word' id='word_1_201' title='bbox 2050 772 2110 790; x_wconf 88' lang='lat' dir='ltr'><strong><em>non</em></strong></span> <span class='ocrx_word' id='word_1_202' title='bbox 2132 772 2185 791; x_wconf 89' lang='lat' dir='ltr'><strong><em>ve-</em></strong></span> 
     </span>
     <span class='ocr_line' id='line_1_15' title="bbox 234 803 2185 846; baseline -0.004 -6"><span class='ocrx_word' id='word_1_203' title='bbox 234 813 285 841; x_wconf 87' lang='lat' dir='ltr'><strong><em>nit.</em></strong></span> <span class='ocrx_word' id='word_1_204' title='bbox 315 810 400 839; x_wconf 78' lang='lat' dir='ltr'><strong><em>Ant.</em></strong></span> <span class='ocrx_word' id='word_1_205' title='bbox 423 807 519 846; x_wconf 80' lang='lat' dir='ltr'><strong><em>Aug.</em></strong></span> <span class='ocrx_word' id='word_1_206' title='bbox 565 805 742 845; x_wconf 85' lang='lat' dir='ltr'><strong><em>Sycomorus</em></strong></span> <span class='ocrx_word' id='word_1_207' title='bbox 770 813 810 834; x_wconf 80' lang='lat' dir='ltr'><strong><em>est</em></strong></span> <span class='ocrx_word' id='word_1_208' title='bbox 830 817 920 845; x_wconf 74' lang='lat' dir='ltr'><strong><em>genus</em></strong></span> <span class='ocrx_word' id='word_1_209' title='bbox 943 804 1072 841; x_wconf 60' lang='lat' dir='ltr'><strong><em>arboris,</em></strong></span> <span class='ocrx_word' id='word_1_210' title='bbox 1107 816 1195 844; x_wconf 83' lang='lat' dir='ltr'><strong><em>quam</em></strong></span> <span class='ocrx_word' id='word_1_211' title='bbox 1219 803 1329 832; x_wconf 80' lang='lat' dir='ltr'><strong><em>dictam</em></strong></span> <span class='ocrx_word' id='word_1_212' title='bbox 1353 803 1533 842; x_wconf 77' lang='lat' dir='ltr'><strong><em>Pomponius</em></strong></span> <span class='ocrx_word' id='word_1_213' title='bbox 1555 806 1597 833; x_wconf 78' lang='lat' dir='ltr'><strong><em>ait</em></strong></span> <span class='ocrx_word' id='word_1_214' title='bbox 1619 816 1659 833; x_wconf 70' lang='lat' dir='ltr'><strong><em>em</em></strong></span> <span class='ocrx_word' id='word_1_215' title='bbox 1681 806 1743 844; x_wconf 81' lang='lat' dir='ltr'><strong><em>fico</em></strong></span> <span class='ocrx_word' id='word_1_216' title='bbox 1765 814 1791 834; x_wconf 81' lang='lat' dir='ltr'><strong><em>et</em></strong></span> <span class='ocrx_word' id='word_1_217' title='bbox 1813 817 1912 835; x_wconf 88' lang='lat' dir='ltr'><strong><em>moro:</em></strong></span> <span class='ocrx_word' id='word_1_218' title='bbox 1950 804 2029 846; x_wconf 77' lang='lat' dir='ltr'><strong><em>quod</em></strong></span> <span class='ocrx_word' id='word_1_219' title='bbox 2045 805 2130 845; x_wconf 85' lang='lat' dir='ltr'><strong><em>ficus</em></strong></span> <span class='ocrx_word' id='word_1_220' title='bbox 2150 816 2185 833; x_wconf 82' lang='lat' dir='ltr'><strong><em>ea</em></strong></span> 
     </span>
     <span class='ocr_line' id='line_1_16' title="bbox 233 846 2186 888; baseline -0.004 -6"><span class='ocrx_word' id='word_1_221' title='bbox 233 855 270 883; x_wconf 72' lang='lat' dir='ltr'><strong><em>sit</em></strong></span> <span class='ocrx_word' id='word_1_222' title='bbox 287 860 313 881; x_wconf 82' lang='lat' dir='ltr'><strong><em>et</em></strong></span> <span class='ocrx_word' id='word_1_223' title='bbox 332 862 439 880; x_wconf 86' lang='lat' dir='ltr'><strong><em>morus.</em></strong></span> <span class='ocrx_word' id='word_1_224' title='bbox 478 847 561 877; x_wconf 75' lang='lat' dir='ltr'><strong><em>Unde</em></strong></span> <span class='ocrx_word' id='word_1_225' title='bbox 583 859 685 877; x_wconf 82' lang='lat' dir='ltr'><strong><em>nomen</em></strong></span> <span class='ocrx_word' id='word_1_226' title='bbox 707 859 758 886; x_wconf 79' lang='lat' dir='ltr'><strong><em>per</em></strong></span> <span class='ocrx_word' id='word_1_227' title='bbox 775 859 798 888; x_wconf 90' lang='lat' dir='ltr'><em>y</em></span> <span class='ocrx_word' id='word_1_228' title='bbox 820 847 966 877; x_wconf 73' lang='lat' dir='ltr'><strong><em>scribitur.</em></strong></span> <span class='ocrx_word' id='word_1_229' title='bbox 997 848 1117 876; x_wconf 85' lang='lat' dir='ltr'><strong><em>Caetera</em></strong></span> <span class='ocrx_word' id='word_1_230' title='bbox 1140 847 1176 875; x_wconf 89' lang='lat' dir='ltr'><strong><em>de</em></strong></span> <span class='ocrx_word' id='word_1_231' title='bbox 1199 847 1265 874; x_wconf 88' lang='lat' dir='ltr'><strong><em>Sole</em></strong></span> <span class='ocrx_word' id='word_1_232' title='bbox 1288 851 1339 875; x_wconf 88' lang='lat' dir='ltr'><strong><em>aut</em></strong></span> <span class='ocrx_word' id='word_1_233' title='bbox 1360 846 1486 875; x_wconf 82' lang='lat' dir='ltr'><strong><em>fortasse</em></strong></span> <span class='ocrx_word' id='word_1_234' title='bbox 1509 848 1546 876; x_wconf 87' lang='lat' dir='ltr'><strong><em>de</em></strong></span> <span class='ocrx_word' id='word_1_235' title='bbox 1571 849 1694 876; x_wconf 83' lang='lat' dir='ltr'><strong><em>Soracte</em></strong></span> <span class='ocrx_word' id='word_1_236' title='bbox 1718 854 1818 877; x_wconf 84' lang='lat' dir='ltr'><strong><em>monte</em></strong></span> <span class='ocrx_word' id='word_1_237' title='bbox 1841 849 1971 887; x_wconf 87' lang='lat' dir='ltr'><strong><em>Apollini</em></strong></span> <span class='ocrx_word' id='word_1_238' title='bbox 1993 848 2091 876; x_wconf 88' lang='lat' dir='ltr'><strong><em>dicato</em></strong></span> <span class='ocrx_word' id='word_1_239' title='bbox 2114 857 2186 875; x_wconf 82' lang='lat' dir='ltr'><strong><em>con-</em></strong></span> 
     </span>
     <span class='ocr_line' id='line_1_17' title="bbox 234 888 2186 935; baseline -0.003 -12"><span class='ocrx_word' id='word_1_240' title='bbox 234 894 372 935; x_wconf 86' lang='lat' dir='ltr'><strong><em>cipienda</em></strong></span> <span class='ocrx_word' id='word_1_241' title='bbox 396 897 474 921; x_wconf 84' lang='lat' dir='ltr'><strong><em>sunt.</em></strong></span> <span class='ocrx_word' id='word_1_242' title='bbox 509 891 567 919; x_wconf 87' lang='lat' dir='ltr'><strong><em>Sed</em></strong></span> <span class='ocrx_word' id='word_1_243' title='bbox 590 891 723 919; x_wconf 83' lang='lat' dir='ltr'><strong><em>viderint</em></strong></span> <span class='ocrx_word' id='word_1_244' title='bbox 746 890 835 918; x_wconf 86' lang='lat' dir='ltr'><strong><em>docti.</em></strong></span> <span class='ocrx_word' id='word_1_245' title='bbox 861 888 959 918; x_wconf 83' lang='lat' dir='ltr'><strong><em>Scal.</em></strong></span> <span class='ocrx_word' id='word_1_246' title='bbox 996 890 1083 918; x_wconf 80' lang='lat' dir='ltr'><strong><em>Ficus</em></strong></span> <span class='ocrx_word' id='word_1_247' title='bbox 1108 889 1268 928; x_wconf 58' lang='lat' dir='ltr'><strong><em>Aegyptia,</em></strong></span> <span class='ocrx_word' id='word_1_248' title='bbox 1294 899 1380 927; x_wconf 77' lang='lat' dir='ltr'><strong><em>quau]</em></strong></span> <span class='ocrx_word' id='word_1_249' title='bbox 1404 890 1452 917; x_wconf 86' lang='lat' dir='ltr'><strong><em>alii</em></strong></span> <span class='ocrx_word' id='word_1_250' title='bbox 1475 889 1577 926; x_wconf 87' lang='lat' dir='ltr'><strong><em>ficum,</em></strong></span> <span class='ocrx_word' id='word_1_251' title='bbox 1602 890 1650 918; x_wconf 88' lang='lat' dir='ltr'><strong><em>alii</em></strong></span> <span class='ocrx_word' id='word_1_252' title='bbox 1675 901 1789 920; x_wconf 86' lang='lat' dir='ltr'><strong><em>morum</em></strong></span> <span class='ocrx_word' id='word_1_253' title='bbox 1815 891 1991 929; x_wconf 81' lang='lat' dir='ltr'><strong>Aegyptiam</strong></span> <span class='ocrx_word' id='word_1_254' title='bbox 2014 895 2043 919; x_wconf 87' lang='lat' dir='ltr'><strong><em>et</em></strong></span> <span class='ocrx_word' id='word_1_255' title='bbox 2067 891 2186 919; x_wconf 85' lang='lat' dir='ltr'><strong><em>nomine</em></strong></span> 
     </span>
     <span class='ocr_line' id='line_1_18' title="bbox 234 931 2185 977; baseline -0.001 -15"><span class='ocrx_word' id='word_1_256' title='bbox 234 937 400 977; x_wconf 73' lang='lat' dir='ltr'><strong><em>composito</em></strong></span> <span class='ocrx_word' id='word_1_257' title='bbox 430 944 622 973; x_wconf 69' lang='lat' dir='ltr'><strong><em>sycomorum</em></strong></span> <span class='ocrx_word' id='word_1_258' title='bbox 647 937 674 962; x_wconf 88' lang='lat' dir='ltr'><strong><em>et</em></strong></span> <span class='ocrx_word' id='word_1_259' title='bbox 697 943 874 972; x_wconf 78' lang='lat' dir='ltr'><strong><em>morosycon</em></strong></span> <span class='ocrx_word' id='word_1_260' title='bbox 905 932 1102 972; x_wconf 75' lang='lat' dir='ltr'><strong><em>appellarunt,</em></strong></span> <span class='ocrx_word' id='word_1_261' title='bbox 1136 932 1187 961; x_wconf 86' lang='lat' dir='ltr'><strong><em>Da</em></strong></span> <span class='ocrx_word' id='word_1_262' title='bbox 1198 943 1222 962; x_wconf 88' lang='lat' dir='ltr'><strong><em>c.</em></strong></span> <span class='ocrx_word' id='word_1_263' title='bbox 1266 933 1465 971; x_wconf 83' lang='lat' dir='ltr'><strong><em>Sycconiorus</em></strong></span> <span class='ocrx_word' id='word_1_264' title='bbox 1487 932 1603 961; x_wconf 83' lang='lat' dir='ltr'><strong><em>Isidoro</em></strong></span> <span class='ocrx_word' id='word_1_265' title='bbox 1628 933 1753 964; x_wconf 86' lang='lat' dir='ltr'><strong><em>1ib.V11.</em></strong></span> <span class='ocrx_word' id='word_1_266' title='bbox 1779 944 1842 974; x_wconf 83' lang='lat' dir='ltr'><strong><em>cap.</em></strong></span> <span class='ocrx_word' id='word_1_267' title='bbox 1857 936 1887 966; x_wconf 92' lang='lat'><strong><em>7.</em></strong></span> <span class='ocrx_word' id='word_1_268' title='bbox 1935 933 1993 961; x_wconf 86' lang='lat' dir='ltr'><strong><em>Alii</em></strong></span> <span class='ocrx_word' id='word_1_269' title='bbox 2016 931 2185 962; x_wconf 88' lang='lat' dir='ltr'><strong><em>Saccomo—</em></strong></span> 
     </span>
     <span class='ocr_line' id='line_1_19' title="bbox 233 977 444 1010; baseline -0.009 -1"><span class='ocrx_word' id='word_1_270' title='bbox 233 993 291 1010; x_wconf 84' lang='lat' dir='ltr'><strong><em>rus.</em></strong></span> <span class='ocrx_word' id='word_1_271' title='bbox 339 977 444 1008; x_wconf 79' lang='lat' dir='ltr'><strong><em>Goilz.</em></strong></span> 
     </span>
    </p>
   </div>
   <div class='ocr_carea' id='block_1_3' title="bbox 234 1026 2186 1321">
    <p class='ocr_par' dir='ltr' id='par_1_5' title="bbox 234 1026 2186 1321">
     <span class='ocr_line' id='line_1_20' title="bbox 400 1026 2184 1066; baseline -0.003 -8"><span class='ocrx_word' id='word_1_272' title='bbox 400 1026 530 1058; x_wconf 84' lang='lat' dir='ltr'><strong><em>Solem.</em></strong></span> <span class='ocrx_word' id='word_1_273' title='bbox 556 1027 613 1066; x_wconf 80' lang='lat' dir='ltr'><strong><em>(Ad</em></strong></span> <span class='ocrx_word' id='word_1_274' title='bbox 637 1026 762 1066; x_wconf 78' lang='lat' dir='ltr'><strong><em>p.251.)</em></strong></span> <span class='ocrx_word' id='word_1_275' title='bbox 789 1027 892 1055; x_wconf 66' lang='lat' dir='ltr'><strong><em>Cicero</em></strong></span> <span class='ocrx_word' id='word_1_276' title='bbox 909 1027 947 1056; x_wconf 85' lang='grc' dir='ltr'><strong><em>Π.</em></strong></span> <span class='ocrx_word' id='word_1_277' title='bbox 969 1027 1005 1056; x_wconf 84' lang='lat' dir='ltr'><strong><em>de</em></strong></span> <span class='ocrx_word' id='word_1_278' title='bbox 1028 1027 1093 1056; x_wconf 78' lang='lat' dir='ltr'><strong><em>Nat.</em></strong></span> <span class='ocrx_word' id='word_1_279' title='bbox 1112 1028 1196 1056; x_wconf 85' lang='lat' dir='ltr'><strong><em>Deor.</em></strong></span> <span class='ocrx_word' id='word_1_280' title='bbox 1214 1027 1249 1062; x_wconf 87' lang='lat' dir='ltr'><strong><em>(c.</em></strong></span> <span class='ocrx_word' id='word_1_281' title='bbox 1264 1029 1336 1064; x_wconf 80' lang='lat'><strong><em>27.).</em></strong></span> <span class='ocrx_word' id='word_1_282' title='bbox 1369 1027 1467 1063; x_wconf 83' lang='lat' dir='ltr'><strong><em>Quare</em></strong></span> <span class='ocrx_word' id='word_1_283' title='bbox 1491 1032 1519 1056; x_wconf 87' lang='lat' dir='ltr'><strong><em>et</em></strong></span> <span class='ocrx_word' id='word_1_284' title='bbox 1542 1027 1619 1055; x_wconf 81' lang='lat' dir='ltr'><strong><em>idem</em></strong></span> <span class='ocrx_word' id='word_1_285' title='bbox 1644 1027 1767 1066; x_wconf 83' lang='lat' dir='ltr'><strong><em>Apollo,</em></strong></span> <span class='ocrx_word' id='word_1_286' title='bbox 1790 1032 1825 1055; x_wconf 90' lang='lat' dir='ltr'><strong><em>ut</em></strong></span> <span class='ocrx_word' id='word_1_287' title='bbox 1847 1026 2033 1065; x_wconf 66' lang='lat' dir='ltr'><strong><em>Chrysippus</em></strong></span> <span class='ocrx_word' id='word_1_288' title='bbox 2056 1026 2184 1064; x_wconf 79' lang='lat' dir='ltr'><strong><em>putavit,</em></strong></span> 
     </span>
     <span class='ocr_line' id='line_1_21' title="bbox 235 1067 2184 1111; baseline -0.002 -10"><span class='ocrx_word' id='word_1_289' title='bbox 235 1074 270 1102; x_wconf 77' lang='lat' dir='ltr'><strong><em>ab</em></strong></span> <span class='ocrx_word' id='word_1_290' title='bbox 295 1086 313 1103; x_wconf 77' lang='grc' dir='ltr'><strong>α</strong></span> <span class='ocrx_word' id='word_1_291' title='bbox 335 1073 442 1111; x_wconf 81' lang='lat' dir='ltr'><strong><em>privat.</em></strong></span> <span class='ocrx_word' id='word_1_292' title='bbox 466 1076 494 1099; x_wconf 87' lang='lat' dir='ltr'><strong><em>et</em></strong></span> <span class='ocrx_word' id='word_1_293' title='bbox 517 1068 610 1105; x_wconf 73' lang='grc' dir='ltr'><em>πολύς</em></span> <span class='ocrx_word' id='word_1_294' title='bbox 633 1071 758 1106; x_wconf 74' lang='lat' dir='ltr'><strong><em>inultus,</em></strong></span> <span class='ocrx_word' id='word_1_295' title='bbox 784 1070 864 1108; x_wconf 86' lang='lat' dir='ltr'><strong><em>quod</em></strong></span> <span class='ocrx_word' id='word_1_296' title='bbox 887 1070 949 1098; x_wconf 86' lang='lat' dir='ltr'><strong><em>sine</em></strong></span> <span class='ocrx_word' id='word_1_297' title='bbox 972 1070 1089 1106; x_wconf 87' lang='lat' dir='ltr'><strong><em>multis,</em></strong></span> <span class='ocrx_word' id='word_1_298' title='bbox 1112 1071 1142 1098; x_wconf 91' lang='lat' dir='ltr'><strong><em>id</em></strong></span> <span class='ocrx_word' id='word_1_299' title='bbox 1166 1075 1208 1098; x_wconf 80' lang='lat' dir='ltr'><strong><em>est</em></strong></span> <span class='ocrx_word' id='word_1_300' title='bbox 1231 1070 1311 1098; x_wconf 83' lang='lat' dir='ltr'><strong><em>solus</em></strong></span> <span class='ocrx_word' id='word_1_301' title='bbox 1335 1071 1381 1099; x_wconf 87' lang='lat' dir='ltr'><strong><em>sit.</em></strong></span> <span class='ocrx_word' id='word_1_302' title='bbox 1417 1071 1457 1098; x_wconf 82' lang='lat' dir='ltr'><strong><em>De</em></strong></span> <span class='ocrx_word' id='word_1_303' title='bbox 1479 1070 1546 1098; x_wconf 84' lang='lat' dir='ltr'><strong><em>Sole</em></strong></span> <span class='ocrx_word' id='word_1_304' title='bbox 1568 1070 1656 1098; x_wconf 85' lang='lat' dir='ltr'><strong><em>etiam</em></strong></span> <span class='ocrx_word' id='word_1_305' title='bbox 1680 1070 1755 1098; x_wconf 79' lang='lat' dir='ltr'><strong><em>idem</em></strong></span> <span class='ocrx_word' id='word_1_306' title='bbox 1775 1070 1866 1099; x_wconf 85' lang='lat' dir='ltr'><strong><em>Varro</em></strong></span> <span class='ocrx_word' id='word_1_307' title='bbox 1891 1070 1940 1098; x_wconf 89' lang='lat' dir='ltr'><strong><em>lib.</em></strong></span> <span class='ocrx_word' id='word_1_308' title='bbox 1953 1069 2002 1098; x_wconf 89' lang='lat' dir='ltr'><strong><em>1v.</em></strong></span> <span class='ocrx_word' id='word_1_309' title='bbox 2024 1067 2071 1107; x_wconf 91' lang='lat' dir='ltr'><strong><em>(V.</em></strong></span> <span class='ocrx_word' id='word_1_310' title='bbox 2088 1078 2116 1106; x_wconf 88' lang='lat' dir='ltr'><strong><em>p.</em></strong></span> <span class='ocrx_word' id='word_1_311' title='bbox 2132 1070 2184 1099; x_wconf 83' lang='lat'><strong><em>73.</em></strong></span> 
     </span>
     <span class='ocr_line' id='line_1_22' title="bbox 234 1111 2185 1154; baseline -0.004 -10"><span class='ocrx_word' id='word_1_312' title='bbox 234 1116 314 1154; x_wconf 61' lang='lat' dir='ltr'><strong><em>Sp),</em></strong></span> <span class='ocrx_word' id='word_1_313' title='bbox 338 1115 389 1143; x_wconf 87' lang='lat' dir='ltr'><strong><em>sed</em></strong></span> <span class='ocrx_word' id='word_1_314' title='bbox 413 1115 471 1149; x_wconf 84' lang='lat' dir='ltr'><strong><em>ita,</em></strong></span> <span class='ocrx_word' id='word_1_315' title='bbox 501 1119 533 1141; x_wconf 84' lang='lat' dir='ltr'><strong><em>ut</em></strong></span> <span class='ocrx_word' id='word_1_316' title='bbox 556 1112 636 1140; x_wconf 89' lang='lat' dir='ltr'><strong><em>aliud</em></strong></span> <span class='ocrx_word' id='word_1_317' title='bbox 660 1113 745 1141; x_wconf 77' lang='lat' dir='ltr'><strong><em>etiam</em></strong></span> <span class='ocrx_word' id='word_1_318' title='bbox 770 1118 926 1151; x_wconf 77' lang='lat' dir='ltr'><strong><em>proponat.</em></strong></span> <span class='ocrx_word' id='word_1_319' title='bbox 965 1112 1034 1149; x_wconf 83' lang='lat' dir='ltr'><strong><em>Sol,</em></strong></span> <span class='ocrx_word' id='word_1_320' title='bbox 1057 1113 1169 1151; x_wconf 87' lang='lat' dir='ltr'><strong><em>inquit,</em></strong></span> <span class='ocrx_word' id='word_1_321' title='bbox 1192 1111 1238 1140; x_wconf 83' lang='lat' dir='ltr'><strong><em>vel</em></strong></span> <span class='ocrx_word' id='word_1_322' title='bbox 1259 1111 1340 1152; x_wconf 80' lang='lat' dir='ltr'><strong><em>quod</em></strong></span> <span class='ocrx_word' id='word_1_323' title='bbox 1362 1113 1403 1141; x_wconf 75' lang='lat' dir='ltr'><strong><em>ila</em></strong></span> <span class='ocrx_word' id='word_1_324' title='bbox 1427 1112 1548 1149; x_wconf 79' lang='lat' dir='ltr'><strong><em>Sabini,</em></strong></span> <span class='ocrx_word' id='word_1_325' title='bbox 1570 1111 1615 1141; x_wconf 83' lang='lat' dir='ltr'><strong><em>vel</em></strong></span> <span class='ocrx_word' id='word_1_326' title='bbox 1636 1111 1717 1152; x_wconf 79' lang='lat' dir='ltr'><strong><em>quocl</em></strong></span> <span class='ocrx_word' id='word_1_327' title='bbox 1738 1111 1831 1141; x_wconf 77' lang='lat' dir='ltr'><strong><em>solum</em></strong></span> <span class='ocrx_word' id='word_1_328' title='bbox 1855 1113 1897 1141; x_wconf 78' lang='lat' dir='ltr'><strong><em>ita</em></strong></span> <span class='ocrx_word' id='word_1_329' title='bbox 1919 1111 2011 1146; x_wconf 79' lang='lat' dir='ltr'><strong><em>lucei,</em></strong></span> <span class='ocrx_word' id='word_1_330' title='bbox 2037 1117 2068 1138; x_wconf 78' lang='lat' dir='ltr'><strong><em>ut</em></strong></span> <span class='ocrx_word' id='word_1_331' title='bbox 2091 1121 2130 1138; x_wconf 76' lang='lat' dir='ltr'><strong><em>ex</em></strong></span> <span class='ocrx_word' id='word_1_332' title='bbox 2152 1120 2185 1138; x_wconf 83' lang='lat' dir='ltr'><strong><em>eo</em></strong></span> 
     </span>
     <span class='ocr_line' id='line_1_23' title="bbox 234 1154 2186 1195; baseline -0.004 -8"><span class='ocrx_word' id='word_1_333' title='bbox 234 1157 295 1187; x_wconf 79' lang='lat' dir='ltr'><strong><em>dies</em></strong></span> <span class='ocrx_word' id='word_1_334' title='bbox 317 1158 363 1186; x_wconf 83' lang='lat' dir='ltr'><strong><em>sit.</em></strong></span> <span class='ocrx_word' id='word_1_335' title='bbox 408 1156 464 1184; x_wconf 92' lang='lat' dir='ltr'><strong><em>Ubi</em></strong></span> <span class='ocrx_word' id='word_1_336' title='bbox 488 1156 537 1183; x_wconf 91' lang='lat' dir='ltr'><strong><em>Sol</em></strong></span> <span class='ocrx_word' id='word_1_337' title='bbox 559 1156 695 1183; x_wconf 72' lang='lat' dir='ltr'><strong><em>Sabinam</em></strong></span> <span class='ocrx_word' id='word_1_338' title='bbox 726 1166 786 1183; x_wconf 83' lang='lat' dir='ltr'><strong><em>esse</em></strong></span> <span class='ocrx_word' id='word_1_339' title='bbox 817 1166 920 1184; x_wconf 78' lang='lat' dir='ltr'><strong><em>vocem</em></strong></span> <span class='ocrx_word' id='word_1_340' title='bbox 949 1155 1045 1183; x_wconf 85' lang='lat' dir='ltr'><strong><em>innuit</em></strong></span> <span class='ocrx_word' id='word_1_341' title='bbox 1075 1160 1103 1183; x_wconf 89' lang='lat' dir='ltr'><strong><em>et</em></strong></span> <span class='ocrx_word' id='word_1_342' title='bbox 1132 1166 1194 1183; x_wconf 74' lang='lat' dir='ltr'><strong><em>eain</em></strong></span> <span class='ocrx_word' id='word_1_343' title='bbox 1218 1155 1318 1182; x_wconf 84' lang='lat' dir='ltr'><strong><em>Sabini</em></strong></span> <span class='ocrx_word' id='word_1_344' title='bbox 1347 1155 1446 1184; x_wconf 78' lang='lat' dir='ltr'><strong><em>forsan</em></strong></span> <span class='ocrx_word' id='word_1_345' title='bbox 1471 1166 1485 1182; x_wconf 83' lang='lat' dir='ltr'><strong><em>a</em></strong></span> <span class='ocrx_word' id='word_1_346' title='bbox 1508 1156 1623 1183; x_wconf 91' lang='lat' dir='ltr'><strong><em>Graeco</em></strong></span> <span class='ocrx_word' id='word_1_347' title='bbox 1647 1155 1735 1194; x_wconf 74' lang='grc' dir='ltr'><em>σέβας</em></span> <span class='ocrx_word' id='word_1_348' title='bbox 1748 1154 1868 1195; x_wconf 75' lang='lat' dir='ltr'><strong><em>fulgor.</em></strong></span> <span class='ocrx_word' id='word_1_349' title='bbox 1914 1154 1971 1182; x_wconf 84' lang='lat' dir='ltr'><strong><em>Sed</em></strong></span> <span class='ocrx_word' id='word_1_350' title='bbox 1995 1163 2062 1180; x_wconf 87' lang='lat' dir='ltr'><strong><em>cum</em></strong></span> <span class='ocrx_word' id='word_1_351' title='bbox 2085 1157 2186 1190; x_wconf 76' lang='lat' dir='ltr'><strong><em>gentes</em></strong></span> 
     </span>
     <span class='ocr_line' id='line_1_24' title="bbox 236 1192 2186 1239; baseline -0.002 -11"><span class='ocrx_word' id='word_1_352' title='bbox 236 1199 334 1230; x_wconf 85' lang='lat' dir='ltr'><strong><em>Solem</em></strong></span> <span class='ocrx_word' id='word_1_353' title='bbox 356 1210 409 1238; x_wconf 86' lang='lat' dir='ltr'><strong><em>pro</em></strong></span> <span class='ocrx_word' id='word_1_354' title='bbox 435 1200 493 1226; x_wconf 82' lang='lat' dir='ltr'><strong><em>Deo</em></strong></span> <span class='ocrx_word' id='word_1_355' title='bbox 518 1198 679 1234; x_wconf 81' lang='lat' dir='ltr'><strong><em>coluerint,</em></strong></span> <span class='ocrx_word' id='word_1_356' title='bbox 706 1197 895 1226; x_wconf 70' lang='lat' dir='ltr'><strong><em>venisimilius</em></strong></span> <span class='ocrx_word' id='word_1_357' title='bbox 918 1197 953 1225; x_wconf 80' lang='lat' dir='ltr'><strong><em>ab</em></strong></span> <span class='ocrx_word' id='word_1_358' title='bbox 978 1197 1112 1226; x_wconf 84' lang='lat' dir='ltr'><strong><em>Hebraeo</em></strong></span> <span class='ocrx_word' id='word_1_359' title='bbox 1132 1196 1186 1233; x_wconf 85' lang='lat' dir='ltr'><strong><em>El,</em></strong></span> <span class='ocrx_word' id='word_1_360' title='bbox 1209 1197 1239 1225; x_wconf 87' lang='lat' dir='ltr'><strong><em>id</em></strong></span> <span class='ocrx_word' id='word_1_361' title='bbox 1264 1202 1308 1226; x_wconf 88' lang='lat' dir='ltr'><strong><em>est</em></strong></span> <span class='ocrx_word' id='word_1_362' title='bbox 1320 1196 1434 1239; x_wconf 74' lang='lat' dir='ltr'><strong><em>fortis,</em></strong></span> <span class='ocrx_word' id='word_1_363' title='bbox 1464 1203 1554 1235; x_wconf 84' lang='lat' dir='ltr'><strong><em>atque</em></strong></span> <span class='ocrx_word' id='word_1_364' title='bbox 1578 1198 1665 1226; x_wconf 82' lang='lat' dir='ltr'><strong><em>etiam</em></strong></span> <span class='ocrx_word' id='word_1_365' title='bbox 1690 1197 1768 1225; x_wconf 79' lang='lat' dir='ltr'><strong><em>Deus</em></strong></span> <span class='ocrx_word' id='word_1_366' title='bbox 1791 1201 1827 1236; x_wconf 76' lang='grc' dir='ltr'><strong><em>ηλ</em></strong></span> <span class='ocrx_word' id='word_1_367' title='bbox 1850 1203 1879 1226; x_wconf 86' lang='lat' dir='ltr'><strong><em>et</em></strong></span> <span class='ocrx_word' id='word_1_368' title='bbox 1903 1199 1952 1226; x_wconf 80' lang='grc' dir='ltr'><strong><em>ωλ.</em></strong></span> <span class='ocrx_word' id='word_1_369' title='bbox 1999 1195 2081 1223; x_wconf 85' lang='lat' dir='ltr'><strong><em>Unde</em></strong></span> <span class='ocrx_word' id='word_1_370' title='bbox 2103 1192 2186 1231; x_wconf 72' lang='grc' dir='ltr'><strong><em>ἥλιος</em></strong></span> 
     </span>
     <span class='ocr_line' id='line_1_25' title="bbox 235 1237 2185 1279; baseline -0.004 -7"><span class='ocrx_word' id='word_1_371' title='bbox 235 1248 264 1272; x_wconf 85' lang='lat' dir='ltr'><strong><em>et</em></strong></span> <span class='ocrx_word' id='word_1_372' title='bbox 286 1244 347 1272; x_wconf 90' lang='lat' dir='ltr'><strong><em>Lat.</em></strong></span> <span class='ocrx_word' id='word_1_373' title='bbox 372 1240 425 1271; x_wconf 83' lang='lat' dir='ltr'><strong><em>sol.</em></strong></span> <span class='ocrx_word' id='word_1_374' title='bbox 470 1241 553 1269; x_wconf 83' lang='lat' dir='ltr'><strong><em>Idem</em></strong></span> <span class='ocrx_word' id='word_1_375' title='bbox 582 1245 678 1268; x_wconf 80' lang='lat' dir='ltr'><strong><em>autem</em></strong></span> <span class='ocrx_word' id='word_1_376' title='bbox 711 1240 808 1268; x_wconf 80' lang='lat' dir='ltr'><strong><em>dictus</em></strong></span> <span class='ocrx_word' id='word_1_377' title='bbox 832 1239 946 1279; x_wconf 81' lang='lat' dir='ltr'><strong><em>Apollo</em></strong></span> <span class='ocrx_word' id='word_1_378' title='bbox 969 1251 983 1268; x_wconf 90' lang='lat' dir='ltr'><strong><em>a</em></strong></span> <span class='ocrx_word' id='word_1_379' title='bbox 1009 1241 1121 1268; x_wconf 87' lang='lat' dir='ltr'><strong><em>Graeco</em></strong></span> <span class='ocrx_word' id='word_1_380' title='bbox 1145 1238 1284 1277; x_wconf 68' lang='grc' dir='ltr'><em>ἀπολεῖν,</em></span> <span class='ocrx_word' id='word_1_381' title='bbox 1324 1240 1404 1278; x_wconf 83' lang='lat' dir='ltr'><strong><em>quod</em></strong></span> <span class='ocrx_word' id='word_1_382' title='bbox 1428 1241 1451 1268; x_wconf 85' lang='lat' dir='ltr'><strong><em>is</em></strong></span> <span class='ocrx_word' id='word_1_383' title='bbox 1476 1240 1661 1279; x_wconf 74' lang='lat' dir='ltr'><strong><em>pestilentiae</em></strong></span> <span class='ocrx_word' id='word_1_384' title='bbox 1684 1245 1787 1268; x_wconf 84' lang='lat' dir='ltr'><strong><em>auctor</em></strong></span> <span class='ocrx_word' id='word_1_385' title='bbox 1809 1240 1855 1268; x_wconf 87' lang='lat' dir='ltr'><strong><em>sit.</em></strong></span> <span class='ocrx_word' id='word_1_386' title='bbox 1901 1239 1984 1267; x_wconf 84' lang='lat' dir='ltr'><strong><em>Unde</em></strong></span> <span class='ocrx_word' id='word_1_387' title='bbox 2007 1243 2035 1267; x_wconf 88' lang='lat' dir='ltr'><strong><em>et</em></strong></span> <span class='ocrx_word' id='word_1_388' title='bbox 2058 1238 2088 1266; x_wconf 87' lang='lat' dir='ltr'><strong><em>in</em></strong></span> <span class='ocrx_word' id='word_1_389' title='bbox 2112 1237 2185 1265; x_wconf 87' lang='lat' dir='ltr'><strong><em>Car—</em></strong></span> 
     </span>
     <span class='ocr_line' id='line_1_26' title="bbox 235 1282 1187 1321; baseline -0.002 -8"><span class='ocrx_word' id='word_1_390' title='bbox 235 1286 362 1314; x_wconf 86' lang='lat' dir='ltr'><strong><em>minibus</em></strong></span> <span class='ocrx_word' id='word_1_391' title='bbox 386 1283 588 1312; x_wconf 73' lang='lat' dir='ltr'><strong><em>saecularibus</em></strong></span> <span class='ocrx_word' id='word_1_392' title='bbox 612 1282 811 1312; x_wconf 68' lang='lat' dir='ltr'><strong><em>invocabatur.</em></strong></span> <span class='ocrx_word' id='word_1_393' title='bbox 856 1283 956 1312; x_wconf 80' lang='lat' dir='ltr'><strong><em>Horat.</em></strong></span> <span class='ocrx_word' id='word_1_394' title='bbox 981 1284 1082 1320; x_wconf 69' lang='lat' dir='ltr'><strong><em>(v.33.</em></strong></span> <span class='ocrx_word' id='word_1_395' title='bbox 1098 1285 1187 1321; x_wconf 83' lang='lat' dir='ltr'><strong><em>seq.):</em></strong></span> 
     </span>
    </p>
   </div>
   <div class='ocr_carea' id='block_1_4' title="bbox 933 1331 1452 1416">
    <p class='ocr_par' dir='ltr' id='par_1_6' title="bbox 933 1331 1452 1416">
     <span class='ocr_line' id='line_1_27' title="bbox 933 1331 1450 1373; baseline -0.002 -10"><span class='ocrx_word' id='word_1_396' title='bbox 933 1333 1058 1363; x_wconf 73' lang='lat' dir='ltr'><strong><em>Condito</em></strong></span> <span class='ocrx_word' id='word_1_397' title='bbox 1080 1334 1159 1362; x_wconf 79' lang='lat' dir='ltr'><strong><em>mitis</em></strong></span> <span class='ocrx_word' id='word_1_398' title='bbox 1179 1331 1373 1373; x_wconf 73' lang='lat' dir='ltr'><strong><em>placidusque</em></strong></span> <span class='ocrx_word' id='word_1_399' title='bbox 1395 1332 1450 1362; x_wconf 71' lang='lat' dir='ltr'><strong><em>telo</em></strong></span> 
     </span>
     <span class='ocr_line' id='line_1_28' title="bbox 935 1375 1452 1416; baseline -0.002 -11"><span class='ocrx_word' id='word_1_400' title='bbox 935 1376 1088 1416; x_wconf 78' lang='lat' dir='ltr'><strong><em>Supplices</em></strong></span> <span class='ocrx_word' id='word_1_401' title='bbox 1110 1375 1182 1405; x_wconf 78' lang='lat' dir='ltr'><strong><em>audi</em></strong></span> <span class='ocrx_word' id='word_1_402' title='bbox 1201 1387 1306 1414; x_wconf 81' lang='lat' dir='ltr'><strong><em>pueros</em></strong></span> <span class='ocrx_word' id='word_1_403' title='bbox 1329 1375 1452 1415; x_wconf 87' lang='lat' dir='ltr'><strong><em>Apollo.</em></strong></span> 
     </span>
    </p>
   </div>
   <div class='ocr_carea' id='block_1_5' title="bbox 238 1423 2187 1517">
    <p class='ocr_par' dir='ltr' id='par_1_7' title="bbox 238 1423 2187 1517">
     <span class='ocr_line' id='line_1_29' title="bbox 238 1423 2117 1466; baseline -0.003 -9"><span class='ocrx_word' id='word_1_404' title='bbox 238 1429 310 1458; x_wconf 89' lang='lat' dir='ltr'><strong><em>Vide</em></strong></span> <span class='ocrx_word' id='word_1_405' title='bbox 334 1429 468 1457; x_wconf 80' lang='lat' dir='ltr'><strong><em>Servium</em></strong></span> <span class='ocrx_word' id='word_1_406' title='bbox 493 1427 530 1456; x_wconf 85' lang='lat' dir='ltr'><strong><em>ad</em></strong></span> <span class='ocrx_word' id='word_1_407' title='bbox 555 1428 635 1466; x_wconf 84' lang='lat' dir='ltr'><strong><em>Virg.</em></strong></span> <span class='ocrx_word' id='word_1_408' title='bbox 660 1428 758 1464; x_wconf 80' lang='lat' dir='ltr'><strong><em>Eclog.</em></strong></span> <span class='ocrx_word' id='word_1_409' title='bbox 784 1427 822 1462; x_wconf 79' lang='lat' dir='ltr'><strong><em>(V.</em></strong></span> <span class='ocrx_word' id='word_1_410' title='bbox 837 1429 910 1464; x_wconf 87' lang='lat'>66),</span> <span class='ocrx_word' id='word_1_411' title='bbox 934 1427 1064 1455; x_wconf 79' lang='lat' dir='ltr'><strong><em>Mucrob.</em></strong></span> <span class='ocrx_word' id='word_1_412' title='bbox 1088 1427 1137 1456; x_wconf 88' lang='lat' dir='ltr'><strong><em>lib.</em></strong></span> <span class='ocrx_word' id='word_1_413' title='bbox 1151 1427 1173 1457; x_wconf 89' lang='grc' dir='ltr'><strong><em>Ι.</em></strong></span> <span class='ocrx_word' id='word_1_414' title='bbox 1198 1427 1256 1454; x_wconf 79' lang='lat' dir='ltr'><strong><em>Sat.</em></strong></span> <span class='ocrx_word' id='word_1_415' title='bbox 1281 1436 1345 1464; x_wconf 84' lang='lat' dir='ltr'><strong><em>cap.</em></strong></span> <span class='ocrx_word' id='word_1_416' title='bbox 1361 1429 1409 1457; x_wconf 88' lang='lat'><strong><em>17.</em></strong></span> <span class='ocrx_word' id='word_1_417' title='bbox 1433 1431 1461 1454; x_wconf 89' lang='lat' dir='ltr'><strong><em>et</em></strong></span> <span class='ocrx_word' id='word_1_418' title='bbox 1487 1427 1538 1455; x_wconf 90' lang='lat' dir='ltr'><strong><em>Lil.</em></strong></span> <span class='ocrx_word' id='word_1_419' title='bbox 1563 1427 1728 1466; x_wconf 84' lang='lat' dir='ltr'><strong><em>Gyralduin</em></strong></span> <span class='ocrx_word' id='word_1_420' title='bbox 1753 1426 1790 1455; x_wconf 85' lang='lat' dir='ltr'><strong><em>de</em></strong></span> <span class='ocrx_word' id='word_1_421' title='bbox 1815 1426 1875 1454; x_wconf 77' lang='lat' dir='ltr'><strong><em>Diis</em></strong></span> <span class='ocrx_word' id='word_1_422' title='bbox 1899 1426 1983 1453; x_wconf 82' lang='lat' dir='ltr'><strong><em>Geut.</em></strong></span> <span class='ocrx_word' id='word_1_423' title='bbox 2027 1423 2117 1453; x_wconf 79' lang='lat' dir='ltr'><strong><em>Duc.</em></strong></span> 
     </span>
     <span class='ocr_line' id='line_1_30' title="bbox 403 1475 2187 1517; baseline -0.003 -11"><span class='ocrx_word' id='word_1_424' title='bbox 403 1477 563 1509; x_wconf 86' lang='lat' dir='ltr'><strong><em>Sacrem.</em></strong></span> <span class='ocrx_word' id='word_1_425' title='bbox 590 1479 651 1517; x_wconf 82' lang='lat' dir='ltr'><strong><em>(Ad</em></strong></span> <span class='ocrx_word' id='word_1_426' title='bbox 672 1489 701 1517; x_wconf 86' lang='lat' dir='ltr'><strong><em>p.</em></strong></span> <span class='ocrx_word' id='word_1_427' title='bbox 716 1478 802 1514; x_wconf 82' lang='lat'><strong><em>251.)</em></strong></span> <span class='ocrx_word' id='word_1_428' title='bbox 828 1478 949 1506; x_wconf 70' lang='lat' dir='ltr'><strong><em>Plautus</em></strong></span> <span class='ocrx_word' id='word_1_429' title='bbox 974 1479 1003 1506; x_wconf 83' lang='lat' dir='ltr'><strong><em>in</em></strong></span> <span class='ocrx_word' id='word_1_430' title='bbox 1027 1477 1177 1506; x_wconf 75' lang='lat' dir='ltr'><strong><em>Menaech.</em></strong></span> <span class='ocrx_word' id='word_1_431' title='bbox 1200 1477 1255 1515; x_wconf 82' lang='lat' dir='ltr'><strong><em>(H,</em></strong></span> <span class='ocrx_word' id='word_1_432' title='bbox 1279 1481 1312 1512; x_wconf 81' lang='lat'><strong><em>2,</em></strong></span> <span class='ocrx_word' id='word_1_433' title='bbox 1338 1478 1416 1516; x_wconf 85' lang='lat'><strong><em>16.):</em></strong></span> <span class='ocrx_word' id='word_1_434' title='bbox 1440 1477 1625 1506; x_wconf 73' lang='lat' dir='ltr'><strong><em>Adulescens</em></strong></span> <span class='ocrx_word' id='word_1_435' title='bbox 1647 1476 1751 1517; x_wconf 81' lang='lat' dir='ltr'><strong><em>quibus</em></strong></span> <span class='ocrx_word' id='word_1_436' title='bbox 1773 1476 1821 1505; x_wconf 83' lang='lat' dir='ltr'><strong><em>lzic</em></strong></span> <span class='ocrx_word' id='word_1_437' title='bbox 1841 1476 1943 1514; x_wconf 78' lang='lat' dir='ltr'><strong><em>pretiis</em></strong></span> <span class='ocrx_word' id='word_1_438' title='bbox 1962 1475 2047 1514; x_wconf 87' lang='lat' dir='ltr'><strong><em>porci</em></strong></span> <span class='ocrx_word' id='word_1_439' title='bbox 2068 1481 2187 1502; x_wconf 74' lang='lat' dir='ltr'><strong><em>veneunt</em></strong></span> 
     </span>
    </p>
   </div>
   <div class='ocr_carea' id='block_1_6' title="bbox 235 1515 2190 1898">
    <p class='ocr_par' dir='ltr' id='par_1_8' title="bbox 235 1515 2190 1898">
     <span class='ocr_line' id='line_1_31' title="bbox 236 1515 2186 1559; baseline -0.003 -10"><span class='ocrx_word' id='word_1_440' title='bbox 236 1532 348 1557; x_wconf 83' lang='lat' dir='ltr'><strong><em>sacres,</em></strong></span> <span class='ocrx_word' id='word_1_441' title='bbox 379 1521 508 1551; x_wconf 77' lang='lat' dir='ltr'><strong><em>sinceri?</em></strong></span> <span class='ocrx_word' id='word_1_442' title='bbox 545 1532 692 1550; x_wconf 82' lang='lat' dir='ltr'><strong><em>nummum</em></strong></span> <span class='ocrx_word' id='word_1_443' title='bbox 717 1532 804 1548; x_wconf 84' lang='lat' dir='ltr'><strong><em>unum</em></strong></span> <span class='ocrx_word' id='word_1_444' title='bbox 825 1531 859 1547; x_wconf 85' lang='lat' dir='ltr'><strong><em>en</em></strong></span> <span class='ocrx_word' id='word_1_445' title='bbox 881 1532 898 1548; x_wconf 86' lang='lat' dir='ltr'><strong><em>a</em></strong></span> <span class='ocrx_word' id='word_1_446' title='bbox 922 1531 966 1548; x_wconf 85' lang='lat' dir='ltr'><strong><em>me</em></strong></span> <span class='ocrx_word' id='word_1_447' title='bbox 988 1521 1106 1558; x_wconf 81' lang='lat' dir='ltr'><strong><em>accipe‚·</em></strong></span> <span class='ocrx_word' id='word_1_448' title='bbox 1143 1519 1214 1547; x_wconf 79' lang='lat' dir='ltr'><strong><em>Iube</em></strong></span> <span class='ocrx_word' id='word_1_449' title='bbox 1235 1526 1261 1547; x_wconf 79' lang='lat' dir='ltr'><strong><em>ie</em></strong></span> <span class='ocrx_word' id='word_1_450' title='bbox 1281 1520 1360 1558; x_wconf 83' lang='lat' dir='ltr'><strong><em>piari</em></strong></span> <span class='ocrx_word' id='word_1_451' title='bbox 1381 1519 1416 1547; x_wconf 82' lang='lat' dir='ltr'><strong><em>de</em></strong></span> <span class='ocrx_word' id='word_1_452' title='bbox 1437 1531 1499 1547; x_wconf 84' lang='lat' dir='ltr'><strong><em>mea</em></strong></span> <span class='ocrx_word' id='word_1_453' title='bbox 1519 1521 1653 1559; x_wconf 84' lang='lat' dir='ltr'><strong><em>pecunia.</em></strong></span> <span class='ocrx_word' id='word_1_454' title='bbox 1698 1520 1735 1548; x_wconf 82' lang='lat' dir='ltr'><strong><em>Et</em></strong></span> <span class='ocrx_word' id='word_1_455' title='bbox 1757 1521 1787 1548; x_wconf 88' lang='lat' dir='ltr'><strong><em>in</em></strong></span> <span class='ocrx_word' id='word_1_456' title='bbox 1811 1519 1943 1546; x_wconf 69' lang='lat' dir='ltr'><strong><em>Rudente</em></strong></span> <span class='ocrx_word' id='word_1_457' title='bbox 1966 1517 2041 1555; x_wconf 76' lang='lat' dir='ltr'><strong><em>(lv,</em></strong></span> <span class='ocrx_word' id='word_1_458' title='bbox 2065 1518 2099 1550; x_wconf 85' lang='lat'><strong><em>6,</em></strong></span> <span class='ocrx_word' id='word_1_459' title='bbox 2122 1515 2186 1553; x_wconf 76' lang='lat'><strong><em>4.):</em></strong></span> 
     </span>
     <span class='ocr_line' id='line_1_32' title="bbox 239 1558 2188 1602; baseline -0.003 -10"><span class='ocrx_word' id='word_1_460' title='bbox 239 1564 311 1592; x_wconf 83' lang='lat' dir='ltr'><strong><em>Sunt</em></strong></span> <span class='ocrx_word' id='word_1_461' title='bbox 335 1562 416 1591; x_wconf 78' lang='lat' dir='ltr'><strong><em>domi</em></strong></span> <span class='ocrx_word' id='word_1_462' title='bbox 438 1565 508 1602; x_wconf 76' lang='lat' dir='ltr'><strong><em>agni</em></strong></span> <span class='ocrx_word' id='word_1_463' title='bbox 531 1571 555 1591; x_wconf 77' lang='lat' dir='ltr'><strong><em>et</em></strong></span> <span class='ocrx_word' id='word_1_464' title='bbox 576 1564 661 1601; x_wconf 84' lang='lat' dir='ltr'><strong><em>porci</em></strong></span> <span class='ocrx_word' id='word_1_465' title='bbox 683 1573 785 1592; x_wconf 79' lang='lat' dir='ltr'><strong><em>sacres.</em></strong></span> <span class='ocrx_word' id='word_1_466' title='bbox 819 1563 1000 1590; x_wconf 78' lang='lat' dir='ltr'><strong><em>Referuntur</em></strong></span> <span class='ocrx_word' id='word_1_467' title='bbox 1023 1561 1096 1590; x_wconf 80' lang='lat' dir='ltr'><strong><em>baec</em></strong></span> <span class='ocrx_word' id='word_1_468' title='bbox 1119 1572 1135 1589; x_wconf 87' lang='lat' dir='ltr'><strong><em>a</em></strong></span> <span class='ocrx_word' id='word_1_469' title='bbox 1158 1562 1244 1589; x_wconf 82' lang='lat' dir='ltr'><strong><em>Festo</em></strong></span> <span class='ocrx_word' id='word_1_470' title='bbox 1268 1566 1298 1589; x_wconf 90' lang='lat' dir='ltr'><strong><em>et</em></strong></span> <span class='ocrx_word' id='word_1_471' title='bbox 1320 1562 1375 1589; x_wconf 85' lang='lat' dir='ltr'><strong><em>alia</em></strong></span> <span class='ocrx_word' id='word_1_472' title='bbox 1401 1563 1554 1599; x_wconf 82' lang='lat' dir='ltr'><strong><em>quaedam.</em></strong></span> <span class='ocrx_word' id='word_1_473' title='bbox 1573 1562 1660 1591; x_wconf 83' lang='lat' dir='ltr'><strong><em>Ant.</em></strong></span> <span class='ocrx_word' id='word_1_474' title='bbox 1679 1562 1775 1600; x_wconf 76' lang='lat' dir='ltr'><strong><em>Aug.</em></strong></span> <span class='ocrx_word' id='word_1_475' title='bbox 1812 1561 1904 1588; x_wconf 84' lang='lat' dir='ltr'><strong><em>Varro</em></strong></span> <span class='ocrx_word' id='word_1_476' title='bbox 1928 1559 1965 1588; x_wconf 84' lang='lat' dir='ltr'><strong><em>de</em></strong></span> <span class='ocrx_word' id='word_1_477' title='bbox 1984 1560 2017 1588; x_wconf 81' lang='lat' dir='ltr'><strong><em>R.</em></strong></span> <span class='ocrx_word' id='word_1_478' title='bbox 2032 1560 2066 1587; x_wconf 87' lang='lat' dir='ltr'><strong><em>R.</em></strong></span> <span class='ocrx_word' id='word_1_479' title='bbox 2089 1558 2188 1587; x_wconf 87' lang='lat' dir='ltr'><strong><em>lib.Il.</em></strong></span> 
     </span>
     <span class='ocr_line' id='line_1_33' title="bbox 237 1601 2187 1645; baseline -0.003 -11"><span class='ocrx_word' id='word_1_480' title='bbox 237 1616 303 1644; x_wconf 81' lang='lat' dir='ltr'><strong><em>cap.</em></strong></span> <span class='ocrx_word' id='word_1_481' title='bbox 319 1611 361 1636; x_wconf 68' lang='lat' dir='ltr'><strong><em>L:</em></strong></span> <span class='ocrx_word' id='word_1_482' title='bbox 398 1604 467 1633; x_wconf 83' lang='lat' dir='ltr'><strong><em>Fere</em></strong></span> <span class='ocrx_word' id='word_1_483' title='bbox 490 1604 530 1633; x_wconf 83' lang='lat' dir='ltr'><strong><em>ad</em></strong></span> <span class='ocrx_word' id='word_1_484' title='bbox 553 1613 679 1645; x_wconf 79' lang='lat' dir='ltr'><strong><em>quatuor</em></strong></span> <span class='ocrx_word' id='word_1_485' title='bbox 701 1616 808 1633; x_wconf 80' lang='lat' dir='ltr'><strong><em>menses</em></strong></span> <span class='ocrx_word' id='word_1_486' title='bbox 831 1615 850 1632; x_wconf 87' lang='grc' dir='ltr'><em>α</em></span> <span class='ocrx_word' id='word_1_487' title='bbox 873 1615 1002 1632; x_wconf 86' lang='lat' dir='ltr'><strong><em>mamma</em></strong></span> <span class='ocrx_word' id='word_1_488' title='bbox 1026 1615 1082 1633; x_wconf 85' lang='lat' dir='ltr'><strong><em>non</em></strong></span> <span class='ocrx_word' id='word_1_489' title='bbox 1113 1603 1318 1642; x_wconf 73' lang='lat' dir='ltr'><strong><em>disiunguntur</em></strong></span> <span class='ocrx_word' id='word_1_490' title='bbox 1346 1606 1436 1643; x_wconf 68' lang='lat' dir='ltr'><strong><em>agni5</em></strong></span> <span class='ocrx_word' id='word_1_491' title='bbox 1473 1603 1560 1633; x_wconf 70' lang='lat' dir='ltr'><strong><em>hoedi</em></strong></span> <span class='ocrx_word' id='word_1_492' title='bbox 1588 1612 1659 1639; x_wconf 82' lang='lat' dir='ltr'><strong><em>ires,</em></strong></span> <span class='ocrx_word' id='word_1_493' title='bbox 1694 1604 1779 1642; x_wconf 86' lang='lat' dir='ltr'><strong><em>porci</em></strong></span> <span class='ocrx_word' id='word_1_494' title='bbox 1801 1601 1873 1639; x_wconf 75' lang='lat' dir='ltr'><strong><em>duo,</em></strong></span> <span class='ocrx_word' id='word_1_495' title='bbox 1909 1613 1924 1629; x_wconf 83' lang='lat' dir='ltr'><strong><em>e</em></strong></span> <span class='ocrx_word' id='word_1_496' title='bbox 1946 1602 2025 1641; x_wconf 84' lang='lat' dir='ltr'><strong><em>queis</em></strong></span> <span class='ocrx_word' id='word_1_497' title='bbox 2048 1601 2187 1641; x_wconf 80' lang='lat' dir='ltr'><strong><em>quoniam</em></strong></span> 
     </span>
     <span class='ocr_line' id='line_1_34' title="bbox 235 1642 2189 1687; baseline -0.003 -11"><span class='ocrx_word' id='word_1_498' title='bbox 235 1649 303 1687; x_wconf 88' lang='lat' dir='ltr'><strong><em>puri</em></strong></span> <span class='ocrx_word' id='word_1_499' title='bbox 325 1655 390 1676; x_wconf 80' lang='lat' dir='ltr'><strong><em>sunt</em></strong></span> <span class='ocrx_word' id='word_1_500' title='bbox 414 1646 454 1675; x_wconf 77' lang='lat' dir='ltr'><strong><em>ad</em></strong></span> <span class='ocrx_word' id='word_1_501' title='bbox 476 1649 654 1687; x_wconf 84' lang='lat' dir='ltr'><strong><em>sacrificium</em></strong></span> <span class='ocrx_word' id='word_1_502' title='bbox 678 1655 709 1675; x_wconf 82' lang='lat' dir='ltr'><strong><em>ut</em></strong></span> <span class='ocrx_word' id='word_1_503' title='bbox 732 1645 932 1683; x_wconf 74' lang='lat' dir='ltr'><strong><em>immolentur,</em></strong></span> <span class='ocrx_word' id='word_1_504' title='bbox 968 1646 1038 1675; x_wconf 89' lang='lat' dir='ltr'><strong><em>olim</em></strong></span> <span class='ocrx_word' id='word_1_505' title='bbox 1061 1645 1205 1685; x_wconf 78' lang='lat' dir='ltr'><strong><em>appellati</em></strong></span> <span class='ocrx_word' id='word_1_506' title='bbox 1226 1657 1330 1674; x_wconf 80' lang='lat' dir='ltr'><strong><em>sacres.</em></strong></span> <span class='ocrx_word' id='word_1_507' title='bbox 1378 1645 1458 1685; x_wconf 77' lang='lat' dir='ltr'><strong><em>Quos</em></strong></span> <span class='ocrx_word' id='word_1_508' title='bbox 1488 1645 1618 1686; x_wconf 81' lang='lat' dir='ltr'><strong><em>appellat</em></strong></span> <span class='ocrx_word' id='word_1_509' title='bbox 1642 1644 1769 1675; x_wconf 79' lang='lat' dir='ltr'><strong><em>Plautus</em></strong></span> <span class='ocrx_word' id='word_1_510' title='bbox 1798 1656 1862 1674; x_wconf 89' lang='lat' dir='ltr'><strong><em>cum</em></strong></span> <span class='ocrx_word' id='word_1_511' title='bbox 1893 1644 1953 1672; x_wconf 72' lang='lat' dir='ltr'><strong><em>ait.-</em></strong></span> <span class='ocrx_word' id='word_1_512' title='bbox 1990 1642 2102 1682; x_wconf 77' lang='lat' dir='ltr'><strong><em>Quanii</em></strong></span> <span class='ocrx_word' id='word_1_513' title='bbox 2121 1650 2189 1672; x_wconf 81' lang='lat' dir='ltr'><strong><em>sunt</em></strong></span> 
     </span>
     <span class='ocr_line' id='line_1_35' title="bbox 236 1685 2187 1729; baseline -0.003 -11"><span class='ocrx_word' id='word_1_514' title='bbox 236 1690 321 1729; x_wconf 86' lang='lat' dir='ltr'><strong><em>porci</em></strong></span> <span class='ocrx_word' id='word_1_515' title='bbox 341 1688 464 1719; x_wconf 77' lang='lat' dir='ltr'><strong><em>sacres?</em></strong></span> <span class='ocrx_word' id='word_1_516' title='bbox 498 1690 578 1718; x_wconf 75' lang='lat' dir='ltr'><strong><em>Iden]</em></strong></span> <span class='ocrx_word' id='word_1_517' title='bbox 601 1701 667 1728; x_wconf 84' lang='lat' dir='ltr'><strong><em>cap.</em></strong></span> <span class='ocrx_word' id='word_1_518' title='bbox 682 1692 730 1721; x_wconf 84' lang='lat'><strong><em>4.:</em></strong></span> <span class='ocrx_word' id='word_1_519' title='bbox 769 1688 840 1718; x_wconf 82' lang='lat' dir='ltr'><strong><em>Cum</em></strong></span> <span class='ocrx_word' id='word_1_520' title='bbox 861 1690 946 1728; x_wconf 85' lang='lat' dir='ltr'><strong><em>porci</em></strong></span> <span class='ocrx_word' id='word_1_521' title='bbox 969 1687 1083 1727; x_wconf 79' lang='lat' dir='ltr'><strong><em>depulsi</em></strong></span> <span class='ocrx_word' id='word_1_522' title='bbox 1104 1695 1170 1717; x_wconf 80' lang='lat' dir='ltr'><strong><em>sunt</em></strong></span> <span class='ocrx_word' id='word_1_523' title='bbox 1194 1699 1213 1716; x_wconf 85' lang='lat' dir='ltr'><strong><em>a</em></strong></span> <span class='ocrx_word' id='word_1_524' title='bbox 1234 1699 1379 1726; x_wconf 82' lang='lat' dir='ltr'><strong><em>mamma,</em></strong></span> <span class='ocrx_word' id='word_1_525' title='bbox 1416 1700 1435 1718; x_wconf 88' lang='grc' dir='ltr'>α</span> <span class='ocrx_word' id='word_1_526' title='bbox 1456 1688 1632 1729; x_wconf 81' lang='lat' dir='ltr'><strong><em>quibusdam</em></strong></span> <span class='ocrx_word' id='word_1_527' title='bbox 1661 1686 1750 1717; x_wconf 80' lang='lat' dir='ltr'><strong><em>delici</em></strong></span> <span class='ocrx_word' id='word_1_528' title='bbox 1776 1685 1980 1727; x_wconf 76' lang='lat' dir='ltr'><strong><em>appellantur,</em></strong></span> <span class='ocrx_word' id='word_1_529' title='bbox 2017 1696 2106 1725; x_wconf 83' lang='lat' dir='ltr'><strong><em>neque</em></strong></span> <span class='ocrx_word' id='word_1_530' title='bbox 2127 1685 2187 1713; x_wconf 87' lang='lat' dir='ltr'><strong><em>iam</em></strong></span> 
     </span>
     <span class='ocr_line' id='line_1_36' title="bbox 238 1726 2190 1772; baseline -0.003 -11"><span class='ocrx_word' id='word_1_531' title='bbox 238 1731 381 1761; x_wconf 75' lang='lat' dir='ltr'><strong><em>lactantes</em></strong></span> <span class='ocrx_word' id='word_1_532' title='bbox 404 1731 555 1768; x_wconf 76' lang='lat' dir='ltr'><strong><em>dicuntur,</em></strong></span> <span class='ocrx_word' id='word_1_533' title='bbox 586 1733 636 1772; x_wconf 79' lang='lat' dir='ltr'><strong><em>qui</em></strong></span> <span class='ocrx_word' id='word_1_534' title='bbox 659 1743 678 1760; x_wconf 85' lang='lat' dir='ltr'><strong><em>a</em></strong></span> <span class='ocrx_word' id='word_1_535' title='bbox 697 1739 786 1771; x_wconf 77' lang='lat' dir='ltr'><strong><em>partu</em></strong></span> <span class='ocrx_word' id='word_1_536' title='bbox 809 1730 921 1761; x_wconf 77' lang='lat' dir='ltr'><strong><em>decimo</em></strong></span> <span class='ocrx_word' id='word_1_537' title='bbox 945 1730 991 1760; x_wconf 77' lang='lat' dir='ltr'><strong><em>die</em></strong></span> <span class='ocrx_word' id='word_1_538' title='bbox 1012 1731 1155 1759; x_wconf 76' lang='lat' dir='ltr'><strong><em>habentur</em></strong></span> <span class='ocrx_word' id='word_1_539' title='bbox 1173 1731 1259 1770; x_wconf 82' lang='lat' dir='ltr'><strong><em>puri3</em></strong></span> <span class='ocrx_word' id='word_1_540' title='bbox 1291 1730 1329 1759; x_wconf 81' lang='lat' dir='ltr'><strong><em>ab</em></strong></span> <span class='ocrx_word' id='word_1_541' title='bbox 1352 1742 1384 1760; x_wconf 85' lang='lat' dir='ltr'><strong><em>eo</em></strong></span> <span class='ocrx_word' id='word_1_542' title='bbox 1405 1730 1593 1771; x_wconf 79' lang='lat' dir='ltr'><strong><em>appellantur</em></strong></span> <span class='ocrx_word' id='word_1_543' title='bbox 1614 1729 1651 1760; x_wconf 75' lang='lat' dir='ltr'><strong><em>ab</em></strong></span> <span class='ocrx_word' id='word_1_544' title='bbox 1674 1731 1803 1770; x_wconf 75' lang='lat' dir='ltr'><strong><em>antiquis</em></strong></span> <span class='ocrx_word' id='word_1_545' title='bbox 1825 1740 1937 1765; x_wconf 85' lang='lat' dir='ltr'><strong><em>sacres,</em></strong></span> <span class='ocrx_word' id='word_1_546' title='bbox 1962 1726 2044 1769; x_wconf 71' lang='lat' dir='ltr'><strong><em>quod</em></strong></span> <span class='ocrx_word' id='word_1_547' title='bbox 2064 1734 2126 1756; x_wconf 76' lang='lat' dir='ltr'><strong><em>ium</em></strong></span> <span class='ocrx_word' id='word_1_548' title='bbox 2147 1726 2190 1755; x_wconf 71' lang='lat' dir='ltr'><strong><em>ad</em></strong></span> 
     </span>
     <span class='ocr_line' id='line_1_37' title="bbox 239 1767 2189 1814; baseline -0.003 -11"><span class='ocrx_word' id='word_1_549' title='bbox 239 1775 416 1813; x_wconf 83' lang='lat' dir='ltr'><strong><em>sacrificium</em></strong></span> <span class='ocrx_word' id='word_1_550' title='bbox 438 1773 536 1803; x_wconf 74' lang='lat' dir='ltr'><strong><em>idonei</em></strong></span> <span class='ocrx_word' id='word_1_551' title='bbox 559 1773 696 1803; x_wconf 69' lang='lat' dir='ltr'><strong><em>dicuntur</em></strong></span> <span class='ocrx_word' id='word_1_552' title='bbox 715 1775 859 1813; x_wconf 85' lang='lat' dir='ltr'><strong><em>primum,</em></strong></span> <span class='ocrx_word' id='word_1_553' title='bbox 888 1775 985 1814; x_wconf 77' lang='lat' dir='ltr'><strong><em>itaque</em></strong></span> <span class='ocrx_word' id='word_1_554' title='bbox 1006 1772 1087 1812; x_wconf 77' lang='lat' dir='ltr'><strong><em>apud</em></strong></span> <span class='ocrx_word' id='word_1_555' title='bbox 1110 1772 1251 1802; x_wconf 78' lang='lat' dir='ltr'><strong><em>Plautum</em></strong></span> <span class='ocrx_word' id='word_1_556' title='bbox 1273 1774 1304 1801; x_wconf 84' lang='lat' dir='ltr'><strong><em>in</em></strong></span> <span class='ocrx_word' id='word_1_557' title='bbox 1326 1773 1544 1810; x_wconf 70' lang='lat' dir='ltr'><strong><em>IUenaechmis,</em></strong></span> <span class='ocrx_word' id='word_1_558' title='bbox 1575 1784 1640 1803; x_wconf 86' lang='lat' dir='ltr'><strong><em>cum</em></strong></span> <span class='ocrx_word' id='word_1_559' title='bbox 1663 1773 1797 1802; x_wconf 84' lang='lat' dir='ltr'><strong><em>insanum</em></strong></span> <span class='ocrx_word' id='word_1_560' title='bbox 1821 1783 1905 1812; x_wconf 83' lang='lat' dir='ltr'><strong><em>quem</em></strong></span> <span class='ocrx_word' id='word_1_561' title='bbox 1925 1777 2025 1810; x_wconf 74' lang='lat' dir='ltr'><strong><em>putat,</em></strong></span> <span class='ocrx_word' id='word_1_562' title='bbox 2048 1777 2080 1798; x_wconf 84' lang='lat' dir='ltr'><strong><em>ut</em></strong></span> <span class='ocrx_word' id='word_1_563' title='bbox 2101 1767 2189 1799; x_wconf 73' lang='lat' dir='ltr'><strong><em>vide—</em></strong></span> 
     </span>
     <span class='ocr_line' id='line_1_38' title="bbox 241 1812 2189 1857; baseline 0 -14"><span class='ocrx_word' id='word_1_564' title='bbox 241 1823 287 1844; x_wconf 72' lang='lat' dir='ltr'><strong><em>rur</em></strong></span> <span class='ocrx_word' id='word_1_565' title='bbox 308 1817 338 1845; x_wconf 86' lang='lat' dir='ltr'><strong><em>in</em></strong></span> <span class='ocrx_word' id='word_1_566' title='bbox 359 1815 468 1857; x_wconf 81' lang='lat' dir='ltr'><strong><em>oppido</em></strong></span> <span class='ocrx_word' id='word_1_567' title='bbox 485 1816 667 1856; x_wconf 80' lang='lat' dir='ltr'><strong><em>Epidamno,</em></strong></span> <span class='ocrx_word' id='word_1_568' title='bbox 690 1817 868 1855; x_wconf 78' lang='lat' dir='ltr'><strong><em>interrogat,</em></strong></span> <span class='ocrx_word' id='word_1_569' title='bbox 891 1817 995 1857; x_wconf 79' lang='lat' dir='ltr'><strong><em>quanti</em></strong></span> <span class='ocrx_word' id='word_1_570' title='bbox 1016 1823 1082 1844; x_wconf 81' lang='lat' dir='ltr'><strong><em>sunt</em></strong></span> <span class='ocrx_word' id='word_1_571' title='bbox 1101 1816 1187 1855; x_wconf 82' lang='lat' dir='ltr'><strong><em>porci</em></strong></span> <span class='ocrx_word' id='word_1_572' title='bbox 1209 1815 1240 1844; x_wconf 72' lang='lat' dir='ltr'><strong><em>hi</em></strong></span> <span class='ocrx_word' id='word_1_573' title='bbox 1261 1815 1384 1846; x_wconf 81' lang='lat' dir='ltr'><strong><em>sacres?</em></strong></span> <span class='ocrx_word' id='word_1_574' title='bbox 1409 1817 1521 1845; x_wconf 82' lang='lat' dir='ltr'><strong><em>Porcos</em></strong></span> <span class='ocrx_word' id='word_1_575' title='bbox 1544 1816 1613 1845; x_wconf 77' lang='lat' dir='ltr'><strong><em>illos</em></strong></span> <span class='ocrx_word' id='word_1_576' title='bbox 1635 1825 1734 1845; x_wconf 80' lang='lat' dir='ltr'><strong><em>sacres</em></strong></span> <span class='ocrx_word' id='word_1_577' title='bbox 1754 1815 1862 1844; x_wconf 82' lang='lat' dir='ltr'><strong><em>Graeci</em></strong></span> <span class='ocrx_word' id='word_1_578' title='bbox 1883 1817 1992 1843; x_wconf 82' lang='lat' dir='ltr'><strong><em>vocant</em></strong></span> <span class='ocrx_word' id='word_1_579' title='bbox 2013 1812 2112 1853; x_wconf 80' lang='grc' dir='ltr'><strong><em>χοιρία</em></strong></span> <span class='ocrx_word' id='word_1_580' title='bbox 2133 1823 2189 1851; x_wconf 85' lang='grc' dir='ltr'><strong><em>μυ-</em></strong></span> 
     </span>
     <span class='ocr_line' id='line_1_39' title="bbox 243 1856 1610 1898; baseline 0.001 -11"><span class='ocrx_word' id='word_1_581' title='bbox 243 1856 375 1897; x_wconf 73' lang='grc' dir='ltr'><strong><em>στηρικά.</em></strong></span> <span class='ocrx_word' id='word_1_582' title='bbox 406 1859 557 1898; x_wconf 84' lang='lat' dir='ltr'><strong><em>Aristoph.</em></strong></span> <span class='ocrx_word' id='word_1_583' title='bbox 595 1860 632 1888; x_wconf 86' lang='lat' dir='ltr'><strong><em>Et</em></strong></span> <span class='ocrx_word' id='word_1_584' title='bbox 653 1859 722 1888; x_wconf 85' lang='lat' dir='ltr'><strong><em>inde</em></strong></span> <span class='ocrx_word' id='word_1_585' title='bbox 747 1859 833 1888; x_wconf 88' lang='lat' dir='ltr'><strong><em>etiam</em></strong></span> <span class='ocrx_word' id='word_1_586' title='bbox 856 1864 953 1898; x_wconf 88' lang='lat' dir='ltr'><strong><em>patet,</em></strong></span> <span class='ocrx_word' id='word_1_587' title='bbox 979 1869 1032 1887; x_wconf 88' lang='lat' dir='ltr'><strong><em>cur</em></strong></span> <span class='ocrx_word' id='word_1_588' title='bbox 1054 1859 1147 1888; x_wconf 73' lang='lat' dir='ltr'><strong><em>sacris</em></strong></span> <span class='ocrx_word' id='word_1_589' title='bbox 1170 1858 1205 1887; x_wconf 89' lang='lat' dir='ltr'><strong><em>de</em></strong></span> <span class='ocrx_word' id='word_1_590' title='bbox 1227 1858 1325 1886; x_wconf 82' lang='lat' dir='ltr'><strong><em>hostia</em></strong></span> <span class='ocrx_word' id='word_1_591' title='bbox 1349 1859 1475 1888; x_wconf 84' lang='lat' dir='ltr'><strong><em>dicatur.</em></strong></span> <span class='ocrx_word' id='word_1_592' title='bbox 1519 1859 1610 1888; x_wconf 84' lang='lat' dir='ltr'><strong><em>Dac.</em></strong></span> 
     </span>
    </p>
   </div>
   <div class='ocr_carea' id='block_1_7' title="bbox 246 1903 2193 2457">
    <p class='ocr_par' dir='ltr' id='par_1_9' title="bbox 246 1903 2193 2457">
     <span class='ocr_line' id='line_1_40' title="bbox 406 1903 2189 1949; baseline -0.001 -12"><span class='ocrx_word' id='word_1_593' title='bbox 406 1909 589 1938; x_wconf 74' lang='lat' dir='ltr'><strong><em>sacr-ima.</em></strong></span> <span class='ocrx_word' id='word_1_594' title='bbox 635 1910 834 1939; x_wconf 85' lang='lat' dir='ltr'><strong><em>Glossarium:</em></strong></span> <span class='ocrx_word' id='word_1_595' title='bbox 871 1909 1025 1945; x_wconf 86' lang='lat' dir='ltr'><strong><em>Sacrima,</em></strong></span> <span class='ocrx_word' id='word_1_596' title='bbox 1057 1905 1175 1948; x_wconf 70' lang='grc' dir='ltr'><strong><em>ἀπαρχὴ</em></strong></span> <span class='ocrx_word' id='word_1_597' title='bbox 1198 1907 1343 1949; x_wconf 78' lang='grc' dir='ltr'><em>γλεύκους</em></span> <span class='ocrx_word' id='word_1_598' title='bbox 1366 1915 1394 1939; x_wconf 86' lang='lat' dir='ltr'><strong><em>et</em></strong></span> <span class='ocrx_word' id='word_1_599' title='bbox 1416 1909 1625 1938; x_wconf 80' lang='lat' dir='ltr'><strong><em>Praemeiivum</em></strong></span> <span class='ocrx_word' id='word_1_600' title='bbox 1648 1906 1668 1949; x_wconf 76' lang='grc' dir='ltr'><em>ἦ</em></span> <span class='ocrx_word' id='word_1_601' title='bbox 1691 1907 1750 1948; x_wconf 89' lang='grc' dir='ltr'><strong><em>πρὸ</em></strong></span> <span class='ocrx_word' id='word_1_602' title='bbox 1773 1909 1922 1947; x_wconf 83' lang='grc' dir='ltr'><strong><em>θερισμοῦ</em></strong></span> <span class='ocrx_word' id='word_1_603' title='bbox 1945 1903 2109 1947; x_wconf 79' lang='grc' dir='ltr'><strong><em>Δημήτρας</em></strong></span> <span class='ocrx_word' id='word_1_604' title='bbox 2127 1908 2189 1936; x_wconf 81' lang='grc' dir='ltr'><strong><em>θυ-</em></strong></span> 
     </span>
     <span class='ocr_line' id='line_1_41' title="bbox 246 1948 2189 1992; baseline -0.001 -14"><span class='ocrx_word' id='word_1_605' title='bbox 246 1948 303 1977; x_wconf 79' lang='grc' dir='ltr'>σία.</span> <span class='ocrx_word' id='word_1_606' title='bbox 328 1950 407 1979; x_wconf 85' lang='lat' dir='ltr'><strong><em>Dac</em></strong></span> <span class='ocrx_word' id='word_1_607' title='bbox 461 1952 552 1981; x_wconf 79' lang='lat' dir='ltr'><strong><em>Infra:</em></strong></span> <span class='ocrx_word' id='word_1_608' title='bbox 586 1951 789 1991; x_wconf 83' lang='lat' dir='ltr'><strong><em>Sacrificium,</em></strong></span> <span class='ocrx_word' id='word_1_609' title='bbox 815 1951 895 1992; x_wconf 79' lang='lat' dir='ltr'><strong><em>quod</em></strong></span> <span class='ocrx_word' id='word_1_610' title='bbox 914 1963 969 1992; x_wconf 90' lang='lat' dir='ltr'><strong><em>pro</em></strong></span> <span class='ocrx_word' id='word_1_611' title='bbox 992 1952 1054 1980; x_wconf 77' lang='lat' dir='ltr'><strong><em>uvis</em></strong></span> <span class='ocrx_word' id='word_1_612' title='bbox 1074 1952 1179 1990; x_wconf 85' lang='lat' dir='ltr'><strong><em>primis</em></strong></span> <span class='ocrx_word' id='word_1_613' title='bbox 1190 1953 1293 1991; x_wconf 80' lang='lat' dir='ltr'><strong><em>fieret,</em></strong></span> <span class='ocrx_word' id='word_1_614' title='bbox 1317 1964 1335 1981; x_wconf 87' lang='grc' dir='ltr'><em>α</em></span> <span class='ocrx_word' id='word_1_615' title='bbox 1357 1951 1497 1981; x_wconf 76' lang='lat' dir='ltr'><strong><em>veteribus</em></strong></span> <span class='ocrx_word' id='word_1_616' title='bbox 1521 1951 1659 1981; x_wconf 84' lang='lat' dir='ltr'><strong><em>Sacrima</em></strong></span> <span class='ocrx_word' id='word_1_617' title='bbox 1681 1959 1721 1980; x_wconf 76' lang='lat' dir='ltr'><strong><em>est</em></strong></span> <span class='ocrx_word' id='word_1_618' title='bbox 1743 1949 1938 1991; x_wconf 77' lang='lat' dir='ltr'><strong><em>appellatum,</em></strong></span> <span class='ocrx_word' id='word_1_619' title='bbox 1963 1957 1996 1978; x_wconf 80' lang='lat' dir='ltr'><strong><em>ut</em></strong></span> <span class='ocrx_word' id='word_1_620' title='bbox 2020 1948 2142 1978; x_wconf 78' lang='lat' dir='ltr'><strong><em>Verrius</em></strong></span> <span class='ocrx_word' id='word_1_621' title='bbox 2163 1955 2189 1976; x_wconf 75' lang='lat' dir='ltr'><strong><em>et</em></strong></span> 
     </span>
     <span class='ocr_line' id='line_1_42' title="bbox 248 1987 2190 2034; baseline -0.001 -14"><span class='ocrx_word' id='word_1_622' title='bbox 248 1987 378 2018; x_wconf 68' lang='lat' dir='ltr'><strong><em>Cloast‘us</em></strong></span> <span class='ocrx_word' id='word_1_623' title='bbox 406 1991 514 2023; x_wconf 69' lang='lat' dir='ltr'><strong><em>dicunt.</em></strong></span> <span class='ocrx_word' id='word_1_624' title='bbox 559 1994 610 2023; x_wconf 79' lang='lat' dir='ltr'><strong><em>Est</em></strong></span> <span class='ocrx_word' id='word_1_625' title='bbox 640 2002 734 2023; x_wconf 79' lang='lat' dir='ltr'><strong><em>autem</em></strong></span> <span class='ocrx_word' id='word_1_626' title='bbox 760 1993 895 2024; x_wconf 84' lang='lat' dir='ltr'><strong><em>Sacrima</em></strong></span> <span class='ocrx_word' id='word_1_627' title='bbox 923 2002 1047 2022; x_wconf 76' lang='lat' dir='ltr'><strong><em>mustum</em></strong></span> <span class='ocrx_word' id='word_1_628' title='bbox 1077 1995 1106 2022; x_wconf 86' lang='lat' dir='ltr'><strong><em>in</em></strong></span> <span class='ocrx_word' id='word_1_629' title='bbox 1136 1994 1308 2033; x_wconf 74' lang='lat' dir='ltr'><strong><em>amphoram</em></strong></span> <span class='ocrx_word' id='word_1_630' title='bbox 1338 1993 1463 2023; x_wconf 78' lang='lat' dir='ltr'><strong><em>inditum</em></strong></span> <span class='ocrx_word' id='word_1_631' title='bbox 1493 1995 1635 2034; x_wconf 83' lang='lat' dir='ltr'><strong><em>sacrificii</em></strong></span> <span class='ocrx_word' id='word_1_632' title='bbox 1663 2005 1754 2023; x_wconf 82' lang='lat' dir='ltr'><strong><em>causa</em></strong></span> <span class='ocrx_word' id='word_1_633' title='bbox 1778 2004 1833 2033; x_wconf 86' lang='lat' dir='ltr'><strong><em>pro</em></strong></span> <span class='ocrx_word' id='word_1_634' title='bbox 1856 1993 1926 2021; x_wconf 79' lang='lat' dir='ltr'><strong><em>iinis</em></strong></span> <span class='ocrx_word' id='word_1_635' title='bbox 1947 1999 1974 2021; x_wconf 74' lang='lat' dir='ltr'><strong><em>et</em></strong></span> <span class='ocrx_word' id='word_1_636' title='bbox 1994 1991 2079 2028; x_wconf 80' lang='lat' dir='ltr'><strong><em>vino,</em></strong></span> <span class='ocrx_word' id='word_1_637' title='bbox 2115 2000 2190 2030; x_wconf 80' lang='lat' dir='ltr'><strong><em>quae</em></strong></span> 
     </span>
     <span class='ocr_line' id='line_1_43' title="bbox 247 2033 2191 2078; baseline 0.002 -20"><span class='ocrx_word' id='word_1_638' title='bbox 247 2033 331 2070; x_wconf 80' lang='lat' dir='ltr'><strong><em>quasi</em></strong></span> <span class='ocrx_word' id='word_1_639' title='bbox 351 2043 435 2061; x_wconf 80' lang='lat' dir='ltr'><strong><em>sacra</em></strong></span> <span class='ocrx_word' id='word_1_640' title='bbox 458 2034 554 2073; x_wconf 74' lang='lat' dir='ltr'><strong><em>dicia,</em></strong></span> <span class='ocrx_word' id='word_1_641' title='bbox 577 2036 657 2076; x_wconf 77' lang='lat' dir='ltr'><strong><em>quoti</em></strong></span> <span class='ocrx_word' id='word_1_642' title='bbox 679 2047 765 2066; x_wconf 79' lang='lat' dir='ltr'><strong><em>sacra</em></strong></span> <span class='ocrx_word' id='word_1_643' title='bbox 780 2036 882 2066; x_wconf 80' lang='lat' dir='ltr'><strong><em>Liberi</em></strong></span> <span class='ocrx_word' id='word_1_644' title='bbox 896 2038 951 2076; x_wconf 77' lang='lat' dir='ltr'><strong><em>fil,</em></strong></span> <span class='ocrx_word' id='word_1_645' title='bbox 975 2044 1006 2065; x_wconf 83' lang='lat' dir='ltr'><strong><em>ut</em></strong></span> <span class='ocrx_word' id='word_1_646' title='bbox 1026 2038 1232 2075; x_wconf 62' lang='lat' dir='ltr'><strong><em>praevidium,</em></strong></span> <span class='ocrx_word' id='word_1_647' title='bbox 1260 2035 1339 2077; x_wconf 70' lang='lat' dir='ltr'><strong><em>quod</em></strong></span> <span class='ocrx_word' id='word_1_648' title='bbox 1359 2048 1414 2076; x_wconf 84' lang='lat' dir='ltr'><strong><em>pro</em></strong></span> <span class='ocrx_word' id='word_1_649' title='bbox 1436 2037 1541 2076; x_wconf 87' lang='lat' dir='ltr'><strong><em>spicis,</em></strong></span> <span class='ocrx_word' id='word_1_650' title='bbox 1568 2048 1640 2078; x_wconf 80' lang='lat' dir='ltr'><strong><em>quas</em></strong></span> <span class='ocrx_word' id='word_1_651' title='bbox 1660 2037 1788 2076; x_wconf 82' lang='lat' dir='ltr'><strong><em>primum</em></strong></span> <span class='ocrx_word' id='word_1_652' title='bbox 1810 2035 2007 2071; x_wconf 78' lang='lat' dir='ltr'><strong><em>messuissent,</em></strong></span> <span class='ocrx_word' id='word_1_653' title='bbox 2029 2033 2191 2072; x_wconf 76' lang='lat' dir='ltr'><strong><em>sacrifica—</em></strong></span> 
     </span>
     <span class='ocr_line' id='line_1_44' title="bbox 247 2072 2191 2118; baseline 0.001 -17"><span class='ocrx_word' id='word_1_654' title='bbox 247 2073 318 2101; x_wconf 80' lang='lat' dir='ltr'><strong><em>bant</em></strong></span> <span class='ocrx_word' id='word_1_655' title='bbox 344 2072 442 2104; x_wconf 79' lang='lat' dir='ltr'><strong><em>Cereri.</em></strong></span> <span class='ocrx_word' id='word_1_656' title='bbox 488 2078 603 2106; x_wconf 86' lang='lat' dir='ltr'><strong><em>Ultimis</em></strong></span> <span class='ocrx_word' id='word_1_657' title='bbox 625 2079 775 2118; x_wconf 83' lang='lat' dir='ltr'><strong><em>capiendis</em></strong></span> <span class='ocrx_word' id='word_1_658' title='bbox 799 2080 896 2108; x_wconf 77' lang='lat' dir='ltr'><strong><em>deerat</em></strong></span> <span class='ocrx_word' id='word_1_659' title='bbox 918 2080 1044 2118; x_wconf 81' lang='lat' dir='ltr'><strong><em>spatium</em></strong></span> <span class='ocrx_word' id='word_1_660' title='bbox 1067 2079 1098 2106; x_wconf 91' lang='lat' dir='ltr'><strong><em>in</em></strong></span> <span class='ocrx_word' id='word_1_661' title='bbox 1120 2080 1254 2118; x_wconf 77' lang='lat' dir='ltr'><strong><em>reliquiis</em></strong></span> <span class='ocrx_word' id='word_1_662' title='bbox 1277 2080 1370 2115; x_wconf 80' lang='lat' dir='ltr'><strong><em>Festi,</em></strong></span> <span class='ocrx_word' id='word_1_663' title='bbox 1407 2084 1441 2107; x_wconf 86' lang='lat' dir='ltr'><strong><em>ut</em></strong></span> <span class='ocrx_word' id='word_1_664' title='bbox 1469 2080 1567 2116; x_wconf 85' lang='lat' dir='ltr'><strong><em>vides,</em></strong></span> <span class='ocrx_word' id='word_1_665' title='bbox 1602 2080 1633 2109; x_wconf 87' lang='lat' dir='ltr'><strong><em>in</em></strong></span> <span class='ocrx_word' id='word_1_666' title='bbox 1660 2079 1711 2115; x_wconf 80' lang='lat' dir='ltr'><strong><em>iis,</em></strong></span> <span class='ocrx_word' id='word_1_667' title='bbox 1747 2089 1822 2117; x_wconf 82' lang='lat' dir='ltr'><strong><em>quae</em></strong></span> <span class='ocrx_word' id='word_1_668' title='bbox 1845 2078 1882 2106; x_wconf 86' lang='lat' dir='ltr'><strong><em>de</em></strong></span> <span class='ocrx_word' id='word_1_669' title='bbox 1902 2076 2065 2116; x_wconf 79' lang='lat' dir='ltr'><strong><em>praemetiu</em></strong></span> <span class='ocrx_word' id='word_1_670' title='bbox 2087 2075 2191 2104; x_wconf 81' lang='lat' dir='ltr'><strong><em>addita</em></strong></span> 
     </span>
     <span class='ocr_line' id='line_1_45' title="bbox 247 2115 2193 2162; baseline 0.001 -19"><span class='ocrx_word' id='word_1_671' title='bbox 247 2119 326 2162; x_wconf 53' lang='lat' dir='ltr'><strong><em>sunt.</em></strong></span> <span class='ocrx_word' id='word_1_672' title='bbox 370 2115 402 2143; x_wconf 88' lang='lat' dir='ltr'><strong><em>In</em></strong></span> <span class='ocrx_word' id='word_1_673' title='bbox 426 2118 556 2155; x_wconf 83' lang='lat' dir='ltr'><strong><em>Epitoma</em></strong></span> <span class='ocrx_word' id='word_1_674' title='bbox 580 2131 738 2159; x_wconf 83' lang='lat' dir='ltr'><strong><em>perperam</em></strong></span> <span class='ocrx_word' id='word_1_675' title='bbox 761 2123 852 2150; x_wconf 82' lang='lat' dir='ltr'><strong><em>vincis</em></strong></span> <span class='ocrx_word' id='word_1_676' title='bbox 873 2132 928 2160; x_wconf 90' lang='lat' dir='ltr'><strong><em>pro</em></strong></span> <span class='ocrx_word' id='word_1_677' title='bbox 953 2122 1022 2150; x_wconf 61' lang='lat' dir='ltr'><strong><em>finis</em></strong></span> <span class='ocrx_word' id='word_1_678' title='bbox 1044 2122 1189 2159; x_wconf 87' lang='lat' dir='ltr'><strong><em>scriptum</em></strong></span> <span class='ocrx_word' id='word_1_679' title='bbox 1213 2127 1290 2159; x_wconf 83' lang='lat' dir='ltr'><strong><em>erat,</em></strong></span> <span class='ocrx_word' id='word_1_680' title='bbox 1315 2122 1395 2161; x_wconf 89' lang='lat' dir='ltr'><strong><em>quod</em></strong></span> <span class='ocrx_word' id='word_1_681' title='bbox 1418 2127 1446 2150; x_wconf 90' lang='lat' dir='ltr'><strong><em>et</em></strong></span> <span class='ocrx_word' id='word_1_682' title='bbox 1470 2133 1558 2151; x_wconf 88' lang='lat' dir='ltr'><strong><em>caeco</em></strong></span> <span class='ocrx_word' id='word_1_683' title='bbox 1582 2127 1716 2161; x_wconf 87' lang='lat' dir='ltr'><strong><em>apparet.</em></strong></span> <span class='ocrx_word' id='word_1_684' title='bbox 1756 2122 1797 2150; x_wconf 86' lang='lat' dir='ltr'><strong><em>Eo</em></strong></span> <span class='ocrx_word' id='word_1_685' title='bbox 1820 2120 1896 2149; x_wconf 83' lang='lat' dir='ltr'><strong><em>enim</em></strong></span> <span class='ocrx_word' id='word_1_686' title='bbox 1920 2124 2016 2148; x_wconf 87' lang='lat' dir='ltr'><strong><em>musto</em></strong></span> <span class='ocrx_word' id='word_1_687' title='bbox 2039 2122 2100 2147; x_wconf 78' lang='lat' dir='ltr'><strong><em>tota</em></strong></span> <span class='ocrx_word' id='word_1_688' title='bbox 2121 2117 2193 2146; x_wconf 89' lang='lat' dir='ltr'><strong><em>vin-</em></strong></span> 
     </span>
     <span class='ocr_line' id='line_1_46' title="bbox 248 2156 2192 2204; baseline 0.001 -18"><span class='ocrx_word' id='word_1_689' title='bbox 248 2156 343 2204; x_wconf 74' lang='lat' dir='ltr'><strong><em>demia</em></strong></span> <span class='ocrx_word' id='word_1_690' title='bbox 373 2167 453 2186; x_wconf 84' lang='lat' dir='ltr'><strong><em>sacra</em></strong></span> <span class='ocrx_word' id='word_1_691' title='bbox 482 2160 582 2197; x_wconf 74' lang='lat' dir='ltr'><strong><em>fiebat,</em></strong></span> <span class='ocrx_word' id='word_1_692' title='bbox 619 2168 651 2191; x_wconf 92' lang='lat' dir='ltr'><strong><em>ut</em></strong></span> <span class='ocrx_word' id='word_1_693' title='bbox 680 2164 793 2202; x_wconf 85' lang='lat' dir='ltr'><strong><em>calpari</em></strong></span> <span class='ocrx_word' id='word_1_694' title='bbox 821 2169 919 2193; x_wconf 85' lang='lat' dir='ltr'><strong><em>totum</em></strong></span> <span class='ocrx_word' id='word_1_695' title='bbox 941 2165 1043 2193; x_wconf 87' lang='lat' dir='ltr'><strong><em>vinum</em></strong></span> <span class='ocrx_word' id='word_1_696' title='bbox 1067 2164 1225 2201; x_wconf 82' lang='lat' dir='ltr'><strong><em>diffusum,</em></strong></span> <span class='ocrx_word' id='word_1_697' title='bbox 1261 2164 1297 2193; x_wconf 87' lang='lat' dir='ltr'><strong><em>de</em></strong></span> <span class='ocrx_word' id='word_1_698' title='bbox 1321 2175 1379 2203; x_wconf 89' lang='lat' dir='ltr'><strong><em>quo</em></strong></span> <span class='ocrx_word' id='word_1_699' title='bbox 1403 2164 1471 2194; x_wconf 87' lang='lat' dir='ltr'><strong><em>vide</em></strong></span> <span class='ocrx_word' id='word_1_700' title='bbox 1495 2164 1585 2194; x_wconf 91' lang='lat' dir='ltr'><strong><em>verba</em></strong></span> <span class='ocrx_word' id='word_1_701' title='bbox 1609 2164 1739 2193; x_wconf 84' lang='lat' dir='ltr'><strong><em>Trebatii</em></strong></span> <span class='ocrx_word' id='word_1_702' title='bbox 1760 2163 1969 2192; x_wconf 77' lang='lat' dir='ltr'><strong><em>Iurisconsulti</em></strong></span> <span class='ocrx_word' id='word_1_703' title='bbox 1991 2161 2072 2200; x_wconf 86' lang='lat' dir='ltr'><strong><em>apud</em></strong></span> <span class='ocrx_word' id='word_1_704' title='bbox 2093 2161 2192 2189; x_wconf 83' lang='lat' dir='ltr'><strong><em>Arno-</em></strong></span> 
     </span>
     <span class='ocr_line' id='line_1_47' title="bbox 247 2198 2190 2247; baseline 0.003 -22"><span class='ocrx_word' id='word_1_705' title='bbox 247 2199 339 2228; x_wconf 75' lang='lat' dir='ltr'><strong><em>bium.</em></strong></span> <span class='ocrx_word' id='word_1_706' title='bbox 362 2198 462 2247; x_wconf 39' lang='grc' dir='ltr'><strong><em>..ἒξ-αἰ.</em></strong></span> <span class='ocrx_word' id='word_1_707' title='bbox 505 2202 593 2236; x_wconf 79' lang='lat' dir='ltr'><strong><em>Quod</em></strong></span> <span class='ocrx_word' id='word_1_708' title='bbox 615 2205 652 2233; x_wconf 85' lang='lat' dir='ltr'><strong><em>de</em></strong></span> <span class='ocrx_word' id='word_1_709' title='bbox 674 2212 769 2234; x_wconf 82' lang='lat' dir='ltr'><strong><em>musto</em></strong></span> <span class='ocrx_word' id='word_1_710' title='bbox 793 2207 926 2235; x_wconf 81' lang='lat' dir='ltr'><strong><em>libabant</em></strong></span> <span class='ocrx_word' id='word_1_711' title='bbox 948 2212 1143 2246; x_wconf 80' lang='lat' dir='ltr'><strong><em>posteaquam</em></strong></span> <span class='ocrx_word' id='word_1_712' title='bbox 1166 2208 1374 2246; x_wconf 84' lang='lat' dir='ltr'><strong><em>polluxerant,</em></strong></span> <span class='ocrx_word' id='word_1_713' title='bbox 1398 2217 1446 2236; x_wconf 85' lang='lat' dir='ltr'><strong><em>eas</em></strong></span> <span class='ocrx_word' id='word_1_714' title='bbox 1469 2208 1671 2236; x_wconf 78' lang='lat' dir='ltr'><strong><em>confectiones</em></strong></span> <span class='ocrx_word' id='word_1_715' title='bbox 1696 2216 1770 2245; x_wconf 85' lang='lat' dir='ltr'><strong><em>quae</em></strong></span> <span class='ocrx_word' id='word_1_716' title='bbox 1791 2205 1943 2235; x_wconf 78' lang='lat' dir='ltr'><strong><em>vocabant</em></strong></span> <span class='ocrx_word' id='word_1_717' title='bbox 1962 2203 2130 2233; x_wconf 80' lang='lat' dir='ltr'><strong><em>suffimenta</em></strong></span> <span class='ocrx_word' id='word_1_718' title='bbox 2152 2211 2190 2231; x_wconf 85' lang='lat' dir='ltr'><strong><em>ex</em></strong></span> 
     </span>
     <span class='ocr_line' id='line_1_48' title="bbox 249 2242 2188 2289; baseline 0.003 -20"><span class='ocrx_word' id='word_1_719' title='bbox 249 2242 317 2289; x_wconf 69' lang='lat' dir='ltr'><strong><em>faba</em></strong></span> <span class='ocrx_word' id='word_1_720' title='bbox 339 2242 478 2288; x_wconf 76' lang='lat' dir='ltr'><strong><em>milioque</em></strong></span> <span class='ocrx_word' id='word_1_721' title='bbox 501 2244 620 2282; x_wconf 84' lang='lat' dir='ltr'><strong><em>molito,</em></strong></span> <span class='ocrx_word' id='word_1_722' title='bbox 658 2248 753 2275; x_wconf 88' lang='lat' dir='ltr'><strong><em>mulso</em></strong></span> <span class='ocrx_word' id='word_1_723' title='bbox 777 2259 896 2286; x_wconf 86' lang='lat' dir='ltr'><strong><em>sparso;</em></strong></span> <span class='ocrx_word' id='word_1_724' title='bbox 940 2259 1014 2288; x_wconf 85' lang='lat' dir='ltr'><strong><em>quae</em></strong></span> <span class='ocrx_word' id='word_1_725' title='bbox 1037 2250 1094 2278; x_wconf 82' lang='lat' dir='ltr'><strong><em>diis</em></strong></span> <span class='ocrx_word' id='word_1_726' title='bbox 1116 2260 1151 2278; x_wconf 85' lang='lat' dir='ltr'><strong><em>eo</em></strong></span> <span class='ocrx_word' id='word_1_727' title='bbox 1174 2255 1307 2289; x_wconf 80' lang='lat' dir='ltr'><strong><em>tempore</em></strong></span> <span class='ocrx_word' id='word_1_728' title='bbox 1328 2250 1493 2287; x_wconf 78' lang='lat' dir='ltr'><strong><em>dabantur,</em></strong></span> <span class='ocrx_word' id='word_1_729' title='bbox 1529 2260 1588 2288; x_wconf 92' lang='lat' dir='ltr'><strong><em>quo</em></strong></span> <span class='ocrx_word' id='word_1_730' title='bbox 1613 2260 1687 2278; x_wconf 88' lang='lat' dir='ltr'><strong><em>uvae</em></strong></span> <span class='ocrx_word' id='word_1_731' title='bbox 1710 2249 1838 2278; x_wconf 86' lang='lat' dir='ltr'><strong><em>calcatae</em></strong></span> <span class='ocrx_word' id='word_1_732' title='bbox 1861 2248 1945 2287; x_wconf 89' lang='lat' dir='ltr'><strong><em>prelo</em></strong></span> <span class='ocrx_word' id='word_1_733' title='bbox 1968 2246 2188 2286; x_wconf 84' lang='lat' dir='ltr'><strong><em>premebantur.</em></strong></span> 
     </span>
     <span class='ocr_line' id='line_1_49' title="bbox 251 2283 2190 2334; baseline -0.002 -17"><span class='ocrx_word' id='word_1_734' title='bbox 251 2284 328 2312; x_wconf 70' lang='lat' dir='ltr'><strong><em>V¹de</em></strong></span> <span class='ocrx_word' id='word_1_735' title='bbox 350 2294 380 2311; x_wconf 86' lang='lat'><strong><em>1¹1</em></strong></span> <span class='ocrx_word' id='word_1_736' title='bbox 403 2294 476 2334; x_wconf 47' lang='lat' dir='ltr'><strong><em>“qm-3</em></strong></span> <span class='ocrx_word' id='word_1_737' title='bbox 494 2283 611 2332; x_wconf 65' lang='lat' dir='ltr'><strong><em>Calpur·</em></strong></span> <span class='ocrx_word' id='word_1_738' title='bbox 643 2288 667 2314; x_wconf 87' lang='lat' dir='ltr'>A</span> <span class='ocrx_word' id='word_1_739' title='bbox 689 2300 769 2317; x_wconf 84' lang='lat' dir='ltr'><strong><em>sacer</em></strong></span> <span class='ocrx_word' id='word_1_740' title='bbox 790 2292 962 2328; x_wconf 71' lang='lat' dir='ltr'><strong><em>werimum,</em></strong></span> <span class='ocrx_word' id='word_1_741' title='bbox 987 2292 1067 2330; x_wconf 84' lang='lat' dir='ltr'><strong><em>quod</em></strong></span> <span class='ocrx_word' id='word_1_742' title='bbox 1090 2297 1221 2321; x_wconf 86' lang='lat' dir='ltr'><strong><em>mustum</em></strong></span> <span class='ocrx_word' id='word_1_743' title='bbox 1244 2292 1318 2321; x_wconf 84' lang='lat' dir='ltr'><strong><em>illud</em></strong></span> <span class='ocrx_word' id='word_1_744' title='bbox 1341 2303 1458 2321; x_wconf 84' lang='lat' dir='ltr'><strong><em>sacrum</em></strong></span> <span class='ocrx_word' id='word_1_745' title='bbox 1480 2298 1562 2321; x_wconf 83' lang='lat' dir='ltr'><strong><em>esset.</em></strong></span> <span class='ocrx_word' id='word_1_746' title='bbox 1585 2292 1673 2322; x_wconf 71' lang='lat' dir='ltr'><strong><em>Dae.</em></strong></span> <span class='ocrx_word' id='word_1_747' title='bbox 1707 2291 1766 2321; x_wconf 90' lang='lat' dir='ltr'><strong><em>Pro</em></strong></span> <span class='ocrx_word' id='word_1_748' title='bbox 1780 2291 1878 2321; x_wconf 86' lang='lat' dir='ltr'><strong><em>vineis.</em></strong></span> <span class='ocrx_word' id='word_1_749' title='bbox 1910 2291 1984 2327; x_wconf 85' lang='lat' dir='ltr'><strong><em>Lege</em></strong></span> <span class='ocrx_word' id='word_1_750' title='bbox 2005 2299 2073 2318; x_wconf 89' lang='lat' dir='ltr'><strong><em>cum</em></strong></span> <span class='ocrx_word' id='word_1_751' title='bbox 2095 2285 2190 2316; x_wconf 80' lang='lat' dir='ltr'><strong><em>Scali-</em></strong></span> 
     </span>
     <span class='ocr_line' id='line_1_50' title="bbox 250 2327 2187 2375; baseline 0.004 -23"><span class='ocrx_word' id='word_1_752' title='bbox 250 2336 318 2364; x_wconf 85' lang='lat' dir='ltr'><strong><em>gero</em></strong></span> <span class='ocrx_word' id='word_1_753' title='bbox 338 2337 393 2364; x_wconf 86' lang='lat' dir='ltr'><strong><em>pro</em></strong></span> <span class='ocrx_word' id='word_1_754' title='bbox 416 2334 493 2375; x_wconf 59' lang='lat' dir='ltr'><strong><em>nnis.</em></strong></span> <span class='ocrx_word' id='word_1_755' title='bbox 526 2328 616 2355; x_wconf 71' lang='lat' dir='ltr'><strong><em>&#39;I‘inae</em></strong></span> <span class='ocrx_word' id='word_1_756' title='bbox 639 2331 788 2358; x_wconf 83' lang='lat' dir='ltr'><strong><em>veteribus</em></strong></span> <span class='ocrx_word' id='word_1_757' title='bbox 811 2342 880 2361; x_wconf 79' lang='lat' dir='ltr'><strong><em>vasa</em></strong></span> <span class='ocrx_word' id='word_1_758' title='bbox 904 2340 988 2362; x_wconf 76' lang='lat' dir='ltr'><strong><em>erant</em></strong></span> <span class='ocrx_word' id='word_1_759' title='bbox 1010 2335 1048 2362; x_wconf 89' lang='lat' dir='ltr'><strong><em>ad</em></strong></span> <span class='ocrx_word' id='word_1_760' title='bbox 1068 2335 1171 2363; x_wconf 85' lang='lat' dir='ltr'><strong><em>vinum</em></strong></span> <span class='ocrx_word' id='word_1_761' title='bbox 1194 2336 1410 2374; x_wconf 83' lang='lat' dir='ltr'><strong><em>reponendum.</em></strong></span> <span class='ocrx_word' id='word_1_762' title='bbox 1445 2336 1537 2364; x_wconf 77' lang='lat' dir='ltr'><strong><em>Varro</em></strong></span> <span class='ocrx_word' id='word_1_763' title='bbox 1556 2335 1592 2363; x_wconf 87' lang='lat' dir='ltr'><strong><em>de</em></strong></span> <span class='ocrx_word' id='word_1_764' title='bbox 1606 2335 1658 2363; x_wconf 89' lang='lat' dir='ltr'><strong><em>vit.</em></strong></span> <span class='ocrx_word' id='word_1_765' title='bbox 1674 2335 1703 2365; x_wconf 93' lang='lat' dir='ltr'><strong><em>P.</em></strong></span> <span class='ocrx_word' id='word_1_766' title='bbox 1723 2335 1754 2364; x_wconf 82' lang='lat' dir='ltr'><strong><em>R.</em></strong></span> <span class='ocrx_word' id='word_1_767' title='bbox 1771 2334 1822 2363; x_wconf 92' lang='lat' dir='ltr'><strong><em>lib.</em></strong></span> <span class='ocrx_word' id='word_1_768' title='bbox 1835 2334 1856 2362; x_wconf 95' lang='lat' dir='ltr'><strong><em>I.</em></strong></span> <span class='ocrx_word' id='word_1_769' title='bbox 1874 2332 1968 2371; x_wconf 87' lang='lat' dir='ltr'><strong><em>(apud</em></strong></span> <span class='ocrx_word' id='word_1_770' title='bbox 1982 2332 2057 2360; x_wconf 89' lang='lat' dir='ltr'><strong><em>Non.</em></strong></span> <span class='ocrx_word' id='word_1_771' title='bbox 2072 2341 2101 2369; x_wconf 91' lang='lat' dir='ltr'><strong><em>p.</em></strong></span> <span class='ocrx_word' id='word_1_772' title='bbox 2114 2327 2187 2360; x_wconf 78' lang='lat'>544-</span> 
     </span>
     <span class='ocr_line' id='line_1_51' title="bbox 250 2368 2188 2418; baseline 0.001 -19"><span class='ocrx_word' id='word_1_773' title='bbox 250 2368 368 2415; x_wconf 44' lang='lat' dir='ltr'><strong><em>{llere-&gt;2</em></strong></span> <span class='ocrx_word' id='word_1_774' title='bbox 390 2368 601 2418; x_wconf 47' lang='lat' dir='ltr'><strong><em>:Antiquissimi</em></strong></span> <span class='ocrx_word' id='word_1_775' title='bbox 622 2370 652 2398; x_wconf 81' lang='lat' dir='ltr'><strong><em>in</em></strong></span> <span class='ocrx_word' id='word_1_776' title='bbox 675 2372 814 2400; x_wconf 80' lang='lat' dir='ltr'><strong><em>conviviis</em></strong></span> <span class='ocrx_word' id='word_1_777' title='bbox 836 2381 910 2403; x_wconf 76' lang='lat' dir='ltr'><strong><em>utres</em></strong></span> <span class='ocrx_word' id='word_1_778' title='bbox 930 2376 992 2404; x_wconf 83' lang='lat' dir='ltr'><strong><em>vini</em></strong></span> <span class='ocrx_word' id='word_1_779' title='bbox 1012 2378 1124 2414; x_wconf 86' lang='lat' dir='ltr'><strong><em>primo,</em></strong></span> <span class='ocrx_word' id='word_1_780' title='bbox 1146 2385 1248 2416; x_wconf 79' lang='lat' dir='ltr'><strong><em>postea</em></strong></span> <span class='ocrx_word' id='word_1_781' title='bbox 1271 2379 1349 2406; x_wconf 72' lang='lat' dir='ltr'><strong><em>tinas</em></strong></span> <span class='ocrx_word' id='word_1_782' title='bbox 1369 2377 1525 2416; x_wconf 75' lang='lat' dir='ltr'><strong><em>ponebant.</em></strong></span> <span class='ocrx_word' id='word_1_783' title='bbox 1556 2377 1614 2406; x_wconf 86' lang='lat' dir='ltr'><strong><em>Sed</em></strong></span> <span class='ocrx_word' id='word_1_784' title='bbox 1637 2388 1674 2406; x_wconf 83' lang='lat' dir='ltr'><strong><em>ex</em></strong></span> <span class='ocrx_word' id='word_1_785' title='bbox 1697 2376 1813 2405; x_wconf 86' lang='lat' dir='ltr'><strong><em>schedis</em></strong></span> <span class='ocrx_word' id='word_1_786' title='bbox 1834 2376 1989 2413; x_wconf 83' lang='lat' dir='ltr'><strong><em>legendum</em></strong></span> <span class='ocrx_word' id='word_1_787' title='bbox 2012 2373 2082 2402; x_wconf 82' lang='lat' dir='ltr'><strong><em>uuis.</em></strong></span> <span class='ocrx_word' id='word_1_788' title='bbox 2114 2369 2188 2399; x_wconf 80' lang='lat' dir='ltr'><strong><em>Vide</em></strong></span> 
     </span>
     <span class='ocr_line' id='line_1_52' title="bbox 251 2409 2187 2457; baseline 0.002 -19"><span class='ocrx_word' id='word_1_789' title='bbox 251 2411 335 2440; x_wconf 82' lang='lat' dir='ltr'><strong><em>mfra.</em></strong></span> <span class='ocrx_word' id='word_1_790' title='bbox 379 2409 564 2450; x_wconf 74' lang='lat' dir='ltr'><strong><em>bacnjzcium</em></strong></span> <span class='ocrx_word' id='word_1_791' title='bbox 586 2410 674 2451; x_wconf 79' lang='lat' dir='ltr'><strong><em>quod.</em></strong></span> <span class='ocrx_word' id='word_1_792' title='bbox 719 2413 767 2441; x_wconf 82' lang='lat' dir='ltr'><strong><em>Ait</em></strong></span> <span class='ocrx_word' id='word_1_793' title='bbox 789 2413 890 2443; x_wconf 85' lang='lat' dir='ltr'><strong><em>Festus</em></strong></span> <span class='ocrx_word' id='word_1_794' title='bbox 913 2427 950 2444; x_wconf 81' lang='lat' dir='ltr'><strong><em>ex</em></strong></span> <span class='ocrx_word' id='word_1_795' title='bbox 974 2418 1056 2446; x_wconf 81' lang='lat' dir='ltr'><strong><em>Aelio</em></strong></span> <span class='ocrx_word' id='word_1_796' title='bbox 1080 2424 1109 2447; x_wconf 84' lang='lat' dir='ltr'><strong><em>et</em></strong></span> <span class='ocrx_word' id='word_1_797' title='bbox 1130 2420 1243 2447; x_wconf 80' lang='lat' dir='ltr'><strong><em>Cloatio</em></strong></span> <span class='ocrx_word' id='word_1_798' title='bbox 1266 2420 1421 2448; x_wconf 76' lang='lat' dir='ltr'><strong><em>sam-imam</em></strong></span> <span class='ocrx_word' id='word_1_799' title='bbox 1444 2430 1506 2449; x_wconf 84' lang='lat' dir='ltr'><strong><em>esse</em></strong></span> <span class='ocrx_word' id='word_1_800' title='bbox 1528 2426 1673 2455; x_wconf 82' lang='lat' dir='ltr'><strong><em>mustum,</em></strong></span> <span class='ocrx_word' id='word_1_801' title='bbox 1711 2418 1792 2457; x_wconf 90' lang='lat' dir='ltr'><strong><em>quod</em></strong></span> <span class='ocrx_word' id='word_1_802' title='bbox 1813 2420 1844 2446; x_wconf 88' lang='lat' dir='ltr'><strong><em>in</em></strong></span> <span class='ocrx_word' id='word_1_803' title='bbox 1867 2416 2038 2454; x_wconf 84' lang='lat' dir='ltr'><strong><em>amphoram</em></strong></span> <span class='ocrx_word' id='word_1_804' title='bbox 2058 2413 2187 2442; x_wconf 85' lang='lat' dir='ltr'><strong><em>inditum</em></strong></span> 
     </span>
    </p>
   </div>
  </div>
 </body>
</html>
