2263 2668
220 329 227 338 '
239 328 256 351 s·
276 330 363 352 tacere
372 325 450 369 ipsa
477 320 691 366 appellatur.

372 180 446 213 264

1000 171 1140 205 SEXTI
1167 171 1367 206 ΡΟΜΡΕΠ
1393 172 1533 206 FESTI

372 276 492 318 porta
520 268 704 313 appellata
732 271 779 300 cst
806 263 826 314 Η
857 265 903 298 ab
931 265 990 297 avi
1015 266 1190 310 sanquali.
1226 267 1375 310 ideoque
1403 266 1525 300 eodem
1553 269 1601 299 est
1627 266 1777 304 nomine,
1821 277 1886 310 quo
1912 269 1988 302 avis
2041 267 2148 315 [151]

376 375 448 408 cius
472 371 566 405 vocis
593 373 652 403 est.

746 318 903 359 Silere,
947 321 1109 361 tangere*
1143 317 1346 364 significat,
1379 317 1475 364 ficto
1510 316 1617 350 verbo
1643 328 1662 349 a
1689 328 1703 349 s
1736 317 1861 357 littera.
1900 330 1984 361 quae
2018 321 2151 354 initium

706 369 852 402 Sellae
879 365 1079 401 Curulisl
1107 369 1200 403 locus
1227 370 1261 402 in
1293 369 1395 402 Circo
1422 370 1529 402 datus
1556 372 1605 401 est
1633 367 1774 401 Valerio
1805 368 1992 414 Dictatori,
2035 376 2151 416 poste-

202 425 526 466 ‘f-posteris-riusque*
551 422 624 454 eius
650 421 791 454 honoris
818 430 945 459 ccaaesa,
973 423 1010 452 ut
1031 421 1189 464 proxime
1215 421 1375 454 sacellum
1396 420 1554 453 Murciae
1580 423 1796 464 spectarent,
1825 420 1917 454 unde
1940 422 2152 466 aspiciebant

270 468 320 493 que

202 525 467 587 ’ξθῖξίεῗίἒεᾳαοά
493 529 542 558 est
569 524 760 570 gerendum
787 534 890 568 agere
917 522 1123 556 desistimus.

345 577 365 594 '2

235 1309 273 1334 ·f.
293 1308 329 1334 M.

201 1404 487 1436 ·f.Triumvirrum*
515 1400 606 1441 sim,
655 1399 937 1444 spatiatorem
972 1405 1100 1442 atque
1134 1397 1440 1432 fescenniumss.

371 474 569 520 spectacula
604 473 850 517 magistratus.

913 469 1128 504 Sentica2
1156 483 1281 505 causa
1317 472 1435 505 dicitur
1462 484 1481 504 a
1508 471 1628 504 morbo
1663 472 1809 511 sontico,
1856 476 2004 517 propter
2037 485 2149 518 quem,

1179 523 1228 556 M.
1254 523 1399 557 Porcius
1423 523 1491 556 lato
1517 523 1560 555 de
1583 526 1653 555 re*:
1681 523 1721 555 A.
1745 523 1850 555 Atili
1877 523 1980 568 quid
2007 524 2149 559 dicam

375 588 536 612 causae
563 576 782 617 extitisse,
825 573 996 607 timidus
1022 586 1070 607 ne
1096 575 1178 618 sis,
1221 586 1273 608 an
1300 575 1609 620 impedimento
1636 574 1718 606 tibi
1745 585 1917 608 causam
1944 577 2151 610 sonticam

218 627 245 652 Ὗ·
262 626 344 652 stillae
362 628 539 676 fuisse?
585 627 874 661 Stiricidium
909 626 1002 670 quasi
1030 625 1247 666 stillicidium,
1293 637 1369 659 cum
1398 626 1549 667 stellae*‚
1593 629 1777 658 concretae
1801 625 1969 671 frigore,
2012 627 2150 661 cadunt.

373 681 458 715 Cato
485 691 549 725 pro
577 678 616 712 C.

372 732 480 765 senti
514 740 802 775 cognoscere,
846 732 980 773 atque
1015 729 1144 761 etiam
1176 733 1384 762 statuere.

372 783 516 817 iurandi
548 782 750 815 sacratione
791 780 983 824 interposita
1017 785 1128 814 actum
1163 784 1221 813 est.

373 835 451 879 quia
483 834 726 868 iusiurandum
761 832 999 876 interponitur.

1057 831 1146 865 Cato
1171 832 1203 864 in
1231 831 1274 872 Q.
1297 832 1486 864 Thermum
1515 831 1558 864 de
1584 832 1625 865 X.
1653 831 1864 865 hominibus.-

855 676 1134 710 nihilominus
1168 678 1311 710 voluit
1346 689 1511 722 semper
1545 677 1597 710 de
1629 677 1857 711 stiricidio
1889 679 1930 711 in
1964 690 2004 711 re
2030 690 2151 723 prae-

1447 729 1471 762 S
1481 741 1499 761 a
1507 741 1525 763 c
1534 740 1616 761 ram
1626 740 1644 761 e
1652 739 1673 762 n
1681 733 1694 760 t
1703 740 1723 761 o
1737 726 1753 749 3
1787 729 1906 762 dicitur
1940 729 2031 773 quod
2065 731 2151 764 iuris

1288 780 1389 813 Unde
1424 781 1500 825 quis
1532 785 1756 813 sacramento
1790 780 1910 814 dicitur
1942 781 2150 826 interrogari,

1911 831 1968 865 Tu
1976 844 1998 865 n
2005 844 2023 866 c
2048 845 2070 865 v
2079 844 2098 866 e
2105 844 2124 865 r
2130 844 2151 866 o

374 886 432 920 ibi
461 886 662 928 aderunt,
706 895 753 917 ne
780 884 889 916 mala
905 882 1143 928 facinora,
1188 882 1437 928 bonafide,
1478 887 1554 917 aut
1580 883 1747 916 scelera
1773 883 1941 916 nefaria
1967 884 2150 926 fierent,

374 938 446 983 qui
481 937 685 970 dicerent
719 939 1020 977 sacramento,
1064 934 1355 976 traderentur,
1401 935 1500 980 lege
1534 935 1888 969 aestimarentur.

375 989 510 1034 ponitur
543 999 607 1033 pro
643 987 778 1027 eadem,
825 987 877 1019 vel
910 986 1054 1031 proinde
1087 987 1188 1031 quasi
1221 986 1344 1019 similis
1375 997 1432 1020 res
1458 988 1548 1031 ipsa.

931 1038 983 1070 Et
1017 1042 1244 1082 praeterea
1282 1049 1411 1083 rogas
1458 1042 1500 1070 ut
1537 1049 1789 1082 quemquam
1826 1038 2047 1072 adversus
2085 1051 2149 1081 ea,

374 1093 405 1125 si
445 1091 636 1136 populus
676 1089 1062 1131 condemnaverit,
1114 1089 1302 1134 siremps
1345 1090 1415 1123 lex
1454 1090 1557 1131 siet,

553 1139 793 1188 Spiciunt4‚
833 1141 984 1184 antiquos
1019 1141 1147 1174 dixisse
1179 1141 1252 1173 siue
1284 1141 1541 1187 praepositione
1567 1141 1656 1173 testis
1685 1146 1732 1174 est
1767 1140 1852 1174 Cato
1885 1143 1919 1174 in
1946 1153 2001 1183 ea,
2048 1152 2150 1185 quam

373 1194 494 1228 habuit
535 1195 570 1227 in
617 1193 661 1240 Q.
702 1193 891 1226 Thermum
932 1192 978 1225 de
1016 1197 1143 1237 septem
1182 1192 1387 1226 hominibus:

1257 1245 1355 1278 dum
1407 1250 1665 1284 occurrant,

995 1294 1290 1340 Spatiatorem
1305 1294 1334 1337 ⁵,
1375 1302 1556 1328 erratorem
1580 1296 1665 1329 Cato
1692 1296 1724 1328 in
1748 1296 1832 1329 An.*
1856 1293 1876 1345 Η
1899 1296 1987 1330 Cae-

375 1052 469 1086 quac
503 1044 630 1085 postea
664 1039 783 1072 relicta
816 1043 878 1071 est:

374 1144 485 1177 m'sset.

372 1246 452 1279 nisi
506 1246 576 1289 qui
625 1245 874 1289 sempiterni

373 1309 452 1342 que
479 1302 615 1338 ratos,
661 1307 754 1329 esse
780 1296 939 1329 volunt.

927 1249 1037 1284 sunt,
1099 1255 1204 1287 quos

1951 934 2026 969 Sir
2035 947 2054 969 e
2061 947 2095 969 m
2102 947 2128 981 p
2135 947 2151 968 s

1601 985 1686 1019 Cato
1712 986 1745 1018 in
1771 986 1994 1020 dissuadendo
2020 987 2149 1033 legem,

1611 1091 1704 1133 quasi
1739 1089 1894 1123 adversus
1933 1090 2053 1135 legem
2084 1089 2150 1135 fe-

1451 1192 1506 1226 Ut
1546 1193 1686 1226 solent
1727 1193 1901 1226 evitare
1943 1193 2148 1234 sonivios‚

1719 1256 1767 1277 ne
1820 1245 2024 1289 spiciunt,
2077 1256 2150 1277 ne-

2040 1294 2147 1342 [152]

373 1350 455 1382 lium
478 1349 502 1381 si
528 1360 562 1381 se
589 1348 842 1393 appellavisset:
869 1347 912 1379 ln
940 1347 1148 1380 coloniam
1177 1359 1237 1380 me
1264 1347 1464 1381 hercules
1493 1348 1682 1380 scribere
1709 1347 1855 1387 nolim,
1883 1348 1914 1380 si
1940 1348 2067 1380 trium
2093 1347 2150 1379 vi-

1500 1396 1648 1431 Stata⁷
1675 1398 1894 1431 sacrificia
1925 1404 2017 1438 sunt,
2063 1409 2149 1441 quae

202 1453 470 1494 'f.sacrilegiocertis
496 1451 613 1484 diebus
639 1451 712 1484 fieri
738 1450 879 1489 debent3
914 1449 999 1483 Cato
1026 1450 1058 1481 in
1086 1461 1143 1490 ea,
1179 1461 1279 1493 quam
1307 1450 1435 1484 scribsit
1461 1449 1504 1482 ‹le
1531 1450 1569 1482 L.
1593 1450 1748 1491 Veturio,
1776 1449 1819 1482 de
1844 1450 2030 1484 sacrificio*
2052 1460 2148 1482 com-

373 1504 488 1544 misso,
516 1514 591 1536 cum
616 1503 645 1535 ei
667 1514 791 1546 equum
812 1501 954 1534 ademit:
983 1500 1107 1542 Quod
1133 1506 1195 1543 tu,
1222 1501 1333 1545 quod
1360 1502 1400 1533 in
1427 1507 1468 1534 te
1494 1501 1597 1544 fuit,
1624 1513 1760 1541 sacra,
1788 1506 1893 1534 stata
1920 1501 2148 1542 solemnia,

236 1662 270 1687 ἐ.
287 1661 350 1688 Sive
376 1659 446 1692 ullo
473 1657 659 1690 consistitur
689 1661 853 1700 tempore.

375 1710 528 1756 globo,
555 1714 624 1741 aut
651 1708 839 1751 forcipe,
873 1711 945 1740 aut
971 1707 1159 1740 turribus
1186 1712 1259 1740 aut
1285 1719 1418 1746 serra,
1452 1706 1510 1739 uti
1536 1706 1746 1739 adoriare.

372 1556 517 1600 capite
543 1558 687 1588 sancta
715 1552 955 1587 deseruisti.

373 1607 489 1650 nisque
515 1606 588 1639 fieri
614 1606 729 1639 solent.

1014 1552 1038 1585 S
1048 1564 1068 1584 o
1076 1552 1088 1584 l
1096 1565 1114 1586 e
1122 1564 1154 1585 m
1164 1564 1183 1585 n
1194 1553 1231 1585 ia
1258 1565 1271 1586 s
1280 1565 1299 1585 a
1308 1564 1327 1586 c
1335 1565 1350 1585 r
1359 1564 1378 1585 a
1405 1552 1559 1585 dicuntur
1568 1576 1578 1593 ,
1622 1564 1709 1595 quae
1736 1553 1832 1586 certis
1857 1553 2063 1597 temporibus
2089 1564 2150 1585 an·—

781 1604 805 1637 S
815 1616 833 1637 e
841 1616 880 1637 rr
889 1616 908 1637 a
935 1604 1092 1648 proeliari
1119 1604 1239 1637 dicitur
1248 1630 1256 1646 ‚
1297 1616 1374 1638 cum
1401 1604 1531 1637 assidue
1557 1604 1745 1643 acceditur,
1780 1604 2015 1647 recediturque
2041 1615 2150 1647 neque

904 1655 990 1688 Cato
1022 1655 1066 1688 de
1099 1667 1135 1688 re
1169 1656 1319 1688 militari:
1362 1655 1485 1688 Sine*
1512 1655 1628 1688 forte
1662 1666 1768 1699 opus
1802 1655 1854 1688 sit
1888 1666 2037 1697 cuneo,
2081 1659 2151 1688 aut

1800 1706 1974 1739 Stercus
2000 1718 2040 1739 ex
2066 1706 2150 1739 aede

375 1762 497 1795 Vestae
523 1760 630 1794 XVII.
654 1760 719 1793 kal.
747 1759 808 1791 Iul.
843 1758 992 1792 defertur
1025 1759 1057 1791 in
1088 1759 1304 1803 angiportum
1337 1759 1486 1792 medium
1518 1758 1590 1791 fere
1623 1759 1701 1792 clivi
1727 1757 1923 1802 Capitolini,
1969 1758 2026 1801 qui
2057 1759 2150 1792 locus

377 1813 541 1846 clauditur
566 1817 665 1857 porta
686 1810 891 1846 stercoraria,
920 1816 1029 1843 tantae
1053 1811 1230 1844 sanctitatis
1255 1810 1396 1843 maiores
1420 1810 1522 1843 nostri
1543 1822 1613 1843 esse
1634 1810 1833 1844 iudicavere.

1886 1810 2150 1843 Summissio-

377 1875 460 1897 rem
488 1864 558 1896 aliis
585 1864 705 1897 aedem
725 1863 891 1903 Honoris,
935 1868 967 1895 et
991 1862 1126 1895 Virtutis
1147 1862 1185 1895 C.
1208 1862 1335 1895 Marius
1363 1862 1461 1903 fecit,
1498 1873 1539 1894 ne
1565 1862 1590 1894 si
1617 1862 1703 1894 forte
1730 1861 1882 1895 officeret
1907 1861 2059 1905 auspiciis
2085 1872 2151 1906 pu-

444 1981 473 2017 1)
483 1982 578 2010 Sellae
590 1981 725 2016 curulis.]
745 1980 844 2009 Livius
859 1979 908 2009 lib.
918 1983 945 2013 2.
962 1981 1078 2010 Valerio
1101 1981 1246 2009 Dictatori

383 2031 472 2059 super
494 2024 594 2052 solitos
616 2023 744 2052 honores
772 2024 857 2051 locus
880 2023 911 2051 in
933 2023 1020 2052 Circo
1043 2024 1116 2062 ipsi,
1146 2028 1246 2063 poste-

384 2063 482 2101 risque
504 2066 541 2093 ad
563 2066 765 2105 spectaculum
795 2065 890 2094 datus.
914 2075 951 2094 ex
975 2066 1020 2096 his
1043 2066 1143 2095 verbis
1165 2066 1245 2095 Festi

386 2105 482 2132 locum
506 2108 753 2137 concinnavimus.
785 2109 863 2136 Urs.
895 2124 933 2131 -
971 2108 999 2147 2)
1023 2108 1168 2147 sontica]
1193 2109 1245 2137 Ca-

386 2150 483 2175 tonem
522 2148 557 2176 de
585 2150 625 2177 Re
648 2150 744 2179 Floria
773 2151 843 2178 citat
873 2151 1004 2189 Agellius
1031 2151 1082 2181 lib.
1107 2155 1155 2184 10.
1180 2161 1244 2191 cap.

388 2190 438 2220 18.
463 2198 529 2217 eum
552 2195 647 2219 autem
681 2193 712 2220 in
739 2192 896 2231 exemplari
926 2218 932 2223 .
957 2216 963 2222 .
990 2216 996 2222 .
1021 2215 1029 2223 .
1053 2194 1096 2222 ibi
1120 2204 1246 2223 causam

386 2232 535 2258 sonticam
559 2252 685 2263 .....
708 2236 776 2263 uatis
800 2240 939 2274 apparet,
961 2235 996 2266 A.
1021 2237 1094 2266 Atili
1115 2236 1246 2265 vocandi

387 2283 489 2302 casum
509 2283 583 2303 esse.
614 2275 690 2302 Urs.
721 2292 762 2301 -—
796 2278 823 2315 3)
848 2279 1062 2318 Sacramenta]
1084 2279 1119 2308 In
1142 2289 1246 2308 exem-

388 2315 465 2354 plari
487 2316 529 2344 sic
551 2319 594 2344 est
616 2336 743 2345 .....
766 2324 777 2345 t
799 2320 910 2347 scelera
938 2322 1060 2358 nefaria
1073 2323 1119 2360 fle
1144 2345 1149 2351 .
1174 2343 1181 2352 .
1205 2344 1212 2350 .

388 2357 424 2386 ab
442 2357 541 2398 operis
561 2361 658 2386 autem
673 2357 829 2395 impetrare
845 2362 1041 2400 nequivimus,
1064 2370 1097 2393 ut
1119 2364 1174 2393 hae
1188 2364 1246 2393 lit-

387 2405 519 2430 terarum
540 2399 682 2438 reliquiae
706 2399 743 2427 ad
764 2401 849 2430 fidem
874 2405 1049 2443 exemplaris
1077 2406 1246 2435 ederentur.

394 2441 472 2471 Urs.
498 2459 539 2464 —
566 2440 598 2483 4)
620 2443 781 2481 »spiciunlj
806 2444 875 2472 Cato
901 2446 936 2474 de
955 2447 1056 2476 decem
1077 2448 1246 2477 hominibus

1288 1986 1392 2009 contra
1409 1980 1569 2009 Thermum
1585 1981 1693 2009 citatur
1707 1991 1720 2008 a
1740 1979 1826 2008 Festo
1842 1989 1941 2017 saepe,
1965 1984 1992 2007 et
2011 1979 2047 2007 ab
2064 1979 2151 2016 Agel-

1288 2024 1328 2052 lio
1358 2023 1409 2051 lib.
1435 2024 1480 2054 13.
1513 2034 1578 2062 cap,
1608 2025 1658 2055 24.
1688 2022 1724 2051 de
1753 2026 1864 2061 septem
1894 2021 2064 2050 hominibus
2090 2031 2152 2050 non

1287 2066 1396 2095 inveni.
1420 2070 1453 2094 ut
1476 2066 1600 2094 sortasse
1623 2076 1678 2104 pro
1701 2070 1809 2104 septem
1830 2063 1879 2092 hic
1901 2074 2021 2102 quoque
2041 2063 2149 2099 decem,

1288 2109 1479 2137 scribendum
1502 2109 1548 2137 sit.
1578 2109 1654 2137 Urs.
1681 2125 1716 2129 —
1742 2106 1769 2145 5)
1787 2106 2013 2145 8Ραιίαιοι·ειη.]
2036 2106 2151 2136 Macro-

1288 2151 1356 2180 bius
1379 2151 1430 2182 lib,
1452 2152 1482 2182 3.
1506 2161 1570 2189 cap.
1596 2152 1643 2183 14.
1674 2152 1722 2179 Sic
1744 2150 1882 2178 nimirum
1911 2149 1950 2178 M.
1972 2149 2044 2178 Cato
2066 2159 2150 2178 seua·

1289 2199 1384 2223 torem
1418 2203 1478 2222 non
1503 2193 1663 2232 ignobilem
1687 2192 1839 2229 Coelium,
1876 2192 2085 2231 spatiatorem,
2121 2194 2150 2219 et

1289 2237 1496 2267 fescenninum
1534 2241 1633 2265 vocat.
1664 2234 1713 2264 hic
1744 2235 1829 2263 locus
1858 2234 1937 2272 apud
1967 2232 2148 2263 Macrobiuru

1289 2279 1375 2308 aliter
1396 2280 1523 2317 legitur,
1552 2278 1605 2308 sed
1627 2282 1778 2317 corrupte.
1807 2277 1885 2307 Urs.
1914 2293 1957 2298 —-
1991 2277 2020 2314 6)
2034 2276 2149 2313 fescen-

1236 2342 1244 2351 .
1288 2324 1397 2350 ninum
1426 2322 1498 2352 Ven.
1523 2322 1568 2350 Sc.
1598 2335 1640 2343 --
1678 2319 1708 2361 7)
1733 2321 1852 2355 Stata.]
1882 2317 2096 2357 Agellius=lib.
2117 2318 2147 2346 7.

1289 2375 1354 2404 cap.
1376 2367 1426 2396 22.
1455 2364 1544 2393 habet
1573 2368 1607 2392 ut
1635 2363 1686 2391 hic
1714 2362 1833 2399 Festus,
1871 2361 2034 2399 sacrificio.
2057 2367 2147 2396 supra

1289 2412 1384 2436 tamen
1415 2407 1446 2435 in
1475 2406 1633 2435 Prohibere
1656 2406 1800 2439 Comitia,
1837 2403 1980 2441 scriptum
2002 2405 2059 2433 est,
2092 2409 2147 2428 sa-

1288 2450 1418 2487 crilegio.
1443 2454 1472 2477 et
1483 2449 1524 2477 ita
1546 2449 1575 2477 in
1599 2451 1728 2486 epitoma
1745 2446 1837 2475 Pauli.
1869 2445 1917 2474 Ur
1926 2455 1948 2472 s·
1971 2458 2012 2470 —
2041 2444 2069 2479 8)
2088 2442 2147 2470 Sa·
