2263 2668
267 165 342 201 322
689 149 1036 186 COMMENTARH
1062 148 1111 182 IN
1137 146 1280 181 PAULI
1304 146 1503 182 DJACONI
1527 147 1783 186 ExcERrTA

271 265 453 301 querqueras.
476 251 564 280 Dac-
596 244 694 274 Etz'am
718 253 871 273 carcerem.
900 241 927 270 A
951 241 1065 270 Graeco
1087 236 1239 280 κάρκαρος
1262 250 1411 270 carcerem
1434 240 1522 269 etiam
1544 242 1650 271 Santra
1672 242 1733 272 dici
1757 243 1947 274 existimavit.
1981 244 2025 273 An
2049 246 2115 284 quia
2139 246 2212 276 hor-

271 310 370 331 rorem
392 304 492 326 carcer
519 288 648 319 incutit'?
686 287 746 314 Sed
769 287 867 314 forsan
891 285 946 313 erit
968 295 983 312 a
1007 280 1177 323 κάρκαρος,
1215 293 1275 312 non
1299 294 1356 322 qua
1379 290 1544 320 tremorem,
1580 285 1633 313 sed
1655 295 1713 323 qua
1738 283 1879 325 δεσμούς,
1915 286 2037 315 vincula
2059 288 2211 325 siguificat.

274 340 430 381 Κάρκαροι
451 334 528 364 enim
550 330 653 368 δεσμοί
675 327 804 366 Hesych,
826 327 956 365 Scaliger
978 325 1100 355 deducit
1120 336 1137 354 a
1158 323 1312 365 κάρκαρα,
1337 322 1483 364 μάνδραι,
1505 326 1674 364 speluncae.
1697 328 1786 358 Dac.
1832 329 1922 368 Apud
1946 329 2068 357 Paulum
2090 330 2121 358 in
2142 331 2212 360 1000

272 383 407 414 Plautino
435 374 624 406 scribendum
653 381 713 399 esse
741 380 899 410 querquera
919 370 1022 404 tussis,
1058 378 1115 407 pro
1138 375 1359 408 querqueratus,
1394 377 1481 396 nemo
1505 378 1565 397 non
1587 369 1677 399 videt.
1721 370 1810 409 Apud
1832 371 2018 401 Priscianum
2041 371 2131 402 hodie
2153 383 2211 402 non

271 425 379 464 legitur
400 427 568 461 querquera.
612 412 708 443 Locus
730 413 780 441 ille
804 412 957 440 Plautinus
976 412 1023 439 sic
1045 411 1166 440 videtur
1183 411 1346 449 ‹legendusz

703 453 738 486 'Is
760 455 802 482 mi
823 461 884 483 erat
907 453 989 490 bilis,
1019 464 1098 493 aqua
1119 452 1285 490 intercutis,
1309 451 1396 481 missis
1416 463 1576 493 querquera
1599 451 1625 482 ἐι
1638 453 1758 495 febris,-

272 510 297 538 si
318 505 437 546 quidem
452 501 568 544 febris,
598 497 678 537 quod
701 497 854 537 probabile
877 502 936 535 est,
964 497 1157 536 penultimam
1177 495 1266 525 habet
1289 495 1464 534 ancipitem,
1496 495 1577 534 quod
1599 496 1726 527 sortasse
1749 504 1786 527 ex
1807 498 1876 527 loco
1899 497 2037 527 Plautino
2059 497 2117 527 alio
2140 508 2213 527 con-

271 551 324 580 iici
346 549 430 583 licet,
453 543 557 575 Pseud.
572 542 616 578 11,
640 545 676 577 2,
697 543 764 571 48.:

705 580 776 611 Hdc
788 580 901 622 febrim
925 580 979 610 tibi
1001 579 1074 618 c'sse,
1105 581 1173 622 quia
1193 592 1253 610 non
1275 579 1342 610 lz'cet
1364 579 1421 610 lzoc
1441 580 1559 609 iniicere
1581 579 1715 620 ungulas.

274 633 389 663 Clarius
413 632 537 670 apparet
559 637 594 655 ex
615 625 794 661 'Catull.V1‚
817 624 865 654 4.-.
906 624 1014 652 Vemm
1037 625 1133 653 nescio
1154 623 1226 664 quid
1242 621 1441 665 febriculosi,
1479 623 1531 661 qui
1552 633 1656 652 versus
1679 629 1724 654 est
1744 624 1916 654 Phalaecius
1938 623 2212 662 hendecasyllabus.

273 677 411 706 Ceterum
434 670 591 709 originatio
612 668 751 697 difficilis.
793 666 877 695 -lllud
906 671 1044 705 apparet,
1081 667 1204 695 formam
1230 665 1369 694 vocabuli
1392 675 1453 694 esse
1475 665 1739 705 reduplicativam,
1776 667 1813 696 de
1836 677 1894 706 qua
1915 667 1987 696 vide
2009 676 2085 706 quae
2104 667 2212 706 ⁴paullo

273 724 342 748 ante
364 716 493 746 diximus
517 713 553 741 ad
577 722 605 741 v.
631 708 818 750 Quisquiliae.
863 710 892 737 Si
916 710 1045 738 eiusdem
1069 714 1112 737 est
1134 708 1233 748 stirpis
1254 719 1443 748 querqueras,
1472 713 1560 746 atque
1583 720 1698 747 carcer,
1724 722 1861 751 quercus,
1886 707 2057 750 κάρκαρον,
2079 719 2213 738 commu-

273 764 320 791 nis
342 759 421 788 notio
444 754 571 792 roboris,
596 753 726 790 duritiei,
749 752 892 781 'siccitatis
913 752 1014 781 subest
1036 751 1188 789 omnibus;
1213 756 1246 780 ut
1268 760 1429 790 querquera
1450 752 1536 779 iussis
1558 752 1597 780 sit
1618 752 1713 789 sicca,
1737 753 1820 781 arida
1842 753 1948 790 tussis;
1979 761 2138 793 querquera
2150 751 2213 793 fe-

273 803 347 839 bris,
370 799 459 829 febris
481 807 552 837 prae
571 797 665 825 nimio
689 795 806 824 fervore
828 794 992 823 siccitatem
1014 794 1195 824 siticulosam
1217 799 1305 832 atque
1327 793 1440 821 aridam
1463 793 1590 831 faciens;
1615 805 1723 833 carcer,
1746 795 1922 835 repagulum
1945 795 2071 831 durum,
2094 794 2212 823 vincula

271 842 498 884 insuperabilia3
522 849 642 880 quercus
663 839 727 877 ipsa
752 842 876 877 propter
898 837 1036 866 duritiem
1058 837 1211 866 robustam
1234 835 1323 865 robur
1345 836 1467 864 dicitur.

433 879 778 922 1ὈιιαάνιιρΖαίονεε.
825 880 889 909 Vid.
914 880 1021 910 Ascon.
1049 879 1080 908 in
1107 880 1199 908 divin.
1222 884 1250 907 et
1272 878 1323 906 hb.
1336 878 1384 906 IV.
1407 878 1522 907 Verrin.
1552 878 1640 908 Ant.
1663 878 1759 918 Aug.
1803 878 1911 908 Ascon.
1934 879 2079 908 Pedianus
2106 878 2137 907 in
2166 877 2213 907 di-

272 929 361 959 vinat.
383 926 524 967 (pag.26.
549 924 595 954 ed.
619 923 738 963 Lugd.):
778 920 1031 961 Quadruplatores
1058 920 1200 951 delatores
1227 928 1307 949 erant
1343 921 1496 949 criminum
1519 919 1722 959 publicorum,
1759 922 1789 950 in
1812 933 1871 961 qua
1894 933 1922 950 re
1943 929 2081 962 quartam
2101 927 2214 960 partem

273 971 308 1001 de
328 970 557 1011 proscriptorum
582 966 664 995 bonis
686 976 758 1006 quos
781 963 958 1001 detulerant,
989 963 1222 1005 assequebantur.
1265 961 1335 992 Alii
1356 961 1458 992 dicunt
1481 961 1726 1003 quadruplatores
1748 974 1806 992 esse
1827 975 1925 993 eorum
1948 975 2060 993 reorum
2083 973 2214 992 accusa—

272 1022 362 1049 iores,
397 1011 447 1051 qui
475 1009 602 1039 convicti
630 1006 789 1049 quadrupli
818 1006 954 1035 damnari
981 1006 1112 1036 soleant.-
1147 1013 1178 1035 ut
1206 1004 1288 1034 aleae
1310 1012 1360 1034 aut
1380 1006 1519 1045 pecuniae
1537 1004 1723 1044 gravioribus
1745 1006 1840 1035 usuris
1858 1005 2029 1047 foeneratae
2050 1016 2138 1046 quam
2159 1015 2214 1044 pro

274 1052 480 1086 consuetudine
502 1059 553 1081 aut
575 1049 717 1080 eiusmodi
738 1049 864 1078 aliorum
887 1050 1050 1078 criminum.
1093 1049 1167 1078 Item
1191 1048 1312 1077 Verrina
1330 1048 1382 1076 ΙΙΙ.
1405 1047 1485 1086 (pag.
1499 1050 1569 1079 116.
1594 1048 1639 1078 ed.
1662 1046 1786 1088 Lugd.):
1816 1047 2068 1088 Quadruplatores
2089 1058 2215 1077 accusa-

272 1106 348 1127 tores
366 1098 428 1126 *sive
447 1094 592 1124 'delatores
613 1091 798 1133 publicorum
821 1092 974 1120 criminum
997 1091 1049 1120 sub
1069 1102 1163 1131 poena
1186 1089 1354 1131 quadrupli.
1399 1089 1467 1118 Sive
1489 1088 1569 1130 quod
1591 1090 1648 1129 ipsi
1669 1101 1709 1119 ex
1733 1089 1938 1120 damnatorum
1962 1090 2046 1119 bonis
2068 1100 2140 1130 quos
2162 1099 2215 1118 ac-

273 1145 444 1171 cusaverant
473 1144 608 1177 quar-tam
636 1142 747 1175 partem
779 1133 1032 1174 consequebantur.
1080 1135 1174 1172 Igitur
1201 1133 1237 1161 ab
1267 1133 1317 1161 illa
1343 1137 1448 1171 quarta
1472 1142 1548 1170 quae
1571 1134 1737 1161 accusatori
1761 1143 1817 1172 pro
1841 1133 1972 1172 praemio
1996 1132 2119 1161 cedebat
2140 1131 2215 1160 dicti

273 1179 526 1223 quadruplatores.
560 1178 652 1208 Tacit.
676 1178 726 1207 lib.
740 1177 789 1205 IV.
811 1177 915 1206 An'nal.
937 1179 1033 1212 (20.):
1051 1184 1160 1205 contra
1184 1175 1230 1205 M.
1246 1173 1377 1215 Lepidus
1399 1182 1534 1214 quartam
1557 1174 1778 1204 accusatoribus
1799 1174 1957 1205 secundum
1979 1172 2215 1204 necessitudinem

274 1225 354 1264 legis.
397 1223 468 1251 Inde
492 1223 587 1250 Gloss.
612 1218 867 1260 quadruplatores,
891 1220 1046 1255 συκασταί,
1070 1219 1232 1256 delatores,
1260 1216 1455 1258 quadruplor,
1480 1216 1663 1256 ἐνδείκνυμι,
1687 1217 1799 1247 defero.
1825 1217 1912 1248 Dac.
1959 1238 2131 1247 ......
2153 1226 2215 1255 po-

272 1265 353 1307 pulo.
392 1265 440 1294 'De
469 1262 751 1302 quadruplatoribus
780 1261 829 1290 hie
859 1261 962 1299 agebat
983 1262 1103 1297 Festus,
1139 1261 1190 1289 sed
1221 1260 1283 1289 eius
1311 1260 1403 1288 verba
1425 1269 1485 1287 non
1510 1269 1669 1297 possumus
1691 1260 1825 1299 assequi,
1862 1270 1957 1298 neque
1980 1269 2017 1288 ex
2039 1259 2075 1288 iis
2096 1258 2216 1288 videtur

273 1309 382 1339 Paulus
405 1317 487 1336 suam
510 1307 667 1346 epitomam
689 1304 859 1333 confecisse.
905 1304 1083 1342 Ampliorem
1106 1304 1242 1332 lacunam
1263 1306 1489 1341 repraesentant
1511 1301 1636 1331 schedae
1659 1303 1745 1341 (quas
1768 1302 1858 1340 vide).
1900 1303 1937 1331 Et
1958 1301 2008 1331 hic
2031 1306 2110 1331 certe
2132 1302 2216 1329 locus

276 1352 383 1390 dignus
406 1354 464 1385 est,
493 1349 523 1377 in
547 1358 605 1386 quo
629 1357 658 1376 se
682 1351 840 1376 exerceant
862 1346 1034 1384 sagaciores.
1079 1345 1188 1375 Iclem.

442 1389 601 1429 Quando
630 1400 704 1419 rex.
748 1389 797 1417 Bis
820 1394 939 1417 notatur
961 1388 1009 1417 hic
1032 1389 1092 1417 dies
1114 1389 1143 1416 in
1167 1387 1264 1416 fastis:
1295 1387 1345 1415 IX.
1369 1387 1434 1415 Kal.
1457 1386 1528 1425 Apr.
1552 1391 1579 1415 et
1601 1387 1652 1415 IX.
1675 1387 1741 1417 Kal.
1763 1387 1847 1424 Iun.‚
1876 1388 1947 1417 licet
1969 1386 2096 1417 Ovidius
2117 1395 2216 1414 mense

277 1436 383 1465 Martio
406 1434 490 1463 illum
513 1443 623 1472 ponere
644 1431 736 1460 fuerit
757 1431 884 1468 oblitu33
908 1430 944 1459 de
966 1430 1023 1459 hoc
1045 1441 1117 1460 vero
1139 1431 1190 1459 lib.
1205 1430 1238 1458 V.
1259 1429 1415 1458 Fastorum
1437 1429 1477 1457 ita
1501 1429 1654 1467 scripserit
1677 1430 1716 1465 (v.
1729 1431 1828 1466 727.):

811 1472 957 1511 Quattuor
978 1473 1045 1502 inde
1066 1474 1143 1502 notis
1165 1471 1247 1502 locus
1269 1479 1327 1507 est,
1350 1470 1454 1511 quibus
1476 1470 1578 1499 ordine
1600 1470 1683 1501 lectis

853 1514 911 1543 Vel
931 1527 994 1544 mos
1015 1526 1165 1544 sacrorum
1188 1513 1234 1542 vel
1245 1513 1330 1554 fuga.
1352 1513 1443 1552 Regis
1464 1513 1546 1541 inest.

277 1562 323 1591 Ex
346 1561 452 1599 quibus
477 1559 573 1588 verbis
594 1559 743 1596 ignorasse
766 1556 886 1586 videtur
908 1557 980 1595 quid
1004 1562 1145 1595 quattuor
1167 1556 1222 1585 hae
1245 1561 1333 1584 notae
1356 1556 1392 1590 Q.
1406 1556 1439 1582 1³..
1454 1555 1484 1583 C.
1499 1555 1530 1584 F.
1554 1554 1762 1593 significarent.
1794 1556 1868 1583 Cum
1890 1560 1985 1583 tamen
2002 1554 2098 1583 Varro
2115 1553 2166 1582 lib.
2182 1554 2216 1583 V.

278 1604 315 1633 de
338 1604 419 1640 Ling.
444 1603 507 1630 Lat.
531 1601 591 1640 (VI.
615 1603 764 1639 pag.212.
789 1601 851 1637 Sp.)
878 1599 951 1627 haec
974 1604 1004 1627 et
1026 1600 1084 1627 alia
1112 1599 1224 1633 omnia,
1265 1608 1340 1635 quae
1369 1598 1399 1625 in
1422 1597 1509 1625 *fastis
1537 1601 1638 1633 erant,
1674 1597 1766 1625 fuerit
1794 1598 2014 1636 interpretatus.
2058 1597 2118 1625 Nos
2144 1606 2215 1625 vcro

279 1646 350 1685 quid
374 1646 451 1673 Festi
474 1643 620 1672 dimidiati
643 1642 780 1671 versiculi
804 1641 985 1679 significent,
1007 1642 1186 1679 ignoramus.
1210 1639 1299 1669 Ant.
1319 1639 1415 1678 Aug.
1452 1640 1527 1668 Puto
1550 1644 1646 1668 totum
1668 1638 1726 1667 hoc
1748 1640 1826 1668 notis
1848 1639 1939 1668 scribi
1962 1639 2085 1675 debere,
2110 1638 2216 1677 quibus

278 1689 308 1717 in
330 1688 439 1715 Fastis:
464 1687 498 1722 Q.
516 1686 601 1713 REX.
625 1686 655 1713 C.
678 1685 710 1712 F.
734 1688 763 1712 et
786 1684 865 1721 quod
889 1684 1038 1722 sequitur:
1061 1684 1097 1719 Q.
1120 1684 1173 1713 ST.
1193 1684 1225 1711 Ι).
1242 1682 1274 1710 F.
1297 1681 1400 1711 Fulv.
1424 1681 1501 1711 Urs.
1538 1682 1569 1710 In
1592 1681 1639 1710 his
1662 1681 1825 1720 deploratis
1848 1681 2006 1710 ruderibus
2028 1686 2142 1710 tantum
2166 1681 2218 1709 de-

279 1729 463 1770 prehendere
485 1737 660 1767 possumus,
686 1726 774 1754 huius
796 1726 870 1763 diei,
901 1727 952 1764 qui
974 1726 1004 1754 in
1028 1727 1111 1754 fastis
1133 1730 1257 1754 notatur
1279 1725 1314 1760 Q.
1338 1725 1426 1752 REX.
1450 1724 1480 1754 C.
1502 1725 1588 1761 FAs,
1617 1725 1795 1753 anteriorem
1817 1729 1932 1763 partem
1954 1724 2036 1753 nefas
2052 1733 2135 1759 asse,
2156 1733 2218 1761 ,Ρο-

281 1773 434 1802 steriorem
454 1771 517 1800 ias.
561 1769 649 1805 Quod
679 1774 759 1797 recte
781 1768 875 1797 Varro
904 1768 994 1797 dixit:
1027 1767 1069 1796 ad
1089 1767 1123 1796 id
1144 1775 1269 1807 tempus,
1298 1766 1401 1807 nefa83
1436 1767 1602 1804 significans
1625 1766 1817 1803 anteriorem,
1850 1771 1879 1796 et
1898 1766 1936 1795 ab
1958 1777 1990 1796 eo
2002 1766 2079 1807 fas,
2105 1769 2217 1794 motans

280 1815 483 1854 posteriorem.
518 1811 594 1841 >Dies
619 1812 748 1840 nefastus
771 1811 872 1849 priore
893 1811 942 1839 vel
964 1811 1111 1840 anteriore
1134 1815 1218 1849 parte
1242 1809 1403 1838 notabatur
1425 1809 1481 1839 NP.
1505 1810 1554 1838 v2el
1574 1809 1658 1838 NEP.
1681 1809 1749 1838 vide
1772 1819 1863 1848 supra
1884 1809 2006 1839 Nefasti.
2044 1807 2219 1837 &letabatur

282 1862 311 1885 et
331 1857 387 1885 NF.
409 1857 476 1892 PR„
499 1855 580 1893 quod
605 1855 723 1893 quidam
744 1853 980 1892 interpretantur
1000 1853 1094 1893 Nefas
1115 1853 1260 1892 praetori,-
1284 1851 1364 1890 quod
1387 1861 1440 1889 ego
1458 1862 1523 1880 *non
1545 1861 1662 1890 sequar.
1694 1852 1826 1880 Additur
1848 1852 1878 1880 in
1897 1851 1973 1880 fine:
1991 1850 2035 1880 .Si
2055 1851 2121 1891 quis
2141 1849 2219 1879 alius

284 1907 336 1934 pro
357 1898 436 1937 Rege
458 1897 538 1926 dicat
560 1895 600 1926 ad
624 1897 758 1933 comitia,
786 1903 859 1935 puta
880 1895 1040 1936 Pontifex,
1075 1902 1135 1924 tam
1158 1896 1184 1923 is
1206 1893 1268 1923 dies
1289 1916 1297 1924 .
1323 1916 1330 1924 .
1355 1916 1363 1923 .
1389 1915 1396 1923 .
1419 1898 1520 1923 utrum
1541 1894 1685 1932 intelligat
1707 1894 1761 1922 Fas
1782 1904 1819 1922 an
1841 1894 1941 1931 Nefas,
1969 1893 2083 1924 nescio.
2119 1893 2218 1921 forro

286 1937 317 1964 in
340 1938 429 1968 Fastis
452 1940 638 1976 marmoreis,
675 1939 724 1976 qui
747 1943 848 1967 extant
866 1939 996 1975 Romae,
1026 1938 1148 1966 invenio
1172 1937 1218 1965 bis
1240 1941 1374 1965 not-atum
1395 1935 1478 1965 hunc
1500 1936 1578 1965 diem
1595 1937 1653 1965 tx.
1676 1937 1742 1965 Kal.
1764 1937 1856 1975 April.
1879 1937 1948 1965 item
1971 1936 2023 1964 IX.
2045 1935 2109 1964 Kal.
2132 1934 2218 1963 Iunii.

287 1978 378 2007 Nemo
401 1982 591 2018 quod-sciam
614 1981 791 2020 explicavit,
815 1980 880 2019 quis
898 1985 975 2009 esset
995 1991 1057 2009 mos
1079 1979 1168 2008 huius
1190 1979 1265 2016 diet,
1290 1979 1338 2017 qui
1360 1979 1454 2015 ritus,
1481 1989 1555 2017 quae
1578 1979 1747 2018 antiquitas
1781 1979 1949 2008 -Sciendum
1971 1978 2044 2017 Regi
2064 1986 2217 2007 sacrorum
2262 1979 2263 2004 ἶ

287 2026 383 2058 neque
403 2023 601 2059 magistratum
625 2034 743 2062 gerere,
766 2033 862 2061 neque
884 2023 975 2051 verba
998 2023 1035 2051 ad
1058 2023 1203 2061 populum
1225 2021 1335 2050 habere
1356 2022 1400 2050 fas
1422 2021 1528 2058 suisse;
1558 2026 1718 2060 propterea
1733 2022 1771 2050 fin
1794 2021 1946 2050 comitium
1967 2022 2011 2050 ire
2032 2021 2075 2050 illi
2097 2030 2157 2049 non
2173 2019 2218 2048 *li-

291 2062 390 2109 cebat,
411 2064 541 2092 nisi-*hoc
563 2066 624 2102 die,
647 2066 697 2104 qui
720 2070 840 2096 notatus
862 2071 906 2094 est
927 2066 957 2094 in
979 2065 1080 2100 fastis3
1103 2065 1166 2093 ibat
1188 2065 1267 2093 enim
1289 2065 1319 2093 in
1343 2064 1495 2093 comitium
1516 2064 1653 2093 sacrificii
1676 2074 1781 2101 causa,
1803 2074 1862 2103 quo
1878 2068 2081 2103 *properanter
2098 2065 2218 2102 patrato
2260 2073 2263 2102 J

284 2109 428 2153 'protinus
448 2105 513 2153 fuga
535 2117 564 2135 se
580 2109 729 2137 ecomitio
751 2108 903 2147 eripiebat.
941 2107 1134 2137 Plutarchus:
1157 2107 1215 2138 ἔστι
1236 2110 1311 2148 γοῦν
1333 2118 1377 2142 τις
1398 2106 1430 2136 ἐν
1452 2103 1550 2147 οἷγορᾷ
1571 2108 1668 2138 θυσία
1683 2105 1766 2146 ’πρὸς
1782 2109 1830 2148 »τῷ
1849 2107 1994 2148 λεγομένῳ
2017 2105 2141 2144 muttit»
2162 2101 2218 2135 πά·
2259 2130 2261 2146 χ,

291 2158 386 2184 maog,
408 2157 447 2183 ην
468 2150 565 2182 θυσας
587 2146 602 2178 ὁ
626 2148 763 2188 βασιλεὺς
784 2148 858 2181 κατὰ
880 2147 968 2189 τάχος
990 2148 1088 2181 ἄπεισι
1111 2150 1232 2189 φεύγων
1254 2149 1284 2186 ἐξ
1305 2146 1427 2188 ἀγορᾶς.
1458 2149 1553 2178 Varro
1577 2149 1639 2188 (VI.
1661 2152 1809 2188 pag-212.
1832 2148 1911 2188 Sp.):
1933 2148 2076 2189 Dtesfqui
2094 2154 2219 2178 voantur
2258 2165 2259 2179 ι

291 2190 348 2225 sic,
373 2185 498 2225 Quando
520 2187 589 2217 Rex
611 2193 784 2227 comitiavit,
801 2192 877 2233 fas:
900 2192 996 2222 dictus
1018 2192 1054 2221 ab
1077 2203 1126 2229 eo,
1149 2190 1230 2232 quod
1248 2203 1280 2221 eo
1303 2190 1349 2220 die
1371 2190 1443 2220 Rex
1463 2190 1648 2230 sacrificulus
1670 2190 1751 2220 dicat
1773 2190 1814 2220 ad
1836 2192 1995 2221 comitium.
2038 2190 2068 2218 Si
2090 2200 2106 2218 a
2129 2190 2217 2219 docto

292 2230 359 2258 viro
380 2238 534 2267 quaeram,
557 2231 625 2267 quid
649 2233 686 2260 sit
708 2232 800 2262 dicere
822 2233 862 2262 ad
885 2235 1051 2271 comitium,
1081 2245 1150 2263 sane
1172 2245 1232 2262 non
1253 2239 1392 2271 agnoscet
1414 2234 1550 2263 Latinum
1573 2233 1629 2262 hoc
1651 2243 1743 2272 genus
1764 2234 1926 2272 loquendi,
1950 2239 1979 2262 et
1999 2232 2134 2272 profecto
2155 2232 2218 2260 ine·
2257 2259 2258 2262 ,

294 2275 452 2310 ptumest.
489 2271 660 2307 'Legendum
681 2275 771 2303 enim:
804 2276 861 2303 ⁴itat
882 2275 922 2305 ad
944 2278 1102 2306 comitium.
1147 2277 1191 2305 Ita
1214 2277 1348 2315 loquitur
1369 2276 1452 2305 alibi:
1486 2275 1592 2305 milites
1614 2275 1764 2316 appellant
1781 2275 1929 2313 latrones,
1958 2274 2143 2316 quod-iudi,
2173 2273 2217 2301 u'li

287 2311 416 2348 anitius,
444 2320 516 2341 'cum
528 2312 625 2354 ferm.
670 2315 768 2348 Quare
789 2317 826 2344 ob
848 2318 879 2345 id
902 2319 951 2346 alii
974 2319 1058 2347 aliter
1079 2324 1181 2355 notas,
1215 2329 1289 2357 quae
1310 2319 1483 2357 legebantur
1503 2319 1536 2347 in
1558 2319 1657 2355 fastis,
1692 2318 1978 2358 interpretabantur:
2015 2317 2051 2355 Q.
2067 2318 2107 2347 R.
2122 2315 2162 2346 *G-
2183 2315 2214 2343 F·
2255 2313 2256 2325 ¹

294 2352 425 2393 -Qudndo
445 2352 517 2383 Rex
538 2355 655 2384 comitio
673 2355 768 2395 fugit.
811 2359 899 2393 Quod
921 2361 1047 2389 Ovidius
1066 2362 1226 2390 manifesto
1253 2372 1308 2390 nos
1331 2361 1419 2390 docet
1442 2362 1478 2398 (l.
1502 2372 1592 2400 supra
1616 2363 1655 2398 c.)
1681 2362 1844 2399 Utrumque
1862 2358 2139 2398 enimcomplexue
2161 2362 2214 2385 est.
2254 2352 2256 2377 l

296 2396 426 2433 Quando
446 2396 508 2424 Rex
525 2397 712 2432 'comitia-viu
749 2397 798 2426 hic
825 2401 901 2429 enim
929 2407 974 2430 est
1003 2413 1066 2431 mos
1094 2404 1187 2439 sacri,
1224 2404 1305 2442 quod
1322 2404 1457 2434 *faciebat
1480 2404 1509 2433 iu
1532 2404 1668 2440 cominu,
1704 2409 1733 2432 et
1746 2404 1882 2439 *Quando
1904 2400 2108 2431 *uexacomitio
2130 2400 2213 2438 sugit.
