<?xml version="1.0" encoding="UTF-8"?>
<!DOCTYPE html PUBLIC "-//W3C//DTD XHTML 1.0 Transitional//EN"
    "http://www.w3.org/TR/xhtml1/DTD/xhtml1-transitional.dtd">
<html xmlns="http://www.w3.org/1999/xhtml" xml:lang="en" lang="en">
 <head>
  <title>
</title>
<meta http-equiv="Content-Type" content="text/html;charset=utf-8" />
  <meta name='ocr-system' content='tesseract 3.04.00' />
  <meta name='ocr-capabilities' content='ocr_page ocr_carea ocr_par ocr_line ocrx_word'/>
</head>
<body>
  <div class='ocr_page' id='page_1' title='image "./corpusgrammatico01linduoft_0753.png"; bbox 0 0 2263 2668; ppageno 0'>
   <div class='ocr_carea' id='block_1_1' title="bbox 600 105 2074 144">
    <p class='ocr_par' dir='ltr' id='par_1_1' title="bbox 600 105 2074 144">
     <span class='ocr_line' id='line_1_1' title="bbox 600 105 2074 144; baseline 0 -1"><span class='ocrx_word' id='word_1_1' title='bbox 600 109 665 143; x_wconf 88' lang='lat' dir='ltr'><strong>DE</strong></span> <span class='ocrx_word' id='word_1_2' title='bbox 691 109 967 144; x_wconf 76' lang='lat' dir='ltr'><strong>SIGNFICATI</strong></span> <span class='ocrx_word' id='word_1_3' title='bbox 979 107 1076 142; x_wconf 87' lang='lat' dir='ltr'><strong>ONE</strong></span> <span class='ocrx_word' id='word_1_4' title='bbox 1103 105 1380 140; x_wconf 86' lang='lat' dir='ltr'>VERBORUM</span> <span class='ocrx_word' id='word_1_5' title='bbox 1410 107 1556 141; x_wconf 87' lang='lat' dir='ltr'>LIBER</span> <span class='ocrx_word' id='word_1_6' title='bbox 1581 108 1609 144; x_wconf 92' lang='lat' dir='ltr'><strong>I.</strong></span> <span class='ocrx_word' id='word_1_7' title='bbox 2002 108 2074 143; x_wconf 80' lang='lat'><strong>331</strong></span> 
     </span>
    </p>
   </div>
   <div class='ocr_carea' id='block_1_2' title="bbox 116 197 2078 921">
    <p class='ocr_par' dir='ltr' id='par_1_2' title="bbox 116 197 2077 457">
     <span class='ocr_line' id='line_1_2' title="bbox 117 197 2077 247; baseline -0.003 -12"><span class='ocrx_word' id='word_1_8' title='bbox 117 218 191 247; x_wconf 76' lang='lat' dir='ltr'><strong>quae</strong></span> <span class='ocrx_word' id='word_1_9' title='bbox 211 206 324 244; x_wconf 81' lang='lat' dir='ltr'><strong>scripta</strong></span> <span class='ocrx_word' id='word_1_10' title='bbox 346 215 364 232; x_wconf 85' lang='grc' dir='ltr'><em>α</em></span> <span class='ocrx_word' id='word_1_11' title='bbox 388 201 495 232; x_wconf 78' lang='lat' dir='ltr'><strong>Plauto</strong></span> <span class='ocrx_word' id='word_1_12' title='bbox 518 213 574 231; x_wconf 85' lang='lat' dir='ltr'><strong>non</strong></span> <span class='ocrx_word' id='word_1_13' title='bbox 597 201 749 240; x_wconf 77' lang='lat' dir='ltr'><strong>videntur,</strong></span> <span class='ocrx_word' id='word_1_14' title='bbox 788 210 816 232; x_wconf 84' lang='lat' dir='ltr'><strong>et</strong></span> <span class='ocrx_word' id='word_1_15' title='bbox 835 202 947 232; x_wconf 83' lang='lat' dir='ltr'><strong>nomini</strong></span> <span class='ocrx_word' id='word_1_16' title='bbox 969 201 1029 229; x_wconf 82' lang='lat' dir='ltr'><strong>eius</strong></span> <span class='ocrx_word' id='word_1_17' title='bbox 1049 197 1245 235; x_wconf 76' lang='lat' dir='ltr'><strong>addicuntur,</strong></span> <span class='ocrx_word' id='word_1_18' title='bbox 1283 206 1404 228; x_wconf 80' lang='lat' dir='ltr'><strong>veterum</strong></span> <span class='ocrx_word' id='word_1_19' title='bbox 1425 207 1575 239; x_wconf 77' lang='lat' dir='ltr'><strong>poetarum</strong></span> <span class='ocrx_word' id='word_1_20' title='bbox 1590 199 1725 241; x_wconf 80' lang='lat' dir='ltr'><strong>fuerint,</strong></span> <span class='ocrx_word' id='word_1_21' title='bbox 1756 207 1781 228; x_wconf 84' lang='lat' dir='ltr'><strong>et</strong></span> <span class='ocrx_word' id='word_1_22' title='bbox 1804 199 1841 228; x_wconf 82' lang='lat' dir='ltr'><strong>ab</strong></span> <span class='ocrx_word' id='word_1_23' title='bbox 1864 211 1896 229; x_wconf 87' lang='lat' dir='ltr'><strong>eo</strong></span> <span class='ocrx_word' id='word_1_24' title='bbox 1919 207 2077 230; x_wconf 72' lang='lat' dir='ltr'><strong>retractata</strong></span> 
     </span>
     <span class='ocr_line' id='line_1_3' title="bbox 117 241 2075 288; baseline -0.003 -12"><span class='ocrx_word' id='word_1_25' title='bbox 117 246 308 288; x_wconf 67' lang='lat' dir='ltr'><strong>expolitaque</strong></span> <span class='ocrx_word' id='word_1_26' title='bbox 335 248 409 281; x_wconf 78' lang='lat' dir='ltr'><strong>sint,</strong></span> <span class='ocrx_word' id='word_1_27' title='bbox 447 257 484 274; x_wconf 85' lang='lat' dir='ltr'><strong>ac</strong></span> <span class='ocrx_word' id='word_1_28' title='bbox 509 253 662 286; x_wconf 80' lang='lat' dir='ltr'><strong>propterea</strong></span> <span class='ocrx_word' id='word_1_29' title='bbox 690 246 828 286; x_wconf 78' lang='lat' dir='ltr'><strong><em>resipiant</em></strong></span> <span class='ocrx_word' id='word_1_30' title='bbox 850 243 950 274; x_wconf 83' lang='lat' dir='ltr'><strong>stilum</strong></span> <span class='ocrx_word' id='word_1_31' title='bbox 973 241 1153 272; x_wconf 75' lang='lat' dir='ltr'><em>Plautinum.</em></span> <span class='ocrx_word' id='word_1_32' title='bbox 1197 243 1254 271; x_wconf 84' lang='lat' dir='ltr'><strong>Pro</strong></span> <span class='ocrx_word' id='word_1_33' title='bbox 1279 243 1417 281; x_wconf 78' lang='lat' dir='ltr'><strong><em>resipiant</em></strong></span> <span class='ocrx_word' id='word_1_34' title='bbox 1440 244 1468 270; x_wconf 79' lang='lat' dir='ltr'><strong>iu</strong></span> <span class='ocrx_word' id='word_1_35' title='bbox 1493 244 1621 280; x_wconf 68' lang='lat' dir='ltr'><strong>vulgatis</strong></span> <span class='ocrx_word' id='word_1_36' title='bbox 1645 247 1688 271; x_wconf 83' lang='lat' dir='ltr'><strong>est</strong></span> <span class='ocrx_word' id='word_1_37' title='bbox 1711 243 1860 281; x_wconf 83' lang='lat' dir='ltr'><strong>recipiant.</strong></span> <span class='ocrx_word' id='word_1_38' title='bbox 1893 241 1942 270; x_wconf 83' lang='lat' dir='ltr'><strong>Fu</strong></span> <span class='ocrx_word' id='word_1_39' title='bbox 1953 241 1972 271; x_wconf 81' lang='grc' dir='ltr'><strong>Ζ.</strong></span> <span class='ocrx_word' id='word_1_40' title='bbox 2000 243 2075 272; x_wconf 78' lang='lat' dir='ltr'><strong>Urs.</strong></span> 
     </span>
     <span class='ocr_line' id='line_1_4' title="bbox 116 284 2076 330; baseline -0.003 -10"><span class='ocrx_word' id='word_1_41' title='bbox 116 290 260 330; x_wconf 73' lang='lat' dir='ltr'><strong>Atlsipere</strong></span> <span class='ocrx_word' id='word_1_42' title='bbox 290 300 343 328; x_wconf 82' lang='lat' dir='ltr'><strong>pro</strong></span> <span class='ocrx_word' id='word_1_43' title='bbox 372 287 514 328; x_wconf 77' lang='lat' dir='ltr'><strong>atlsapere</strong></span> <span class='ocrx_word' id='word_1_44' title='bbox 541 299 628 318; x_wconf 83' lang='lat' dir='ltr'><strong>verso</strong></span> <span class='ocrx_word' id='word_1_45' title='bbox 651 300 670 317; x_wconf 90' lang='grc' dir='ltr'><em>α</em></span> <span class='ocrx_word' id='word_1_46' title='bbox 691 288 721 316; x_wconf 87' lang='lat' dir='ltr'><strong>in</strong></span> <span class='ocrx_word' id='word_1_47' title='bbox 745 289 769 323; x_wconf 89' lang='lat' dir='ltr'><strong>i,</strong></span> <span class='ocrx_word' id='word_1_48' title='bbox 809 293 841 317; x_wconf 89' lang='lat' dir='ltr'><strong>ut</strong></span> <span class='ocrx_word' id='word_1_49' title='bbox 871 288 902 315; x_wconf 89' lang='lat' dir='ltr'><strong>in</strong></span> <span class='ocrx_word' id='word_1_50' title='bbox 931 285 1102 324; x_wconf 82' lang='lat' dir='ltr'><strong>compositis</strong></span> <span class='ocrx_word' id='word_1_51' title='bbox 1128 285 1211 313; x_wconf 87' lang='lat' dir='ltr'><strong>solet.</strong></span> <span class='ocrx_word' id='word_1_52' title='bbox 1257 284 1304 313; x_wconf 91' lang='lat' dir='ltr'><strong>Sic</strong></span> <span class='ocrx_word' id='word_1_53' title='bbox 1329 296 1343 312; x_wconf 84' lang='lat' dir='ltr'><strong>a</strong></span> <span class='ocrx_word' id='word_1_54' title='bbox 1368 292 1448 314; x_wconf 79' lang='lat' dir='ltr'><strong>taceo</strong></span> <span class='ocrx_word' id='word_1_55' title='bbox 1473 286 1622 321; x_wconf 79' lang='lat' dir='ltr'><em>conticeo,</em></span> <span class='ocrx_word' id='word_1_56' title='bbox 1665 296 1679 312; x_wconf 86' lang='lat' dir='ltr'><strong>a</strong></span> <span class='ocrx_word' id='word_1_57' title='bbox 1703 296 1809 324; x_wconf 80' lang='lat' dir='ltr'><em>quaero</em></span> <span class='ocrx_word' id='word_1_58' title='bbox 1833 285 1959 324; x_wconf 78' lang='lat' dir='ltr'><strong>inquiro.</strong></span> <span class='ocrx_word' id='word_1_59' title='bbox 2004 286 2076 314; x_wconf 83' lang='lat' dir='ltr'><strong>Inde</strong></span> 
     </span>
     <span class='ocr_line' id='line_1_5' title="bbox 120 326 2075 371; baseline -0.003 -9"><span class='ocrx_word' id='word_1_60' title='bbox 120 334 216 362; x_wconf 81' lang='lat' dir='ltr'><strong>Gloss.</strong></span> <span class='ocrx_word' id='word_1_61' title='bbox 239 332 362 362; x_wconf 79' lang='lat' dir='ltr'><strong>Isidori:</strong></span> <span class='ocrx_word' id='word_1_62' title='bbox 393 331 534 371; x_wconf 82' lang='lat' dir='ltr'><strong>coasipit,</strong></span> <span class='ocrx_word' id='word_1_63' title='bbox 564 342 697 371; x_wconf 85' lang='lat' dir='ltr'><strong>saporem</strong></span> <span class='ocrx_word' id='word_1_64' title='bbox 720 329 814 359; x_wconf 76' lang='lat' dir='ltr'><strong>hahet.</strong></span> <span class='ocrx_word' id='word_1_65' title='bbox 859 329 917 358; x_wconf 88' lang='lat' dir='ltr'><strong>Sed</strong></span> <span class='ocrx_word' id='word_1_66' title='bbox 938 329 992 357; x_wconf 84' lang='lat' dir='ltr'><strong>ista</strong></span> <span class='ocrx_word' id='word_1_67' title='bbox 1017 327 1114 356; x_wconf 83' lang='lat' dir='ltr'><strong>omnia</strong></span> <span class='ocrx_word' id='word_1_68' title='bbox 1136 327 1209 355; x_wconf 85' lang='lat' dir='ltr'><strong>nihil</strong></span> <span class='ocrx_word' id='word_1_69' title='bbox 1233 327 1270 355; x_wconf 81' lang='lat' dir='ltr'><strong>ad</strong></span> <span class='ocrx_word' id='word_1_70' title='bbox 1292 326 1372 355; x_wconf 88' lang='lat' dir='ltr'><strong>hunc</strong></span> <span class='ocrx_word' id='word_1_71' title='bbox 1395 328 1475 356; x_wconf 80' lang='lat' dir='ltr'>Festi</span> <span class='ocrx_word' id='word_1_72' title='bbox 1498 328 1605 358; x_wconf 84' lang='lat' dir='ltr'><strong>locum.</strong></span> <span class='ocrx_word' id='word_1_73' title='bbox 1650 328 1698 356; x_wconf 78' lang='lat' dir='ltr'><strong>Ait</strong></span> <span class='ocrx_word' id='word_1_74' title='bbox 1720 328 1838 356; x_wconf 76' lang='lat' dir='ltr'><strong>Festus:</strong></span> <span class='ocrx_word' id='word_1_75' title='bbox 1869 335 1899 355; x_wconf 80' lang='lat' dir='ltr'><strong>ut</strong></span> <span class='ocrx_word' id='word_1_76' title='bbox 1922 327 1959 355; x_wconf 81' lang='lat' dir='ltr'><strong>ab</strong></span> <span class='ocrx_word' id='word_1_77' title='bbox 1983 338 2075 367; x_wconf 84' lang='lat' dir='ltr'><strong>aequo</strong></span> 
     </span>
     <span class='ocr_line' id='line_1_6' title="bbox 117 369 2076 416; baseline -0.004 -12"><span class='ocrx_word' id='word_1_78' title='bbox 117 377 235 416; x_wconf 80' lang='lat' dir='ltr'><strong>iniquus</strong></span> <span class='ocrx_word' id='word_1_79' title='bbox 259 381 313 405; x_wconf 80' lang='lat' dir='ltr'><strong>cet.</strong></span> <span class='ocrx_word' id='word_1_80' title='bbox 359 375 436 412; x_wconf 77' lang='lat' dir='ltr'><strong>Ergo</strong></span> <span class='ocrx_word' id='word_1_81' title='bbox 460 374 630 411; x_wconf 80' lang='lat' dir='ltr'><strong>legendum:</strong></span> <span class='ocrx_word' id='word_1_82' title='bbox 654 372 800 412; x_wconf 77' lang='lat' dir='ltr'><strong>Aclsipcre</strong></span> <span class='ocrx_word' id='word_1_83' title='bbox 822 380 847 401; x_wconf 81' lang='lat' dir='ltr'><strong>et</strong></span> <span class='ocrx_word' id='word_1_84' title='bbox 867 372 1031 412; x_wconf 82' lang='lat' dir='ltr'><strong>praesipere</strong></span> <span class='ocrx_word' id='word_1_85' title='bbox 1054 369 1190 399; x_wconf 79' lang='lat' dir='ltr'><strong>dicebant</strong></span> <span class='ocrx_word' id='word_1_86' title='bbox 1213 370 1327 409; x_wconf 78' lang='lat' dir='ltr'><em>antiqui</em></span> <span class='ocrx_word' id='word_1_87' title='bbox 1349 381 1366 397; x_wconf 87' lang='lat' dir='ltr'><strong>a</strong></span> <span class='ocrx_word' id='word_1_88' title='bbox 1390 369 1553 408; x_wconf 74' lang='lat' dir='ltr'><strong>saepiendo.</strong></span> <span class='ocrx_word' id='word_1_89' title='bbox 1591 369 1672 398; x_wconf 86' lang='lat' dir='ltr'><strong>Nihil</strong></span> <span class='ocrx_word' id='word_1_90' title='bbox 1696 371 1815 400; x_wconf 83' lang='lat' dir='ltr'><strong>certius.</strong></span> <span class='ocrx_word' id='word_1_91' title='bbox 1852 370 1975 407; x_wconf 80' lang='lat' dir='ltr'><strong>Antiqui</strong></span> <span class='ocrx_word' id='word_1_92' title='bbox 1997 371 2076 398; x_wconf 81' lang='lat' dir='ltr'><strong>adsi-</strong></span> 
     </span>
     <span class='ocr_line' id='line_1_7' title="bbox 118 411 1297 457; baseline -0.005 -12"><span class='ocrx_word' id='word_1_93' title='bbox 118 429 189 457; x_wconf 84' lang='lat' dir='ltr'><strong>pere</strong></span> <span class='ocrx_word' id='word_1_94' title='bbox 213 423 241 447; x_wconf 88' lang='lat' dir='ltr'><strong>et</strong></span> <span class='ocrx_word' id='word_1_95' title='bbox 265 417 433 457; x_wconf 66' lang='lat' dir='ltr'><strong>praesipere</strong></span> <span class='ocrx_word' id='word_1_96' title='bbox 456 416 597 445; x_wconf 81' lang='lat' dir='ltr'><strong>dicebant</strong></span> <span class='ocrx_word' id='word_1_97' title='bbox 620 421 655 444; x_wconf 88' lang='lat' dir='ltr'><strong>ut</strong></span> <span class='ocrx_word' id='word_1_98' title='bbox 676 416 841 454; x_wconf 72' lang='lat' dir='ltr'>consipere.</span> <span class='ocrx_word' id='word_1_99' title='bbox 885 414 959 443; x_wconf 84' lang='lat' dir='ltr'><strong>Vide</strong></span> <span class='ocrx_word' id='word_1_100' title='bbox 985 411 1162 452; x_wconf 82' lang='lat' dir='ltr'><strong>Consiptum.</strong></span> <span class='ocrx_word' id='word_1_101' title='bbox 1209 412 1297 440; x_wconf 78' lang='lat' dir='ltr'><strong>Dae.</strong></span> 
     </span>
    </p>

    <p class='ocr_par' dir='ltr' id='par_1_3' title="bbox 119 455 2077 586">
     <span class='ocr_line' id='line_1_8' title="bbox 285 455 2075 495; baseline -0.003 -7"><span class='ocrx_word' id='word_1_102' title='bbox 285 459 530 489; x_wconf 66' lang='lat' dir='ltr'><strong>Azlmissivae</strong></span> <span class='ocrx_word' id='word_1_103' title='bbox 558 470 649 487; x_wconf 81' lang='lat' dir='ltr'><strong>aves.</strong></span> <span class='ocrx_word' id='word_1_104' title='bbox 695 458 778 493; x_wconf 83' lang='lat' dir='ltr'><strong>Quae</strong></span> <span class='ocrx_word' id='word_1_105' title='bbox 800 459 931 487; x_wconf 70' lang='lat' dir='ltr'><strong>faventes</strong></span> <span class='ocrx_word' id='word_1_106' title='bbox 954 456 1144 495; x_wconf 80' lang='lat' dir='ltr'><strong>propositum</strong></span> <span class='ocrx_word' id='word_1_107' title='bbox 1167 459 1301 483; x_wconf 83' lang='lat' dir='ltr'><strong>nostrum</strong></span> <span class='ocrx_word' id='word_1_108' title='bbox 1325 464 1379 483; x_wconf 88' lang='lat' dir='ltr'><strong>nos</strong></span> <span class='ocrx_word' id='word_1_109' title='bbox 1401 455 1505 483; x_wconf 84' lang='lat' dir='ltr'><strong>iubent</strong></span> <span class='ocrx_word' id='word_1_110' title='bbox 1526 455 1682 494; x_wconf 78' lang='lat' dir='ltr'>persequi,</span> <span class='ocrx_word' id='word_1_111' title='bbox 1714 460 1742 483; x_wconf 81' lang='lat' dir='ltr'><strong>et</strong></span> <span class='ocrx_word' id='word_1_112' title='bbox 1763 455 1917 484; x_wconf 82' lang='lat' dir='ltr'><strong>consilium</strong></span> <span class='ocrx_word' id='word_1_113' title='bbox 1942 459 2075 484; x_wconf 81' lang='lat' dir='ltr'><strong>nostrum</strong></span> 
     </span>
     <span class='ocr_line' id='line_1_9' title="bbox 119 496 2077 541; baseline -0.003 -10"><span class='ocrx_word' id='word_1_114' title='bbox 119 513 173 531; x_wconf 90' lang='lat' dir='ltr'><strong>suo</strong></span> <span class='ocrx_word' id='word_1_115' title='bbox 198 503 310 541; x_wconf 78' lang='lat' dir='ltr'>garritu</span> <span class='ocrx_word' id='word_1_116' title='bbox 334 503 381 531; x_wconf 83' lang='lat' dir='ltr'><strong>vel</strong></span> <span class='ocrx_word' id='word_1_117' title='bbox 405 502 507 529; x_wconf 83' lang='lat' dir='ltr'><strong>volatu</strong></span> <span class='ocrx_word' id='word_1_118' title='bbox 529 502 644 530; x_wconf 81' lang='lat' dir='ltr'><strong>faciunt</strong></span> <span class='ocrx_word' id='word_1_119' title='bbox 666 506 772 531; x_wconf 78' lang='lat' dir='ltr'><strong>ratum.</strong></span> <span class='ocrx_word' id='word_1_120' title='bbox 818 500 981 529; x_wconf 85' lang='lat' dir='ltr'><strong>Admittere</strong></span> <span class='ocrx_word' id='word_1_121' title='bbox 1005 498 1081 527; x_wconf 84' lang='lat' dir='ltr'><strong>enim</strong></span> <span class='ocrx_word' id='word_1_122' title='bbox 1104 498 1226 536; x_wconf 85' lang='lat' dir='ltr'>proprie</span> <span class='ocrx_word' id='word_1_123' title='bbox 1251 502 1294 525; x_wconf 82' lang='lat' dir='ltr'><strong>est</strong></span> <span class='ocrx_word' id='word_1_124' title='bbox 1315 497 1500 535; x_wconf 81' lang='lat' dir='ltr'><strong>sinerefieri.</strong></span> <span class='ocrx_word' id='word_1_125' title='bbox 1538 498 1655 526; x_wconf 88' lang='lat' dir='ltr'><strong>Terent.</strong></span> <span class='ocrx_word' id='word_1_126' title='bbox 1672 498 1748 527; x_wconf 87' lang='lat' dir='ltr'><strong>Eun.</strong></span> <span class='ocrx_word' id='word_1_127' title='bbox 1761 497 1814 534; x_wconf 82' lang='lat' dir='ltr'><strong>IV,</strong></span> <span class='ocrx_word' id='word_1_128' title='bbox 1840 499 1868 529; x_wconf 87' lang='lat'><strong>6.</strong></span> <span class='ocrx_word' id='word_1_129' title='bbox 1894 499 1987 536; x_wconf 80' lang='lat'><strong>(23.):</strong></span> <span class='ocrx_word' id='word_1_130' title='bbox 2017 496 2077 526; x_wconf 69' lang='lat' dir='ltr'><strong>Sed</strong></span> 
     </span>
     <span class='ocr_line' id='line_1_10' title="bbox 121 538 1513 586; baseline -0.005 -13"><span class='ocrx_word' id='word_1_131' title='bbox 121 554 150 574; x_wconf 74' lang='lat' dir='ltr'><strong>tu,</strong></span> <span class='ocrx_word' id='word_1_132' title='bbox 171 544 251 586; x_wconf 81' lang='lat' dir='ltr'><strong>quod</strong></span> <span class='ocrx_word' id='word_1_133' title='bbox 274 555 374 574; x_wconf 78' lang='lat' dir='ltr'><strong>cavere</strong></span> <span class='ocrx_word' id='word_1_134' title='bbox 393 545 503 583; x_wconf 74' lang='lat' dir='ltr'><strong>possis,</strong></span> <span class='ocrx_word' id='word_1_135' title='bbox 526 543 646 572; x_wconf 82' lang='lat' dir='ltr'><strong>stultum</strong></span> <span class='ocrx_word' id='word_1_136' title='bbox 670 542 822 572; x_wconf 76' lang='lat' dir='ltr'><em>admittere</em></span> <span class='ocrx_word' id='word_1_137' title='bbox 844 550 893 572; x_wconf 79' lang='lat' dir='ltr'><strong>est.</strong></span> <span class='ocrx_word' id='word_1_138' title='bbox 918 542 1005 571; x_wconf 75' lang='lat' dir='ltr'><strong>Dac-</strong></span> <span class='ocrx_word' id='word_1_139' title='bbox 1037 539 1181 569; x_wconf 67' lang='lat' dir='ltr'><strong>Iubeo-ent.</strong></span> <span class='ocrx_word' id='word_1_140' title='bbox 1213 538 1360 568; x_wconf 68' lang='lat' dir='ltr'><strong>lavarent.</strong></span> <span class='ocrx_word' id='word_1_141' title='bbox 1410 538 1513 568; x_wconf 75' lang='lat' dir='ltr'><strong>Gotlz.</strong></span> 
     </span>
    </p>

    <p class='ocr_par' dir='ltr' id='par_1_4' title="bbox 119 579 2078 921">
     <span class='ocr_line' id='line_1_11' title="bbox 285 579 2076 625; baseline -0.003 -9"><span class='ocrx_word' id='word_1_142' title='bbox 285 586 467 616; x_wconf 77' lang='lat' dir='ltr'><strong>Arlulari.</strong></span> <span class='ocrx_word' id='word_1_143' title='bbox 512 587 609 615; x_wconf 90' lang='lat' dir='ltr'><strong>Locus</strong></span> <span class='ocrx_word' id='word_1_144' title='bbox 638 591 806 625; x_wconf 86' lang='lat' dir='ltr'><strong>suspectus.</strong></span> <span class='ocrx_word' id='word_1_145' title='bbox 851 585 962 613; x_wconf 80' lang='lat' dir='ltr'><strong>Nonius</strong></span> <span class='ocrx_word' id='word_1_146' title='bbox 991 593 1097 612; x_wconf 85' lang='lat' dir='ltr'><strong>canum</strong></span> <span class='ocrx_word' id='word_1_147' title='bbox 1127 593 1189 611; x_wconf 87' lang='lat' dir='ltr'><strong>esse</strong></span> <span class='ocrx_word' id='word_1_148' title='bbox 1215 582 1371 621; x_wconf 57' lang='lat' dir='ltr'><strong>prol‘rium</strong></span> <span class='ocrx_word' id='word_1_149' title='bbox 1394 582 1536 617; x_wconf 78' lang='lat' dir='ltr'><strong>affirmat,</strong></span> <span class='ocrx_word' id='word_1_150' title='bbox 1575 582 1654 611; x_wconf 88' lang='lat' dir='ltr'><strong>unde</strong></span> <span class='ocrx_word' id='word_1_151' title='bbox 1677 579 1737 612; x_wconf 78' lang='grc' dir='ltr'><strong>ἆπό</strong></span> <span class='ocrx_word' id='word_1_152' title='bbox 1760 584 1812 620; x_wconf 80' lang='grc' dir='ltr'><strong>τῆς</strong></span> <span class='ocrx_word' id='word_1_153' title='bbox 1835 579 1929 619; x_wconf 73' lang='grc' dir='ltr'><em>οὐρεῖς</em></span> <span class='ocrx_word' id='word_1_154' title='bbox 1951 582 2076 611; x_wconf 82' lang='lat' dir='ltr'><strong>fortasse</strong></span> 
     </span>
     <span class='ocr_line' id='line_1_12' title="bbox 120 624 2074 667; baseline -0.003 -9"><span class='ocrx_word' id='word_1_155' title='bbox 120 630 204 667; x_wconf 83' lang='lat' dir='ltr'><strong>origo</strong></span> <span class='ocrx_word' id='word_1_156' title='bbox 228 630 356 658; x_wconf 80' lang='lat' dir='ltr'><strong>nominis</strong></span> <span class='ocrx_word' id='word_1_157' title='bbox 381 634 474 657; x_wconf 78' lang='lat' dir='ltr'><strong>tracta</strong></span> <span class='ocrx_word' id='word_1_158' title='bbox 498 634 558 665; x_wconf 86' lang='lat' dir='ltr'><strong>est,</strong></span> <span class='ocrx_word' id='word_1_159' title='bbox 586 629 667 667; x_wconf 88' lang='lat' dir='ltr'><strong>quod</strong></span> <span class='ocrx_word' id='word_1_160' title='bbox 691 639 777 657; x_wconf 84' lang='lat' dir='ltr'><strong>canes</strong></span> <span class='ocrx_word' id='word_1_161' title='bbox 801 628 969 656; x_wconf 78' lang='lat' dir='ltr'><strong>accedendo</strong></span> <span class='ocrx_word' id='word_1_162' title='bbox 993 631 1021 655; x_wconf 78' lang='lat' dir='ltr'><strong>ct</strong></span> <span class='ocrx_word' id='word_1_163' title='bbox 1044 625 1212 654; x_wconf 71' lang='lat' dir='ltr'><strong>adludendo</strong></span> <span class='ocrx_word' id='word_1_164' title='bbox 1235 625 1330 653; x_wconf 80' lang='lat' dir='ltr'><strong>cauda</strong></span> <span class='ocrx_word' id='word_1_165' title='bbox 1354 629 1430 652; x_wconf 82' lang='lat' dir='ltr'><strong>mota</strong></span> <span class='ocrx_word' id='word_1_166' title='bbox 1458 624 1660 655; x_wconf 67' lang='lat' dir='ltr'><strong>blandiantur.</strong></span> <span class='ocrx_word' id='word_1_167' title='bbox 1690 625 1776 654; x_wconf 75' lang='lat' dir='ltr'><strong>Ant.</strong></span> <span class='ocrx_word' id='word_1_168' title='bbox 1799 624 1892 663; x_wconf 70' lang='lat' dir='ltr'><strong>Aug.</strong></span> <span class='ocrx_word' id='word_1_169' title='bbox 1933 624 2008 652; x_wconf 85' lang='lat' dir='ltr'><strong>Puto</strong></span> <span class='ocrx_word' id='word_1_170' title='bbox 2031 625 2074 652; x_wconf 87' lang='lat' dir='ltr'><strong>le-</strong></span> 
     </span>
     <span class='ocr_line' id='line_1_13' title="bbox 119 665 2075 711; baseline -0.003 -10"><span class='ocrx_word' id='word_1_171' title='bbox 119 673 260 711; x_wconf 70' lang='lat' dir='ltr'><strong>gendum:</strong></span> <span class='ocrx_word' id='word_1_172' title='bbox 286 671 421 701; x_wconf 74' lang='lat' dir='ltr'><strong>Adulari</strong></span> <span class='ocrx_word' id='word_1_173' title='bbox 442 679 482 700; x_wconf 83' lang='lat' dir='ltr'><strong>est</strong></span> <span class='ocrx_word' id='word_1_174' title='bbox 505 673 697 710; x_wconf 84' lang='lat' dir='ltr'><strong>compositum</strong></span> <span class='ocrx_word' id='word_1_175' title='bbox 720 683 760 700; x_wconf 80' lang='lat' dir='ltr'><strong>ex</strong></span> <span class='ocrx_word' id='word_1_176' title='bbox 782 670 822 699; x_wconf 78' lang='lat' dir='ltr'><strong>ati</strong></span> <span class='ocrx_word' id='word_1_177' title='bbox 844 678 869 699; x_wconf 80' lang='lat' dir='ltr'><strong>et</strong></span> <span class='ocrx_word' id='word_1_178' title='bbox 893 668 1030 699; x_wconf 78' lang='lat' dir='ltr'><strong>ludendo.</strong></span> <span class='ocrx_word' id='word_1_179' title='bbox 1070 669 1101 697; x_wconf 85' lang='lat' dir='ltr'><strong>ln</strong></span> <span class='ocrx_word' id='word_1_180' title='bbox 1126 668 1293 697; x_wconf 81' lang='lat' dir='ltr'><strong>Glossario:</strong></span> <span class='ocrx_word' id='word_1_181' title='bbox 1321 665 1420 703; x_wconf 74' lang='lat' dir='ltr'><strong>Aclol,</strong></span> <span class='ocrx_word' id='word_1_182' title='bbox 1445 668 1630 703; x_wconf 78' lang='grc' dir='ltr'><em>αἰυδελεστις.</em></span> <span class='ocrx_word' id='word_1_183' title='bbox 1672 668 1763 705; x_wconf 79' lang='lat' dir='ltr'><strong>Lege:</strong></span> <span class='ocrx_word' id='word_1_184' title='bbox 1787 666 1956 702; x_wconf 62' lang='lat' dir='ltr'><strong>Aclolhtus,</strong></span> <span class='ocrx_word' id='word_1_185' title='bbox 1981 669 2075 696; x_wconf 77' lang='grc' dir='ltr'><em>ὸελεα-</em></span> 
     </span>
     <span class='ocr_line' id='line_1_14' title="bbox 121 709 2077 753; baseline -0.004 -7"><span class='ocrx_word' id='word_1_186' title='bbox 121 716 216 750; x_wconf 83' lang='grc' dir='ltr'><strong><em>σθείς.</em></strong></span> <span class='ocrx_word' id='word_1_187' title='bbox 260 715 292 743; x_wconf 85' lang='lat' dir='ltr'><strong>ln</strong></span> <span class='ocrx_word' id='word_1_188' title='bbox 315 714 524 752; x_wconf 80' lang='lat' dir='ltr'>manuscriptis</span> <span class='ocrx_word' id='word_1_189' title='bbox 553 714 775 753; x_wconf 79' lang='lat' dir='ltr'>exemplaribus</span> <span class='ocrx_word' id='word_1_190' title='bbox 803 714 911 751; x_wconf 83' lang='lat' dir='ltr'><strong>legitur</strong></span> <span class='ocrx_word' id='word_1_191' title='bbox 934 710 1053 741; x_wconf 77' lang='lat' dir='ltr'><strong>aclolari</strong></span> <span class='ocrx_word' id='word_1_192' title='bbox 1074 721 1131 750; x_wconf 89' lang='lat' dir='ltr'><strong>pro</strong></span> <span class='ocrx_word' id='word_1_193' title='bbox 1155 709 1282 739; x_wconf 74' lang='lat' dir='ltr'><strong>adulari.</strong></span> <span class='ocrx_word' id='word_1_194' title='bbox 1325 710 1427 747; x_wconf 84' lang='lat' dir='ltr'>Neque</span> <span class='ocrx_word' id='word_1_195' title='bbox 1452 714 1558 738; x_wconf 85' lang='lat' dir='ltr'><strong>temere</strong></span> <span class='ocrx_word' id='word_1_196' title='bbox 1580 710 1609 738; x_wconf 83' lang='lat' dir='ltr'><strong>iu</strong></span> <span class='ocrx_word' id='word_1_197' title='bbox 1632 710 1732 738; x_wconf 82' lang='lat' dir='ltr'><strong>multis</strong></span> <span class='ocrx_word' id='word_1_198' title='bbox 1755 709 1840 738; x_wconf 86' lang='lat' dir='ltr'><strong>aliter</strong></span> <span class='ocrx_word' id='word_1_199' title='bbox 1862 709 2007 747; x_wconf 81' lang='lat' dir='ltr'><strong>scriptum</strong></span> <span class='ocrx_word' id='word_1_200' title='bbox 2030 719 2077 738; x_wconf 81' lang='lat' dir='ltr'><strong>re·</strong></span> 
     </span>
     <span class='ocr_line' id='line_1_15' title="bbox 119 752 2078 797; baseline -0.004 -11"><span class='ocrx_word' id='word_1_201' title='bbox 119 759 227 797; x_wconf 72' lang='lat' dir='ltr'><strong>perias.</strong></span> <span class='ocrx_word' id='word_1_202' title='bbox 250 756 350 786; x_wconf 84' lang='lat' dir='ltr'><strong>Scal.</strong></span> <span class='ocrx_word' id='word_1_203' title='bbox 396 759 470 784; x_wconf 79' lang='lat' dir='ltr'><strong>Sane</strong></span> <span class='ocrx_word' id='word_1_204' title='bbox 493 768 553 785; x_wconf 87' lang='lat' dir='ltr'><strong>non</strong></span> <span class='ocrx_word' id='word_1_205' title='bbox 578 757 665 785; x_wconf 75' lang='lat' dir='ltr'><strong>video</strong></span> <span class='ocrx_word' id='word_1_206' title='bbox 689 757 761 795; x_wconf 82' lang='lat' dir='ltr'><strong>quid</strong></span> <span class='ocrx_word' id='word_1_207' title='bbox 785 757 856 785; x_wconf 76' lang='lat' dir='ltr'><strong>velit</strong></span> <span class='ocrx_word' id='word_1_208' title='bbox 878 756 1015 790; x_wconf 81' lang='lat' dir='ltr'><strong>Paullus,</strong></span> <span class='ocrx_word' id='word_1_209' title='bbox 1041 764 1109 782; x_wconf 86' lang='lat' dir='ltr'><strong>cum</strong></span> <span class='ocrx_word' id='word_1_210' title='bbox 1131 752 1252 782; x_wconf 72' lang='lat' dir='ltr'><strong>adulari</strong></span> <span class='ocrx_word' id='word_1_211' title='bbox 1276 763 1311 780; x_wconf 79' lang='lat' dir='ltr'><strong>ex</strong></span> <span class='ocrx_word' id='word_1_212' title='bbox 1335 752 1505 780; x_wconf 81' lang='lat' dir='ltr'><strong>accedendo</strong></span> <span class='ocrx_word' id='word_1_213' title='bbox 1530 758 1558 780; x_wconf 87' lang='lat' dir='ltr'><strong>et</strong></span> <span class='ocrx_word' id='word_1_214' title='bbox 1581 752 1750 781; x_wconf 77' lang='lat' dir='ltr'><strong>adludendo</strong></span> <span class='ocrx_word' id='word_1_215' title='bbox 1774 752 1847 780; x_wconf 86' lang='lat' dir='ltr'><strong>dicit</strong></span> <span class='ocrx_word' id='word_1_216' title='bbox 1871 762 1931 780; x_wconf 84' lang='lat' dir='ltr'><strong>esse</strong></span> <span class='ocrx_word' id='word_1_217' title='bbox 1955 762 2078 790; x_wconf 84' lang='lat' dir='ltr'><strong>compo-</strong></span> 
     </span>
     <span class='ocr_line' id='line_1_16' title="bbox 120 794 2077 838; baseline -0.003 -10"><span class='ocrx_word' id='word_1_218' title='bbox 120 801 220 830; x_wconf 87' lang='lat' dir='ltr'><strong>situm.</strong></span> <span class='ocrx_word' id='word_1_219' title='bbox 265 800 331 828; x_wconf 88' lang='lat' dir='ltr'><strong>Non</strong></span> <span class='ocrx_word' id='word_1_220' title='bbox 355 800 430 828; x_wconf 87' lang='lat' dir='ltr'><strong>male</strong></span> <span class='ocrx_word' id='word_1_221' title='bbox 453 798 573 829; x_wconf 68' lang='lat' dir='ltr'><strong>adoleri</strong></span> <span class='ocrx_word' id='word_1_222' title='bbox 595 800 723 838; x_wconf 86' lang='lat' dir='ltr'><strong>simplici</strong></span> <span class='ocrx_word' id='word_1_223' title='bbox 746 798 759 829; x_wconf 87' lang='lat' dir='ltr'><em>l</em></span> <span class='ocrx_word' id='word_1_224' title='bbox 779 809 833 838; x_wconf 84' lang='lat' dir='ltr'><strong>pro</strong></span> <span class='ocrx_word' id='word_1_225' title='bbox 857 797 990 828; x_wconf 81' lang='lat' dir='ltr'><strong>adollari</strong></span> <span class='ocrx_word' id='word_1_226' title='bbox 1012 796 1125 826; x_wconf 71' lang='lat' dir='ltr'><strong>&lt;lictum</strong></span> <span class='ocrx_word' id='word_1_227' title='bbox 1149 797 1186 824; x_wconf 90' lang='lat' dir='ltr'><strong>sit</strong></span> <span class='ocrx_word' id='word_1_228' title='bbox 1208 796 1292 834; x_wconf 81' lang='lat' dir='ltr'><strong>quasi</strong></span> <span class='ocrx_word' id='word_1_229' title='bbox 1316 796 1352 823; x_wconf 85' lang='lat' dir='ltr'><strong>ad</strong></span> <span class='ocrx_word' id='word_1_230' title='bbox 1376 795 1465 823; x_wconf 87' lang='lat' dir='ltr'><strong>ollam</strong></span> <span class='ocrx_word' id='word_1_231' title='bbox 1488 795 1546 829; x_wconf 85' lang='lat' dir='ltr'><strong>ire,</strong></span> <span class='ocrx_word' id='word_1_232' title='bbox 1570 795 1657 823; x_wconf 84' lang='lat' dir='ltr'><strong>ollam</strong></span> <span class='ocrx_word' id='word_1_233' title='bbox 1680 795 1802 830; x_wconf 57' lang='lat' dir='ltr'><strong>metari,</strong></span> <span class='ocrx_word' id='word_1_234' title='bbox 1834 794 1916 833; x_wconf 88' lang='lat' dir='ltr'><strong>quod</strong></span> <span class='ocrx_word' id='word_1_235' title='bbox 1939 795 2077 833; x_wconf 81' lang='lat' dir='ltr'><strong>parasitis</strong></span> 
     </span>
     <span class='ocr_line' id='line_1_17' title="bbox 121 836 2078 879; baseline -0.003 -8"><span class='ocrx_word' id='word_1_236' title='bbox 121 844 251 872; x_wconf 79' lang='lat' dir='ltr'><strong>solenne.</strong></span> <span class='ocrx_word' id='word_1_237' title='bbox 274 842 362 871; x_wconf 82' lang='lat' dir='ltr'><strong>Duc.</strong></span> <span class='ocrx_word' id='word_1_238' title='bbox 409 843 536 871; x_wconf 80' lang='lat' dir='ltr'><strong>Verbum</strong></span> <span class='ocrx_word' id='word_1_239' title='bbox 560 843 714 871; x_wconf 81' lang='lat' dir='ltr'><strong>descendit</strong></span> <span class='ocrx_word' id='word_1_240' title='bbox 736 853 751 870; x_wconf 85' lang='lat' dir='ltr'><strong>a</strong></span> <span class='ocrx_word' id='word_1_241' title='bbox 775 842 922 871; x_wconf 67' lang='lat' dir='ltr'><strong>samen-ita</strong></span> <span class='ocrx_word' id='word_1_242' title='bbox 946 850 1019 869; x_wconf 85' lang='lat' dir='ltr'><strong>voce</strong></span> <span class='ocrx_word' id='word_1_243' title='bbox 1042 839 1121 876; x_wconf 67' lang='lat' dir='ltr'><strong>tuta,</strong></span> <span class='ocrx_word' id='word_1_244' title='bbox 1149 837 1329 872; x_wconf 75' lang='lat' dir='ltr'><strong>similitudo,</strong></span> <span class='ocrx_word' id='word_1_245' title='bbox 1354 842 1496 876; x_wconf 76' lang='lat' dir='ltr'><strong>notatque</strong></span> <span class='ocrx_word' id='word_1_246' title='bbox 1520 839 1641 876; x_wconf 80' lang='lat' dir='ltr'><strong>proprie</strong></span> <span class='ocrx_word' id='word_1_247' title='bbox 1663 850 1692 866; x_wconf 84' lang='lat' dir='ltr'><strong>sc</strong></span> <span class='ocrx_word' id='word_1_248' title='bbox 1713 836 1835 867; x_wconf 77' lang='lat' dir='ltr'><strong>similem</strong></span> <span class='ocrx_word' id='word_1_249' title='bbox 1850 836 1975 879; x_wconf 79' lang='lat' dir='ltr'><strong>facere,</strong></span> <span class='ocrx_word' id='word_1_250' title='bbox 2003 838 2078 866; x_wconf 82' lang='lat' dir='ltr'><strong>assi·</strong></span> 
     </span>
     <span class='ocr_line' id='line_1_18' title="bbox 122 885 687 921; baseline 0.002 -8"><span class='ocrx_word' id='word_1_251' title='bbox 122 885 235 921; x_wconf 69' lang='lat' dir='ltr'><strong>mitari,</strong></span> <span class='ocrx_word' id='word_1_252' title='bbox 265 885 342 913; x_wconf 86' lang='lat' dir='ltr'><strong>unde</strong></span> <span class='ocrx_word' id='word_1_253' title='bbox 366 885 509 921; x_wconf 85' lang='lat' dir='ltr'><strong>blandiri,</strong></span> <span class='ocrx_word' id='word_1_254' title='bbox 537 885 687 915; x_wconf 63' lang='lat' dir='ltr'><strong>assentari.</strong></span> 
     </span>
    </p>
   </div>
   <div class='ocr_carea' id='block_1_3' title="bbox 122 930 2080 1266">
    <p class='ocr_par' dir='ltr' id='par_1_5' title="bbox 122 930 2080 1266">
     <span class='ocr_line' id='line_1_19' title="bbox 286 930 2076 973; baseline -0.003 -8"><span class='ocrx_word' id='word_1_255' title='bbox 286 934 549 964; x_wconf 74' lang='lat' dir='ltr'><strong>Addubanum.</strong></span> <span class='ocrx_word' id='word_1_256' title='bbox 597 937 670 973; x_wconf 76' lang='lat' dir='ltr'><strong>Lege</strong></span> <span class='ocrx_word' id='word_1_257' title='bbox 693 934 748 964; x_wconf 79' lang='lat' dir='ltr'><strong>Ad</strong></span> <span class='ocrx_word' id='word_1_258' title='bbox 772 933 942 970; x_wconf 69' lang='lat' dir='ltr'><strong>(labienum,</strong></span> <span class='ocrx_word' id='word_1_259' title='bbox 966 932 1007 962; x_wconf 73' lang='lat' dir='ltr'><strong>acl</strong></span> <span class='ocrx_word' id='word_1_260' title='bbox 1030 932 1160 962; x_wconf 70' lang='lat' dir='ltr'><strong>dubium.</strong></span> <span class='ocrx_word' id='word_1_261' title='bbox 1207 932 1243 960; x_wconf 89' lang='lat' dir='ltr'><strong>Ut</strong></span> <span class='ocrx_word' id='word_1_262' title='bbox 1267 931 1302 959; x_wconf 88' lang='lat' dir='ltr'><strong>ab</strong></span> <span class='ocrx_word' id='word_1_263' title='bbox 1326 931 1384 959; x_wconf 83' lang='lat' dir='ltr'><strong>alio</strong></span> <span class='ocrx_word' id='word_1_264' title='bbox 1408 931 1540 966; x_wconf 79' lang='lat' dir='ltr'><strong>alienus,</strong></span> <span class='ocrx_word' id='word_1_265' title='bbox 1564 942 1578 959; x_wconf 83' lang='lat' dir='ltr'><strong>a</strong></span> <span class='ocrx_word' id='word_1_266' title='bbox 1602 931 1681 959; x_wconf 83' lang='lat' dir='ltr'><strong>socio</strong></span> <span class='ocrx_word' id='word_1_267' title='bbox 1706 930 1859 961; x_wconf 79' lang='lat' dir='ltr'><strong>socienus,</strong></span> <span class='ocrx_word' id='word_1_268' title='bbox 1883 930 1924 959; x_wconf 84' lang='lat' dir='ltr'><strong>sio</strong></span> <span class='ocrx_word' id='word_1_269' title='bbox 1947 942 1962 959; x_wconf 88' lang='lat' dir='ltr'><strong>a</strong></span> <span class='ocrx_word' id='word_1_270' title='bbox 1986 930 2076 959; x_wconf 78' lang='lat' dir='ltr'><strong>«lubio</strong></span> 
     </span>
     <span class='ocr_line' id='line_1_20' title="bbox 122 971 2079 1015; baseline -0.003 -8"><span class='ocrx_word' id='word_1_271' title='bbox 122 979 275 1008; x_wconf 83' lang='lat' dir='ltr'><strong>dubienus.</strong></span> <span class='ocrx_word' id='word_1_272' title='bbox 301 978 401 1007; x_wconf 77' lang='lat' dir='ltr'><strong>Scal.</strong></span> <span class='ocrx_word' id='word_1_273' title='bbox 431 979 507 1008; x_wconf 87' lang='lat' dir='ltr'><strong>Vett.</strong></span> <span class='ocrx_word' id='word_1_274' title='bbox 525 979 597 1007; x_wconf 78' lang='lat' dir='ltr'><strong>libb.</strong></span> <span class='ocrx_word' id='word_1_275' title='bbox 622 977 826 1006; x_wconf 69' lang='lat' dir='ltr'><strong>Arldnbanum</strong></span> <span class='ocrx_word' id='word_1_276' title='bbox 851 976 980 1013; x_wconf 77' lang='lat' dir='ltr'><strong>dubium,</strong></span> <span class='ocrx_word' id='word_1_277' title='bbox 1005 987 1063 1015; x_wconf 86' lang='lat' dir='ltr'><strong>qua</strong></span> <span class='ocrx_word' id='word_1_278' title='bbox 1086 987 1117 1005; x_wconf 87' lang='lat' dir='ltr'><strong>re</strong></span> <span class='ocrx_word' id='word_1_279' title='bbox 1141 980 1240 1004; x_wconf 86' lang='lat' dir='ltr'><strong>motus</strong></span> <span class='ocrx_word' id='word_1_280' title='bbox 1256 974 1386 1011; x_wconf 68' lang='lat' dir='ltr'><strong>Scaliger</strong></span> <span class='ocrx_word' id='word_1_281' title='bbox 1409 974 1564 1011; x_wconf 77' lang='lat' dir='ltr'><strong>legendum</strong></span> <span class='ocrx_word' id='word_1_282' title='bbox 1589 974 1797 1012; x_wconf 81' lang='lat' dir='ltr'><strong>pronunciavit</strong></span> <span class='ocrx_word' id='word_1_283' title='bbox 1818 972 2014 1001; x_wconf 73' lang='lat' dir='ltr'><strong>addubienum</strong></span> <span class='ocrx_word' id='word_1_284' title='bbox 2038 971 2079 1001; x_wconf 80' lang='lat' dir='ltr'><strong>atl</strong></span> 
     </span>
     <span class='ocr_line' id='line_1_21' title="bbox 123 1014 2079 1059; baseline -0.003 -10"><span class='ocrx_word' id='word_1_285' title='bbox 123 1020 251 1049; x_wconf 79' lang='lat' dir='ltr'><strong>dubium.</strong></span> <span class='ocrx_word' id='word_1_286' title='bbox 297 1020 353 1048; x_wconf 68' lang='lat' dir='ltr'><strong>Sed</strong></span> <span class='ocrx_word' id='word_1_287' title='bbox 377 1021 503 1059; x_wconf 84' lang='lat' dir='ltr'><strong>amplius</strong></span> <span class='ocrx_word' id='word_1_288' title='bbox 527 1021 562 1049; x_wconf 85' lang='lat' dir='ltr'><strong>de</strong></span> <span class='ocrx_word' id='word_1_289' title='bbox 585 1021 641 1049; x_wconf 89' lang='lat' dir='ltr'><strong>hoe</strong></span> <span class='ocrx_word' id='word_1_290' title='bbox 664 1021 730 1048; x_wconf 76' lang='lat' dir='ltr'><strong>loco</strong></span> <span class='ocrx_word' id='word_1_291' title='bbox 755 1020 982 1048; x_wconf 76' lang='lat' dir='ltr'><strong>deliberandum</strong></span> <span class='ocrx_word' id='word_1_292' title='bbox 1006 1019 1155 1047; x_wconf 74' lang='lat' dir='ltr'><strong>existimo.</strong></span> <span class='ocrx_word' id='word_1_293' title='bbox 1201 1018 1263 1046; x_wconf 84' lang='lat' dir='ltr'><strong>[mo</strong></span> <span class='ocrx_word' id='word_1_294' title='bbox 1287 1022 1315 1044; x_wconf 74' lang='lat' dir='ltr'><strong>et</strong></span> <span class='ocrx_word' id='word_1_295' title='bbox 1337 1021 1447 1045; x_wconf 79' lang='lat' dir='ltr'><strong>temere</strong></span> <span class='ocrx_word' id='word_1_296' title='bbox 1471 1017 1539 1045; x_wconf 81' lang='lat' dir='ltr'><strong>fecit</strong></span> <span class='ocrx_word' id='word_1_297' title='bbox 1561 1017 1698 1054; x_wconf 71' lang='lat' dir='ltr'><strong>Scaliger.</strong></span> <span class='ocrx_word' id='word_1_298' title='bbox 1747 1017 1831 1043; x_wconf 74' lang='lat' dir='ltr'><strong>necte</strong></span> <span class='ocrx_word' id='word_1_299' title='bbox 1862 1016 1938 1043; x_wconf 82' lang='lat' dir='ltr'><strong>enim</strong></span> <span class='ocrx_word' id='word_1_300' title='bbox 1960 1014 2079 1044; x_wconf 68' lang='lat' dir='ltr'><strong>Adflu-</strong></span> 
     </span>
     <span class='ocr_line' id='line_1_22' title="bbox 122 1057 2079 1102; baseline -0.003 -11"><span class='ocrx_word' id='word_1_301' title='bbox 122 1063 232 1099; x_wconf 81' lang='lat' dir='ltr'><strong>banus,</strong></span> <span class='ocrx_word' id='word_1_302' title='bbox 268 1064 330 1092; x_wconf 86' lang='lat' dir='ltr'><strong>sive</strong></span> <span class='ocrx_word' id='word_1_303' title='bbox 354 1065 453 1102; x_wconf 78' lang='lat' dir='ltr'><strong>potius</strong></span> <span class='ocrx_word' id='word_1_304' title='bbox 478 1062 661 1092; x_wconf 78' lang='lat' dir='ltr'><strong>Abnobanus</strong></span> <span class='ocrx_word' id='word_1_305' title='bbox 687 1063 837 1091; x_wconf 80' lang='lat' dir='ltr'><strong>Danubius</strong></span> <span class='ocrx_word' id='word_1_306' title='bbox 860 1062 919 1090; x_wconf 83' lang='lat' dir='ltr'><strong>dici</strong></span> <span class='ocrx_word' id='word_1_307' title='bbox 942 1062 1041 1101; x_wconf 87' lang='lat' dir='ltr'><strong>potuit</strong></span> <span class='ocrx_word' id='word_1_308' title='bbox 1063 1072 1079 1089; x_wconf 89' lang='lat' dir='ltr'><strong>a</strong></span> <span class='ocrx_word' id='word_1_309' title='bbox 1101 1066 1202 1090; x_wconf 85' lang='lat' dir='ltr'><strong>monte</strong></span> <span class='ocrx_word' id='word_1_310' title='bbox 1225 1059 1364 1093; x_wconf 85' lang='lat' dir='ltr'><strong>Abnoba,</strong></span> <span class='ocrx_word' id='word_1_311' title='bbox 1406 1059 1485 1088; x_wconf 86' lang='lat' dir='ltr'><strong>unde</strong></span> <span class='ocrx_word' id='word_1_312' title='bbox 1510 1061 1695 1098; x_wconf 76' lang='lat' dir='ltr'><strong>prorumpit,</strong></span> <span class='ocrx_word' id='word_1_313' title='bbox 1735 1060 1810 1086; x_wconf 82' lang='lat' dir='ltr'><strong>circa</strong></span> <span class='ocrx_word' id='word_1_314' title='bbox 1836 1058 1974 1086; x_wconf 85' lang='lat' dir='ltr'><strong>ducatum</strong></span> <span class='ocrx_word' id='word_1_315' title='bbox 1997 1057 2079 1085; x_wconf 86' lang='lat' dir='ltr'><strong>Wir-</strong></span> 
     </span>
     <span class='ocr_line' id='line_1_23' title="bbox 123 1099 2079 1144; baseline -0.003 -11"><span class='ocrx_word' id='word_1_316' title='bbox 123 1106 362 1144; x_wconf 67' lang='lat' dir='ltr'><strong>tetnbergensem.</strong></span> <span class='ocrx_word' id='word_1_317' title='bbox 404 1107 515 1134; x_wconf 83' lang='lat' dir='ltr'><strong>Forsan</strong></span> <span class='ocrx_word' id='word_1_318' title='bbox 539 1111 566 1134; x_wconf 86' lang='lat' dir='ltr'><strong>et</strong></span> <span class='ocrx_word' id='word_1_319' title='bbox 583 1104 793 1142; x_wconf 67' lang='lat' dir='ltr'><strong>Adcluhanus,</strong></span> <span class='ocrx_word' id='word_1_320' title='bbox 816 1116 875 1134; x_wconf 88' lang='lat' dir='ltr'><strong>non</strong></span> <span class='ocrx_word' id='word_1_321' title='bbox 892 1105 1059 1141; x_wconf 79' lang='lat' dir='ltr'><strong>Danubius,</strong></span> <span class='ocrx_word' id='word_1_322' title='bbox 1084 1104 1137 1133; x_wconf 85' lang='lat' dir='ltr'><strong>sed</strong></span> <span class='ocrx_word' id='word_1_323' title='bbox 1158 1105 1183 1133; x_wconf 83' lang='lat' dir='ltr'><strong>is</strong></span> <span class='ocrx_word' id='word_1_324' title='bbox 1205 1102 1315 1131; x_wconf 85' lang='lat' dir='ltr'><strong>fluvius</strong></span> <span class='ocrx_word' id='word_1_325' title='bbox 1339 1103 1390 1138; x_wconf 87' lang='lat' dir='ltr'><strong>sit,</strong></span> <span class='ocrx_word' id='word_1_326' title='bbox 1416 1102 1468 1140; x_wconf 89' lang='lat' dir='ltr'><strong>qui</strong></span> <span class='ocrx_word' id='word_1_327' title='bbox 1492 1103 1613 1130; x_wconf 83' lang='lat' dir='ltr'><strong>Graecis</strong></span> <span class='ocrx_word' id='word_1_328' title='bbox 1634 1099 1776 1137; x_wconf 61' lang='grc' dir='ltr'><strong>Ἁδοτῖας,</strong></span> <span class='ocrx_word' id='word_1_329' title='bbox 1800 1101 1908 1138; x_wconf 82' lang='lat' dir='ltr'><strong>quique</strong></span> <span class='ocrx_word' id='word_1_330' title='bbox 1932 1110 1969 1128; x_wconf 82' lang='lat' dir='ltr'><strong>ex</strong></span> <span class='ocrx_word' id='word_1_331' title='bbox 1985 1099 2079 1128; x_wconf 84' lang='lat' dir='ltr'><strong>Adula</strong></span> 
     </span>
     <span class='ocr_line' id='line_1_24' title="bbox 122 1143 2079 1187; baseline -0.002 -10"><span class='ocrx_word' id='word_1_332' title='bbox 122 1153 222 1176; x_wconf 83' lang='lat' dir='ltr'><strong>monte</strong></span> <span class='ocrx_word' id='word_1_333' title='bbox 243 1150 338 1177; x_wconf 71' lang='lat' dir='ltr'><strong>fluens</strong></span> <span class='ocrx_word' id='word_1_334' title='bbox 362 1149 390 1177; x_wconf 89' lang='lat' dir='ltr'><strong>in</strong></span> <span class='ocrx_word' id='word_1_335' title='bbox 414 1153 512 1187; x_wconf 80' lang='lat' dir='ltr'><strong>partes</strong></span> <span class='ocrx_word' id='word_1_336' title='bbox 534 1148 668 1177; x_wconf 83' lang='lat' dir='ltr'><strong>interiori</strong></span> <span class='ocrx_word' id='word_1_337' title='bbox 691 1148 805 1176; x_wconf 83' lang='lat' dir='ltr'><strong>vicinas</strong></span> <span class='ocrx_word' id='word_1_338' title='bbox 830 1148 943 1176; x_wconf 82' lang='lat' dir='ltr'><strong>Galliae</strong></span> <span class='ocrx_word' id='word_1_339' title='bbox 967 1147 1085 1175; x_wconf 67' lang='lat' dir='ltr'><strong>Laiium</strong></span> <span class='ocrx_word' id='word_1_340' title='bbox 1107 1147 1211 1186; x_wconf 86' lang='lat' dir='ltr'><strong>implet</strong></span> <span class='ocrx_word' id='word_1_341' title='bbox 1232 1147 1330 1175; x_wconf 85' lang='lat' dir='ltr'><strong>lacum</strong></span> <span class='ocrx_word' id='word_1_342' title='bbox 1354 1149 1382 1173; x_wconf 87' lang='lat' dir='ltr'><strong>et</strong></span> <span class='ocrx_word' id='word_1_343' title='bbox 1403 1144 1473 1172; x_wconf 80' lang='lat' dir='ltr'><strong>inde</strong></span> <span class='ocrx_word' id='word_1_344' title='bbox 1496 1145 1557 1173; x_wconf 80' lang='lat' dir='ltr'><strong>exit</strong></span> <span class='ocrx_word' id='word_1_345' title='bbox 1580 1145 1609 1172; x_wconf 87' lang='lat' dir='ltr'><strong>in</strong></span> <span class='ocrx_word' id='word_1_346' title='bbox 1634 1144 1752 1172; x_wconf 83' lang='lat' dir='ltr'><strong>Padum.</strong></span> <span class='ocrx_word' id='word_1_347' title='bbox 1784 1144 1855 1171; x_wconf 79' lang='lat' dir='ltr'><strong>Nam</strong></span> <span class='ocrx_word' id='word_1_348' title='bbox 1878 1144 1908 1171; x_wconf 84' lang='lat' dir='ltr'><strong>in</strong></span> <span class='ocrx_word' id='word_1_349' title='bbox 1933 1143 2079 1173; x_wconf 59' lang='lat' dir='ltr'><strong>Glossema:</strong></span> 
     </span>
     <span class='ocr_line' id='line_1_25' title="bbox 122 1184 2079 1229; baseline -0.002 -9"><span class='ocrx_word' id='word_1_350' title='bbox 122 1190 304 1229; x_wconf 73' lang='grc' dir='ltr'><strong>ΑιΙιιύαηυε,</strong></span> <span class='ocrx_word' id='word_1_351' title='bbox 342 1188 475 1226; x_wconf 75' lang='grc' dir='ltr'><em>Ἀδούας.</em></span> <span class='ocrx_word' id='word_1_352' title='bbox 510 1191 597 1221; x_wconf 75' lang='lat' dir='ltr'><strong>Dae.</strong></span> <span class='ocrx_word' id='word_1_353' title='bbox 646 1192 744 1219; x_wconf 78' lang='lat' dir='ltr'><strong>Potest</strong></span> <span class='ocrx_word' id='word_1_354' title='bbox 773 1195 801 1219; x_wconf 87' lang='lat' dir='ltr'><strong>et</strong></span> <span class='ocrx_word' id='word_1_355' title='bbox 830 1191 872 1219; x_wconf 81' lang='lat' dir='ltr'><strong>ita</strong></span> <span class='ocrx_word' id='word_1_356' title='bbox 895 1190 952 1227; x_wconf 82' lang='lat' dir='ltr'><strong>legi</strong></span> <span class='ocrx_word' id='word_1_357' title='bbox 974 1189 1030 1218; x_wconf 68' lang='lat' dir='ltr'><strong>Ast</strong></span> <span class='ocrx_word' id='word_1_358' title='bbox 1053 1189 1214 1226; x_wconf 78' lang='lat' dir='ltr'><strong>dubenum,</strong></span> <span class='ocrx_word' id='word_1_359' title='bbox 1250 1199 1304 1227; x_wconf 90' lang='lat' dir='ltr'><strong>pro</strong></span> <span class='ocrx_word' id='word_1_360' title='bbox 1328 1186 1369 1216; x_wconf 80' lang='lat' dir='ltr'><strong>acl</strong></span> <span class='ocrx_word' id='word_1_361' title='bbox 1392 1185 1550 1218; x_wconf 75' lang='lat' dir='ltr'><strong>dominum.</strong></span> <span class='ocrx_word' id='word_1_362' title='bbox 1597 1187 1670 1215; x_wconf 81' lang='lat' dir='ltr'><strong>Vide</strong></span> <span class='ocrx_word' id='word_1_363' title='bbox 1693 1186 1767 1214; x_wconf 74' lang='lat' dir='ltr'><strong>infra</strong></span> <span class='ocrx_word' id='word_1_364' title='bbox 1794 1185 1937 1213; x_wconf 79' lang='lat' dir='ltr'><strong>Dubenns.</strong></span> <span class='ocrx_word' id='word_1_365' title='bbox 1973 1184 2079 1214; x_wconf 71' lang='lat' dir='ltr'><strong>Goth.</strong></span> 
     </span>
     <span class='ocr_line' id='line_1_26' title="bbox 124 1229 2080 1266; baseline -0.003 -5"><span class='ocrx_word' id='word_1_366' title='bbox 124 1233 231 1262; x_wconf 83' lang='lat' dir='ltr'><strong>Verum</strong></span> <span class='ocrx_word' id='word_1_367' title='bbox 254 1234 330 1262; x_wconf 69' lang='lat' dir='ltr'><strong>vidit</strong></span> <span class='ocrx_word' id='word_1_368' title='bbox 355 1233 568 1262; x_wconf 70' lang='lat' dir='ltr'><strong>Cothon-edus.</strong></span> <span class='ocrx_word' id='word_1_369' title='bbox 614 1233 710 1261; x_wconf 88' lang='lat' dir='ltr'><strong>Locus</strong></span> <span class='ocrx_word' id='word_1_370' title='bbox 732 1233 774 1262; x_wconf 80' lang='lat' dir='ltr'><strong>ita</strong></span> <span class='ocrx_word' id='word_1_371' title='bbox 796 1232 1013 1262; x_wconf 73' lang='lat' dir='ltr'><strong>restituendus:</strong></span> <span class='ocrx_word' id='word_1_372' title='bbox 1044 1231 1107 1261; x_wconf 81' lang='lat' dir='ltr'><strong>Act</strong></span> <span class='ocrx_word' id='word_1_373' title='bbox 1130 1231 1332 1266; x_wconf 71' lang='lat' dir='ltr'><strong>clubannm,</strong></span> <span class='ocrx_word' id='word_1_374' title='bbox 1357 1229 1516 1259; x_wconf 75' lang='lat' dir='ltr'><strong>dominum.</strong></span> <span class='ocrx_word' id='word_1_375' title='bbox 1562 1230 1662 1265; x_wconf 87' lang='lat' dir='ltr'><strong>Quum</strong></span> <span class='ocrx_word' id='word_1_376' title='bbox 1687 1230 1762 1258; x_wconf 85' lang='lat' dir='ltr'><strong>enim</strong></span> <span class='ocrx_word' id='word_1_377' title='bbox 1786 1229 2080 1266; x_wconf 77' lang='lat' dir='ltr'><strong>interpretamentum</strong></span> 
     </span>
    </p>
   </div>
   <div class='ocr_carea' id='block_1_4' title="bbox 1807 1271 1886 1276">
    <p class='ocr_par' dir='ltr' id='par_1_6' title="bbox 1807 1271 1886 1276">
     <span class='ocr_line' id='line_1_27' title="bbox 1807 1271 1886 1276; baseline 0 0"><span class='ocrx_word' id='word_1_378' title='bbox 1807 1271 1886 1276; x_wconf 95' lang='lat' dir='ltr'><strong> </strong></span> 
     </span>
    </p>
   </div>
   <div class='ocr_carea' id='block_1_5' title="bbox 838 1278 920 1281">
    <p class='ocr_par' dir='ltr' id='par_1_7' title="bbox 838 1278 920 1281">
     <span class='ocr_line' id='line_1_28' title="bbox 838 1278 920 1281; baseline 0 0"><span class='ocrx_word' id='word_1_379' title='bbox 838 1278 920 1281; x_wconf 95' lang='lat' dir='ltr'><strong> </strong></span> 
     </span>
    </p>
   </div>
   <div class='ocr_carea' id='block_1_6' title="bbox 1989 1272 2076 1276">
    <p class='ocr_par' dir='ltr' id='par_1_8' title="bbox 1989 1272 2076 1276">
     <span class='ocr_line' id='line_1_29' title="bbox 1989 1272 2076 1276; baseline 0 0"><span class='ocrx_word' id='word_1_380' title='bbox 1989 1272 2076 1276; x_wconf 95' lang='lat' dir='ltr'><strong> </strong></span> 
     </span>
    </p>
   </div>
   <div class='ocr_carea' id='block_1_7' title="bbox 122 1280 2083 1622">
    <p class='ocr_par' dir='ltr' id='par_1_9' title="bbox 122 1280 2083 1488">
     <span class='ocr_line' id='line_1_30' title="bbox 123 1280 2081 1326; baseline -0.003 -11"><span class='ocrx_word' id='word_1_381' title='bbox 123 1287 165 1315; x_wconf 86' lang='lat' dir='ltr'><strong>sic</strong></span> <span class='ocrx_word' id='word_1_382' title='bbox 188 1286 334 1326; x_wconf 75' lang='lat' dir='ltr'><strong>scripturn</strong></span> <span class='ocrx_word' id='word_1_383' title='bbox 358 1291 486 1315; x_wconf 69' lang='lat' dir='ltr'><strong>exstaret</strong></span> <span class='ocrx_word' id='word_1_384' title='bbox 506 1287 537 1314; x_wconf 82' lang='lat' dir='ltr'><strong>in</strong></span> <span class='ocrx_word' id='word_1_385' title='bbox 560 1287 658 1315; x_wconf 82' lang='lat' dir='ltr'><strong>Paulli</strong></span> <span class='ocrx_word' id='word_1_386' title='bbox 683 1286 801 1315; x_wconf 86' lang='lat' dir='ltr'><strong>codice:</strong></span> <span class='ocrx_word' id='word_1_387' title='bbox 833 1285 938 1324; x_wconf 81' lang='lat' dir='ltr'><strong>domn,</strong></span> <span class='ocrx_word' id='word_1_388' title='bbox 970 1287 1070 1323; x_wconf 82' lang='lat' dir='ltr'><strong>suere,</strong></span> <span class='ocrx_word' id='word_1_389' title='bbox 1096 1285 1148 1325; x_wconf 84' lang='lat' dir='ltr'><strong>qui</strong></span> <span class='ocrx_word' id='word_1_390' title='bbox 1171 1285 1280 1314; x_wconf 86' lang='lat' dir='ltr'><strong>lineola</strong></span> <span class='ocrx_word' id='word_1_391' title='bbox 1302 1285 1333 1313; x_wconf 90' lang='lat' dir='ltr'><strong>in</strong></span> <span class='ocrx_word' id='word_1_392' title='bbox 1357 1296 1373 1313; x_wconf 93' lang='grc' dir='ltr'>ο</span> <span class='ocrx_word' id='word_1_393' title='bbox 1396 1284 1496 1324; x_wconf 87' lang='lat' dir='ltr'><strong>priore</strong></span> <span class='ocrx_word' id='word_1_394' title='bbox 1521 1283 1608 1312; x_wconf 84' lang='lat' dir='ltr'><strong>altius</strong></span> <span class='ocrx_word' id='word_1_395' title='bbox 1632 1282 1775 1321; x_wconf 77' lang='lat' dir='ltr'><strong>producta</strong></span> <span class='ocrx_word' id='word_1_396' title='bbox 1801 1281 1888 1308; x_wconf 80' lang='lat' dir='ltr'><strong>dbmn</strong></span> <span class='ocrx_word' id='word_1_397' title='bbox 1911 1281 1959 1308; x_wconf 69' lang='lat' dir='ltr'><strong>vel</strong></span> <span class='ocrx_word' id='word_1_398' title='bbox 1984 1280 2081 1316; x_wconf 72' lang='lat' dir='ltr'><strong>clvmn,</strong></span> 
     </span>
     <span class='ocr_line' id='line_1_31' title="bbox 122 1323 2082 1368; baseline -0.004 -10"><span class='ocrx_word' id='word_1_399' title='bbox 122 1330 251 1368; x_wconf 83' lang='lat' dir='ltr'><strong>legerent</strong></span> <span class='ocrx_word' id='word_1_400' title='bbox 274 1329 409 1366; x_wconf 81' lang='lat' dir='ltr'><strong>dubium,</strong></span> <span class='ocrx_word' id='word_1_401' title='bbox 448 1329 513 1365; x_wconf 81' lang='lat' dir='ltr'><strong>alii,</strong></span> <span class='ocrx_word' id='word_1_402' title='bbox 551 1330 600 1367; x_wconf 87' lang='lat' dir='ltr'><strong>qui</strong></span> <span class='ocrx_word' id='word_1_403' title='bbox 623 1329 793 1358; x_wconf 77' lang='lat' dir='ltr'><strong>Danuvium</strong></span> <span class='ocrx_word' id='word_1_404' title='bbox 818 1333 848 1358; x_wconf 84' lang='lat' dir='ltr'><strong>et</strong></span> <span class='ocrx_word' id='word_1_405' title='bbox 870 1329 1041 1358; x_wconf 75' lang='lat' dir='ltr'><strong>Danubium</strong></span> <span class='ocrx_word' id='word_1_406' title='bbox 1065 1329 1136 1357; x_wconf 83' lang='lat' dir='ltr'><strong>inde</strong></span> <span class='ocrx_word' id='word_1_407' title='bbox 1156 1329 1305 1365; x_wconf 85' lang='lat' dir='ltr'><strong>facerent,</strong></span> <span class='ocrx_word' id='word_1_408' title='bbox 1343 1328 1387 1356; x_wconf 83' lang='lat' dir='ltr'><strong>uti</strong></span> <span class='ocrx_word' id='word_1_409' title='bbox 1414 1337 1451 1355; x_wconf 76' lang='lat' dir='ltr'><strong>ex</strong></span> <span class='ocrx_word' id='word_1_410' title='bbox 1473 1326 1610 1355; x_wconf 78' lang='lat' dir='ltr'><strong>Antehac</strong></span> <span class='ocrx_word' id='word_1_411' title='bbox 1640 1326 1772 1354; x_wconf 76' lang='lat' dir='ltr'><strong>fecerunt</strong></span> <span class='ocrx_word' id='word_1_412' title='bbox 1794 1324 1963 1352; x_wconf 80' lang='lat' dir='ltr'><strong>Anacreon.</strong></span> <span class='ocrx_word' id='word_1_413' title='bbox 2007 1323 2082 1351; x_wconf 88' lang='lat' dir='ltr'><strong>Vide</strong></span> 
     </span>
     <span class='ocr_line' id='line_1_32' title="bbox 123 1364 2083 1411; baseline -0.004 -10"><span class='ocrx_word' id='word_1_414' title='bbox 123 1382 198 1411; x_wconf 84' lang='lat' dir='ltr'><strong>quae</strong></span> <span class='ocrx_word' id='word_1_415' title='bbox 222 1373 291 1401; x_wconf 87' lang='lat' dir='ltr'><strong>Otto</strong></span> <span class='ocrx_word' id='word_1_416' title='bbox 316 1383 397 1401; x_wconf 81' lang='lat' dir='ltr'><strong>meus</strong></span> <span class='ocrx_word' id='word_1_417' title='bbox 420 1372 450 1400; x_wconf 87' lang='lat' dir='ltr'><strong>in</strong></span> <span class='ocrx_word' id='word_1_418' title='bbox 473 1372 556 1402; x_wconf 82' lang='lat' dir='ltr'><strong>Varr.</strong></span> <span class='ocrx_word' id='word_1_419' title='bbox 579 1372 660 1401; x_wconf 80' lang='lat' dir='ltr'><strong>lectt.</strong></span> <span class='ocrx_word' id='word_1_420' title='bbox 684 1371 720 1400; x_wconf 82' lang='lat' dir='ltr'><strong>de</strong></span> <span class='ocrx_word' id='word_1_421' title='bbox 742 1371 799 1400; x_wconf 88' lang='lat' dir='ltr'><strong>hac</strong></span> <span class='ocrx_word' id='word_1_422' title='bbox 822 1382 854 1401; x_wconf 87' lang='lat' dir='ltr'><strong>re</strong></span> <span class='ocrx_word' id='word_1_423' title='bbox 878 1372 971 1409; x_wconf 65' lang='lat' dir='ltr'><strong>dixit,</strong></span> <span class='ocrx_word' id='word_1_424' title='bbox 996 1383 1011 1400; x_wconf 84' lang='lat' dir='ltr'><strong>a</strong></span> <span class='ocrx_word' id='word_1_425' title='bbox 1036 1383 1095 1411; x_wconf 89' lang='lat' dir='ltr'><strong>quo</strong></span> <span class='ocrx_word' id='word_1_426' title='bbox 1118 1376 1215 1400; x_wconf 80' lang='lat' dir='ltr'><strong>tamen</strong></span> <span class='ocrx_word' id='word_1_427' title='bbox 1238 1370 1310 1400; x_wconf 81' lang='lat' dir='ltr'><strong>mihi</strong></span> <span class='ocrx_word' id='word_1_428' title='bbox 1335 1369 1568 1398; x_wconf 66' lang='lat' dir='ltr'><strong>dissentiendum</strong></span> <span class='ocrx_word' id='word_1_429' title='bbox 1592 1373 1649 1403; x_wconf 79' lang='lat' dir='ltr'><strong>est,</strong></span> <span class='ocrx_word' id='word_1_430' title='bbox 1677 1378 1766 1406; x_wconf 84' lang='lat' dir='ltr'><strong>quum</strong></span> <span class='ocrx_word' id='word_1_431' title='bbox 1791 1377 1826 1395; x_wconf 70' lang='lat' dir='ltr'><strong>ex·</strong></span> <span class='ocrx_word' id='word_1_432' title='bbox 1848 1375 1922 1393; x_wconf 83' lang='lat' dir='ltr'><strong>voce</strong></span> <span class='ocrx_word' id='word_1_433' title='bbox 1944 1364 2083 1394; x_wconf 72' lang='lat' dir='ltr'><strong>Dubemts</strong></span> 
     </span>
     <span class='ocr_line' id='line_1_33' title="bbox 123 1407 2082 1454; baseline -0.005 -10"><span class='ocrx_word' id='word_1_434' title='bbox 123 1425 198 1454; x_wconf 82' lang='lat' dir='ltr'><strong>quae</strong></span> <span class='ocrx_word' id='word_1_435' title='bbox 220 1416 296 1444; x_wconf 78' lang='lat' dir='ltr'><strong>infra</strong></span> <span class='ocrx_word' id='word_1_436' title='bbox 319 1415 442 1453; x_wconf 82' lang='lat' dir='ltr'><strong>legitur,</strong></span> <span class='ocrx_word' id='word_1_437' title='bbox 466 1419 623 1454; x_wconf 79' lang='lat' dir='ltr'><strong>appareat,</strong></span> <span class='ocrx_word' id='word_1_438' title='bbox 647 1414 768 1453; x_wconf 86' lang='lat' dir='ltr'><strong>antique</strong></span> <span class='ocrx_word' id='word_1_439' title='bbox 792 1425 848 1454; x_wconf 88' lang='lat' dir='ltr'><strong>pro</strong></span> <span class='ocrx_word' id='word_1_440' title='bbox 873 1415 992 1444; x_wconf 72' lang='lat' dir='ltr'><strong>domino</strong></span> <span class='ocrx_word' id='word_1_441' title='bbox 1016 1415 1129 1444; x_wconf 82' lang='lat' dir='ltr'><strong>dictum</strong></span> <span class='ocrx_word' id='word_1_442' title='bbox 1153 1424 1215 1444; x_wconf 85' lang='lat' dir='ltr'><strong>esse</strong></span> <span class='ocrx_word' id='word_1_443' title='bbox 1238 1412 1383 1442; x_wconf 69' lang='lat' dir='ltr'><strong>Dabanas</strong></span> <span class='ocrx_word' id='word_1_444' title='bbox 1407 1417 1435 1441; x_wconf 85' lang='lat' dir='ltr'><strong>et</strong></span> <span class='ocrx_word' id='word_1_445' title='bbox 1459 1411 1606 1441; x_wconf 75' lang='lat' dir='ltr'><strong>Duherzus.</strong></span> <span class='ocrx_word' id='word_1_446' title='bbox 1638 1410 1810 1440; x_wconf 85' lang='lat' dir='ltr'><strong>Verosimile</strong></span> <span class='ocrx_word' id='word_1_447' title='bbox 1835 1413 1893 1442; x_wconf 80' lang='lat' dir='ltr'><strong>est,</strong></span> <span class='ocrx_word' id='word_1_448' title='bbox 1916 1407 1993 1435; x_wconf 85' lang='lat' dir='ltr'><strong>hanc</strong></span> <span class='ocrx_word' id='word_1_449' title='bbox 2016 1408 2082 1436; x_wconf 82' lang='lat' dir='ltr'><strong>for-</strong></span> 
     </span>
     <span class='ocr_line' id='line_1_34' title="bbox 122 1458 818 1488; baseline -0.003 -1"><span class='ocrx_word' id='word_1_450' title='bbox 122 1469 198 1487; x_wconf 85' lang='lat' dir='ltr'><strong>mam</strong></span> <span class='ocrx_word' id='word_1_451' title='bbox 220 1459 360 1488; x_wconf 83' lang='lat' dir='ltr'><strong>vocabuli</strong></span> <span class='ocrx_word' id='word_1_452' title='bbox 384 1458 490 1486; x_wconf 85' lang='lat' dir='ltr'><strong>Oscam</strong></span> <span class='ocrx_word' id='word_1_453' title='bbox 513 1467 575 1487; x_wconf 84' lang='lat' dir='ltr'><strong>esse</strong></span> <span class='ocrx_word' id='word_1_454' title='bbox 599 1458 648 1486; x_wconf 84' lang='lat' dir='ltr'><strong>vel</strong></span> <span class='ocrx_word' id='word_1_455' title='bbox 670 1458 818 1488; x_wconf 78' lang='lat' dir='ltr'><strong>Sabinam,</strong></span> 
     </span>
    </p>

    <p class='ocr_par' dir='ltr' id='par_1_10' title="bbox 124 1490 2082 1622">
     <span class='ocr_line' id='line_1_35' title="bbox 288 1490 2082 1539; baseline -0.006 -10"><span class='ocrx_word' id='word_1_456' title='bbox 288 1499 463 1530; x_wconf 77' lang='lat' dir='ltr'><strong>Adulter.</strong></span> <span class='ocrx_word' id='word_1_457' title='bbox 508 1500 532 1528; x_wconf 82' lang='grc' dir='ltr'>Α</span> <span class='ocrx_word' id='word_1_458' title='bbox 553 1500 772 1539; x_wconf 82' lang='lat' dir='ltr'><strong>praepositione</strong></span> <span class='ocrx_word' id='word_1_459' title='bbox 794 1499 835 1529; x_wconf 75' lang='lat' dir='ltr'><strong>acl</strong></span> <span class='ocrx_word' id='word_1_460' title='bbox 857 1505 886 1529; x_wconf 85' lang='lat' dir='ltr'><strong>et</strong></span> <span class='ocrx_word' id='word_1_461' title='bbox 908 1499 992 1529; x_wconf 61' lang='lat' dir='ltr'><strong>alter.</strong></span> <span class='ocrx_word' id='word_1_462' title='bbox 1037 1500 1111 1528; x_wconf 85' lang='lat' dir='ltr'><strong>Nam</strong></span> <span class='ocrx_word' id='word_1_463' title='bbox 1136 1510 1154 1527; x_wconf 85' lang='grc' dir='ltr'><em>α</em></span> <span class='ocrx_word' id='word_1_464' title='bbox 1176 1499 1207 1527; x_wconf 87' lang='lat' dir='ltr'><strong>in</strong></span> <span class='ocrx_word' id='word_1_465' title='bbox 1231 1497 1448 1536; x_wconf 83' lang='lat' dir='ltr'><strong>compositione</strong></span> <span class='ocrx_word' id='word_1_466' title='bbox 1476 1497 1606 1525; x_wconf 69' lang='lat' dir='ltr'><strong>vertitur</strong></span> <span class='ocrx_word' id='word_1_467' title='bbox 1629 1496 1658 1524; x_wconf 86' lang='lat' dir='ltr'><strong>in</strong></span> <span class='ocrx_word' id='word_1_468' title='bbox 1682 1508 1710 1525; x_wconf 84' lang='lat' dir='ltr'><strong>u.</strong></span> <span class='ocrx_word' id='word_1_469' title='bbox 1754 1494 1829 1523; x_wconf 75' lang='lat' dir='ltr'><strong>Mate</strong></span> <span class='ocrx_word' id='word_1_470' title='bbox 1854 1491 1972 1530; x_wconf 79' lang='lat' dir='ltr'><strong>quidam</strong></span> <span class='ocrx_word' id='word_1_471' title='bbox 1994 1490 2082 1520; x_wconf 76' lang='lat' dir='ltr'><strong>adut-</strong></span> 
     </span>
     <span class='ocr_line' id='line_1_36' title="bbox 124 1535 2082 1581; baseline -0.005 -10"><span class='ocrx_word' id='word_1_472' title='bbox 124 1544 225 1571; x_wconf 77' lang='lat' dir='ltr'><strong>terium</strong></span> <span class='ocrx_word' id='word_1_473' title='bbox 249 1543 334 1581; x_wconf 83' lang='lat' dir='ltr'><strong>quasi</strong></span> <span class='ocrx_word' id='word_1_474' title='bbox 355 1542 395 1571; x_wconf 78' lang='lat' dir='ltr'><strong>ad</strong></span> <span class='ocrx_word' id='word_1_475' title='bbox 418 1542 541 1571; x_wconf 75' lang='lat' dir='ltr'><strong>alterum</strong></span> <span class='ocrx_word' id='word_1_476' title='bbox 564 1550 678 1581; x_wconf 75' lang='lat' dir='ltr'><strong>torum5</strong></span> <span class='ocrx_word' id='word_1_477' title='bbox 710 1543 842 1580; x_wconf 80' lang='lat' dir='ltr'><strong>adulter,</strong></span> <span class='ocrx_word' id='word_1_478' title='bbox 880 1542 1070 1573; x_wconf 79' lang='lat' dir='ltr'><strong>adulterium,</strong></span> <span class='ocrx_word' id='word_1_479' title='bbox 1115 1542 1187 1570; x_wconf 85' lang='lat' dir='ltr'><strong>Inde</strong></span> <span class='ocrx_word' id='word_1_480' title='bbox 1211 1541 1378 1569; x_wconf 83' lang='lat' dir='ltr'><strong>adulterina</strong></span> <span class='ocrx_word' id='word_1_481' title='bbox 1402 1540 1501 1577; x_wconf 79' lang='lat' dir='ltr'><strong>signa,</strong></span> <span class='ocrx_word' id='word_1_482' title='bbox 1541 1550 1616 1578; x_wconf 88' lang='lat' dir='ltr'><strong>quae</strong></span> <span class='ocrx_word' id='word_1_483' title='bbox 1639 1537 1742 1567; x_wconf 85' lang='lat' dir='ltr'><strong>alienis</strong></span> <span class='ocrx_word' id='word_1_484' title='bbox 1765 1536 1882 1565; x_wconf 86' lang='lat' dir='ltr'><strong>annulis</strong></span> <span class='ocrx_word' id='word_1_485' title='bbox 1905 1539 1974 1563; x_wconf 84' lang='lat' dir='ltr'><strong>sunt</strong></span> <span class='ocrx_word' id='word_1_486' title='bbox 1996 1535 2082 1563; x_wconf 74' lang='lat' dir='ltr'><strong>facta.</strong></span> 
     </span>
     <span class='ocr_line' id='line_1_37' title="bbox 124 1581 1548 1622; baseline -0.004 -8"><span class='ocrx_word' id='word_1_487' title='bbox 124 1585 161 1614; x_wconf 82' lang='lat' dir='ltr'><strong>Et</strong></span> <span class='ocrx_word' id='word_1_488' title='bbox 183 1586 342 1614; x_wconf 80' lang='lat' dir='ltr'><strong>adulterini</strong></span> <span class='ocrx_word' id='word_1_489' title='bbox 363 1585 492 1622; x_wconf 83' lang='lat' dir='ltr'><strong>nummi,</strong></span> <span class='ocrx_word' id='word_1_490' title='bbox 526 1585 709 1614; x_wconf 83' lang='lat' dir='ltr'><strong>adulterinae</strong></span> <span class='ocrx_word' id='word_1_491' title='bbox 731 1590 873 1622; x_wconf 83' lang='lat' dir='ltr'><strong>staterae,</strong></span> <span class='ocrx_word' id='word_1_492' title='bbox 905 1585 1105 1614; x_wconf 81' lang='lat' dir='ltr'><strong>adulte1inum</strong></span> <span class='ocrx_word' id='word_1_493' title='bbox 1128 1588 1335 1612; x_wconf 76' lang='lat' dir='ltr'><strong>testamentum</strong></span> <span class='ocrx_word' id='word_1_494' title='bbox 1360 1587 1415 1611; x_wconf 85' lang='lat' dir='ltr'><strong>cet.</strong></span> <span class='ocrx_word' id='word_1_495' title='bbox 1460 1581 1548 1610; x_wconf 76' lang='lat' dir='ltr'><strong>Dae.</strong></span> 
     </span>
    </p>
   </div>
   <div class='ocr_carea' id='block_1_8' title="bbox 289 1625 2082 1676">
    <p class='ocr_par' dir='ltr' id='par_1_11' title="bbox 289 1625 2082 1676">
     <span class='ocr_line' id='line_1_38' title="bbox 289 1625 2082 1676; baseline -0.005 -11"><span class='ocrx_word' id='word_1_496' title='bbox 289 1635 467 1676; x_wconf 77' lang='lat' dir='ltr'><strong>Aquilus.</strong></span> <span class='ocrx_word' id='word_1_497' title='bbox 514 1635 712 1665; x_wconf 74' lang='lat' dir='ltr'><strong>Glossarium:</strong></span> <span class='ocrx_word' id='word_1_498' title='bbox 740 1635 903 1676; x_wconf 70' lang='lat' dir='ltr'><strong>Aquiliam,</strong></span> <span class='ocrx_word' id='word_1_499' title='bbox 928 1635 1034 1675; x_wconf 73' lang='grc' dir='ltr'><strong><em>μέλαν,</em></strong></span> <span class='ocrx_word' id='word_1_500' title='bbox 1060 1632 1099 1671; x_wconf 79' lang='grc' dir='ltr'><strong>ὥς</strong></span> <span class='ocrx_word' id='word_1_501' title='bbox 1121 1636 1309 1670; x_wconf 80' lang='grc' dir='ltr'><strong><em>Λουκίλλιος.</em></strong></span> <span class='ocrx_word' id='word_1_502' title='bbox 1355 1633 1449 1662; x_wconf 85' lang='lat' dir='ltr'><strong>Varro</strong></span> <span class='ocrx_word' id='word_1_503' title='bbox 1473 1629 1697 1673; x_wconf 74' lang='grc' dir='ltr'><em>κοσμοτορύνῃ,</em></span> <span class='ocrx_word' id='word_1_504' title='bbox 1720 1631 1784 1667; x_wconf 71' lang='grc' dir='ltr'><strong>περὶ</strong></span> <span class='ocrx_word' id='word_1_505' title='bbox 1807 1632 1929 1668; x_wconf 74' lang='grc' dir='ltr'><strong><em>φθορᾶς</em></strong></span> <span class='ocrx_word' id='word_1_506' title='bbox 1951 1625 2082 1666; x_wconf 75' lang='grc' dir='ltr'>κόσμου.-</span> 
     </span>
    </p>
   </div>
   <div class='ocr_carea' id='block_1_9' title="bbox 705 1682 1487 1770">
    <p class='ocr_par' dir='ltr' id='par_1_12' title="bbox 705 1682 1487 1770">
     <span class='ocr_line' id='line_1_39' title="bbox 705 1682 1487 1729; baseline -0.005 -14"><span class='ocrx_word' id='word_1_507' title='bbox 705 1687 805 1727; x_wconf 81' lang='lat' dir='ltr'><strong>Atque</strong></span> <span class='ocrx_word' id='word_1_508' title='bbox 826 1687 944 1727; x_wconf 78' lang='lat' dir='ltr'><strong>Aegeus</strong></span> <span class='ocrx_word' id='word_1_509' title='bbox 955 1689 1057 1729; x_wconf 79' lang='lat' dir='ltr'><strong>fluctu</strong></span> <span class='ocrx_word' id='word_1_510' title='bbox 1080 1697 1168 1727; x_wconf 85' lang='lat' dir='ltr'><strong>quam</strong></span> <span class='ocrx_word' id='word_1_511' title='bbox 1192 1685 1264 1715; x_wconf 80' lang='lat' dir='ltr'><strong>lavit</strong></span> <span class='ocrx_word' id='word_1_512' title='bbox 1286 1692 1353 1713; x_wconf 76' lang='lat' dir='ltr'><strong>ante</strong></span> <span class='ocrx_word' id='word_1_513' title='bbox 1375 1682 1487 1724; x_wconf 77' lang='lat' dir='ltr'><strong>aquilo,</strong></span> 
     </span>
     <span class='ocr_line' id='line_1_40' title="bbox 706 1726 1390 1770; baseline -0.007 -11"><span class='ocrx_word' id='word_1_514' title='bbox 706 1728 817 1758; x_wconf 70' lang='lat' dir='ltr'><strong>Saevus</strong></span> <span class='ocrx_word' id='word_1_515' title='bbox 840 1729 890 1759; x_wconf 77' lang='lat' dir='ltr'><strong>ubi</strong></span> <span class='ocrx_word' id='word_1_516' title='bbox 909 1731 1007 1770; x_wconf 80' lang='lat' dir='ltr'><strong>posuit</strong></span> <span class='ocrx_word' id='word_1_517' title='bbox 1029 1729 1160 1769; x_wconf 75' lang='lat' dir='ltr'><strong>Neptuni</strong></span> <span class='ocrx_word' id='word_1_518' title='bbox 1170 1727 1260 1768; x_wconf 81' lang='lat' dir='ltr'><strong>filius</strong></span> <span class='ocrx_word' id='word_1_519' title='bbox 1282 1726 1390 1755; x_wconf 83' lang='lat' dir='ltr'><strong>urbem.</strong></span> 
     </span>
    </p>
   </div>
   <div class='ocr_carea' id='block_1_10' title="bbox 124 1771 2083 2416">
    <p class='ocr_par' dir='ltr' id='par_1_13' title="bbox 126 1771 2083 1988">
     <span class='ocr_line' id='line_1_41' title="bbox 126 1771 2082 1821; baseline -0.006 -12"><span class='ocrx_word' id='word_1_520' title='bbox 126 1778 272 1820; x_wconf 80' lang='lat' dir='ltr'><strong>Aquilum</strong></span> <span class='ocrx_word' id='word_1_521' title='bbox 289 1781 430 1818; x_wconf 83' lang='lat' dir='ltr'><strong>fluctum,</strong></span> <span class='ocrx_word' id='word_1_522' title='bbox 453 1779 542 1818; x_wconf 80' lang='grc' dir='ltr'><em>μέλαν</em></span> <span class='ocrx_word' id='word_1_523' title='bbox 565 1778 663 1819; x_wconf 57' lang='lat' dir='ltr'><strong>fluuio,</strong></span> <span class='ocrx_word' id='word_1_524' title='bbox 688 1785 803 1818; x_wconf 87' lang='lat' dir='ltr'><strong>poetae.</strong></span> <span class='ocrx_word' id='word_1_525' title='bbox 827 1780 928 1811; x_wconf 83' lang='lat' dir='ltr'><strong>Scal.</strong></span> <span class='ocrx_word' id='word_1_526' title='bbox 957 1779 1089 1821; x_wconf 82' lang='lat' dir='ltr'><strong>Aquilus</strong></span> <span class='ocrx_word' id='word_1_527' title='bbox 1112 1778 1203 1809; x_wconf 83' lang='lat' dir='ltr'><strong>color.</strong></span> <span class='ocrx_word' id='word_1_528' title='bbox 1233 1778 1348 1807; x_wconf 81' lang='lat' dir='ltr'><strong>Medius</strong></span> <span class='ocrx_word' id='word_1_529' title='bbox 1372 1778 1449 1806; x_wconf 89' lang='lat' dir='ltr'><strong>inter</strong></span> <span class='ocrx_word' id='word_1_530' title='bbox 1472 1776 1570 1805; x_wconf 82' lang='lat' dir='ltr'><strong>album</strong></span> <span class='ocrx_word' id='word_1_531' title='bbox 1593 1780 1622 1804; x_wconf 82' lang='lat' dir='ltr'><strong>et</strong></span> <span class='ocrx_word' id='word_1_532' title='bbox 1646 1775 1770 1812; x_wconf 82' lang='lat' dir='ltr'><strong>nigrum.</strong></span> <span class='ocrx_word' id='word_1_533' title='bbox 1800 1772 1858 1800; x_wconf 87' lang='lat' dir='ltr'><strong>Sed</strong></span> <span class='ocrx_word' id='word_1_534' title='bbox 1883 1772 1956 1800; x_wconf 86' lang='lat' dir='ltr'><strong>male</strong></span> <span class='ocrx_word' id='word_1_535' title='bbox 1977 1771 2082 1798; x_wconf 82' lang='lat' dir='ltr'><strong>Festus</strong></span> 
     </span>
     <span class='ocr_line' id='line_1_42' title="bbox 128 1811 2083 1862; baseline -0.005 -12"><span class='ocrx_word' id='word_1_536' title='bbox 128 1823 163 1850; x_wconf 86' lang='lat' dir='ltr'><strong>ab</strong></span> <span class='ocrx_word' id='word_1_537' title='bbox 182 1832 256 1861; x_wconf 81' lang='lat' dir='ltr'><strong>aqua</strong></span> <span class='ocrx_word' id='word_1_538' title='bbox 276 1823 387 1850; x_wconf 81' lang='lat' dir='ltr'><strong>dictum</strong></span> <span class='ocrx_word' id='word_1_539' title='bbox 406 1827 501 1860; x_wconf 82' lang='lat' dir='ltr'><strong>putat,</strong></span> <span class='ocrx_word' id='word_1_540' title='bbox 520 1833 584 1850; x_wconf 79' lang='lat' dir='ltr'><strong>cuni</strong></span> <span class='ocrx_word' id='word_1_541' title='bbox 604 1823 639 1850; x_wconf 63' lang='lat' dir='ltr'><strong>sit</strong></span> <span class='ocrx_word' id='word_1_542' title='bbox 658 1823 693 1851; x_wconf 90' lang='lat' dir='ltr'><strong>ab</strong></span> <span class='ocrx_word' id='word_1_543' title='bbox 713 1824 820 1861; x_wconf 80' lang='lat' dir='ltr'><strong>aquila,</strong></span> <span class='ocrx_word' id='word_1_544' title='bbox 844 1824 925 1862; x_wconf 83' lang='lat' dir='ltr'><strong>quod</strong></span> <span class='ocrx_word' id='word_1_545' title='bbox 941 1829 969 1852; x_wconf 85' lang='lat' dir='ltr'><strong>et</strong></span> <span class='ocrx_word' id='word_1_546' title='bbox 984 1824 1080 1852; x_wconf 89' lang='lat' dir='ltr'><strong>innuit</strong></span> <span class='ocrx_word' id='word_1_547' title='bbox 1099 1820 1378 1856; x_wconf 78' lang='lat' dir='ltr'><strong>Plaut.Rudent.H,</strong></span> <span class='ocrx_word' id='word_1_548' title='bbox 1398 1822 1427 1855; x_wconf 85' lang='lat'><strong>4,</strong></span> <span class='ocrx_word' id='word_1_549' title='bbox 1442 1818 1509 1858; x_wconf 88' lang='lat'><strong>(8.):</strong></span> <span class='ocrx_word' id='word_1_550' title='bbox 1533 1817 1589 1846; x_wconf 83' lang='lat' dir='ltr'><strong>Eia</strong></span> <span class='ocrx_word' id='word_1_551' title='bbox 1607 1828 1711 1856; x_wconf 80' lang='lat' dir='ltr'><strong>corpus</strong></span> <span class='ocrx_word' id='word_1_552' title='bbox 1728 1813 1937 1855; x_wconf 73' lang='lat' dir='ltr'><strong>quoiusmocli?</strong></span> <span class='ocrx_word' id='word_1_553' title='bbox 1956 1811 2083 1842; x_wconf 76' lang='grc' dir='ltr'><em>8αόυοῖ-</em></span> 
     </span>
     <span class='ocr_line' id='line_1_43' title="bbox 128 1854 2082 1905; baseline -0.006 -13"><span class='ocrx_word' id='word_1_554' title='bbox 128 1866 232 1893; x_wconf 75' lang='lat' dir='ltr'><strong>tur-ium</strong></span> <span class='ocrx_word' id='word_1_555' title='bbox 258 1863 333 1893; x_wconf 79' lang='lat' dir='ltr'><strong>illud</strong></span> <span class='ocrx_word' id='word_1_556' title='bbox 355 1863 487 1905; x_wconf 73' lang='lat' dir='ltr'><strong>quidem,</strong></span> <span class='ocrx_word' id='word_1_557' title='bbox 510 1863 696 1905; x_wconf 66' lang='lat' dir='ltr'><strong>subaquilum</strong></span> <span class='ocrx_word' id='word_1_558' title='bbox 722 1864 800 1894; x_wconf 72' lang='lat' dir='ltr'><strong>volui</strong></span> <span class='ocrx_word' id='word_1_559' title='bbox 823 1864 925 1897; x_wconf 78' lang='lat' dir='ltr'><strong>dicere.</strong></span> <span class='ocrx_word' id='word_1_560' title='bbox 969 1866 1074 1903; x_wconf 74' lang='lat' dir='ltr'><strong>Aquila</strong></span> <span class='ocrx_word' id='word_1_561' title='bbox 1098 1870 1214 1899; x_wconf 83' lang='lat' dir='ltr'><strong>autem,</strong></span> <span class='ocrx_word' id='word_1_562' title='bbox 1238 1869 1271 1892; x_wconf 86' lang='lat' dir='ltr'><strong>ut</strong></span> <span class='ocrx_word' id='word_1_563' title='bbox 1294 1863 1404 1902; x_wconf 82' lang='lat' dir='ltr'><strong>optime</strong></span> <span class='ocrx_word' id='word_1_564' title='bbox 1429 1861 1585 1895; x_wconf 80' lang='lat' dir='ltr'><strong>Caninius,</strong></span> <span class='ocrx_word' id='word_1_565' title='bbox 1609 1872 1623 1888; x_wconf 79' lang='lat' dir='ltr'><strong>a</strong></span> <span class='ocrx_word' id='word_1_566' title='bbox 1647 1861 1758 1898; x_wconf 77' lang='lat' dir='ltr'><strong>Cyprio</strong></span> <span class='ocrx_word' id='word_1_567' title='bbox 1782 1868 1863 1896; x_wconf 74' lang='lat' dir='ltr'><strong>agor.</strong></span> <span class='ocrx_word' id='word_1_568' title='bbox 1900 1854 2082 1893; x_wconf 81' lang='lat' dir='ltr'><strong>Hesychius:</strong></span> 
     </span>
     <span class='ocr_line' id='line_1_44' title="bbox 127 1897 2082 1948; baseline -0.01 -4"><span class='ocrx_word' id='word_1_569' title='bbox 127 1904 236 1947; x_wconf 69' lang='lat' dir='ltr'><em>&#39;A769‚</em></span> <span class='ocrx_word' id='word_1_570' title='bbox 260 1905 359 1944; x_wconf 67' lang='grc' dir='ltr'><strong>ἆέτός,</strong></span> <span class='ocrx_word' id='word_1_571' title='bbox 385 1904 525 1945; x_wconf 78' lang='grc' dir='ltr'><strong><em>Κύπριοι.</em></strong></span> <span class='ocrx_word' id='word_1_572' title='bbox 559 1908 664 1946; x_wconf 73' lang='lat' dir='ltr'><strong>Ager,</strong></span> <span class='ocrx_word' id='word_1_573' title='bbox 688 1920 702 1936; x_wconf 85' lang='grc' dir='ltr'><strong>ι·</strong></span> <span class='ocrx_word' id='word_1_574' title='bbox 724 1913 838 1937; x_wconf 85' lang='lat' dir='ltr'><strong>mutato</strong></span> <span class='ocrx_word' id='word_1_575' title='bbox 860 1909 890 1937; x_wconf 91' lang='lat' dir='ltr'><strong>in</strong></span> <span class='ocrx_word' id='word_1_576' title='bbox 914 1908 926 1938; x_wconf 81' lang='lat' dir='ltr'><em>l</em></span> <span class='ocrx_word' id='word_1_577' title='bbox 948 1907 1033 1948; x_wconf 77' lang='lat' dir='ltr'><strong>agol,</strong></span> <span class='ocrx_word' id='word_1_578' title='bbox 1058 1907 1143 1947; x_wconf 76' lang='lat' dir='ltr'><strong>agui,</strong></span> <span class='ocrx_word' id='word_1_579' title='bbox 1167 1905 1255 1947; x_wconf 74' lang='lat' dir='ltr'><strong>aqui,</strong></span> <span class='ocrx_word' id='word_1_580' title='bbox 1280 1906 1386 1945; x_wconf 84' lang='lat' dir='ltr'><strong>aquila.</strong></span> <span class='ocrx_word' id='word_1_581' title='bbox 1411 1905 1494 1933; x_wconf 79' lang='lat' dir='ltr'><strong>Dae.</strong></span> <span class='ocrx_word' id='word_1_582' title='bbox 1525 1902 1640 1932; x_wconf 81' lang='lat' dir='ltr'><strong>Album</strong></span> <span class='ocrx_word' id='word_1_583' title='bbox 1664 1909 1689 1930; x_wconf 83' lang='lat' dir='ltr'><strong>et</strong></span> <span class='ocrx_word' id='word_1_584' title='bbox 1712 1902 1835 1940; x_wconf 75' lang='lat' dir='ltr'><strong>nigrum.</strong></span> <span class='ocrx_word' id='word_1_585' title='bbox 1869 1898 1914 1926; x_wconf 88' lang='lat' dir='ltr'><strong>Ab</strong></span> <span class='ocrx_word' id='word_1_586' title='bbox 1938 1897 1983 1926; x_wconf 81' lang='lat' dir='ltr'><strong>his</strong></span> <span class='ocrx_word' id='word_1_587' title='bbox 2007 1898 2082 1925; x_wconf 84' lang='lat' dir='ltr'><strong>enim</strong></span> 
     </span>
     <span class='ocr_line' id='line_1_45' title="bbox 128 1950 691 1988; baseline 0.004 -11"><span class='ocrx_word' id='word_1_588' title='bbox 128 1950 246 1978; x_wconf 84' lang='lat' dir='ltr'><strong>duobus</strong></span> <span class='ocrx_word' id='word_1_589' title='bbox 270 1951 401 1988; x_wconf 81' lang='lat' dir='ltr'><strong>pendent</strong></span> <span class='ocrx_word' id='word_1_590' title='bbox 423 1951 537 1988; x_wconf 87' lang='lat' dir='ltr'><strong>reliqui.</strong></span> <span class='ocrx_word' id='word_1_591' title='bbox 585 1950 691 1979; x_wconf 76' lang='lat' dir='ltr'><strong>Goth.</strong></span> 
     </span>
    </p>

    <p class='ocr_par' dir='ltr' id='par_1_14' title="bbox 128 1979 2082 2073">
     <span class='ocr_line' id='line_1_46' title="bbox 293 1979 2082 2032; baseline -0.005 -11"><span class='ocrx_word' id='word_1_592' title='bbox 293 1991 441 2032; x_wconf 71' lang='lat' dir='ltr'><strong>Aquilo</strong></span> <span class='ocrx_word' id='word_1_593' title='bbox 465 2000 570 2021; x_wconf 74' lang='lat' dir='ltr'><strong>tentus.</strong></span> <span class='ocrx_word' id='word_1_594' title='bbox 617 1993 735 2031; x_wconf 79' lang='lat' dir='ltr'><strong>Optime</strong></span> <span class='ocrx_word' id='word_1_595' title='bbox 759 1993 894 2021; x_wconf 79' lang='lat' dir='ltr'><strong>Caninius</strong></span> <span class='ocrx_word' id='word_1_596' title='bbox 918 2004 933 2022; x_wconf 85' lang='lat' dir='ltr'><strong>a</strong></span> <span class='ocrx_word' id='word_1_597' title='bbox 958 1994 1071 2021; x_wconf 88' lang='lat' dir='ltr'><strong>Graeco</strong></span> <span class='ocrx_word' id='word_1_598' title='bbox 1095 1988 1208 2030; x_wconf 78' lang='grc' dir='ltr'><strong>α’κιρός.</strong></span> <span class='ocrx_word' id='word_1_599' title='bbox 1254 1989 1438 2029; x_wconf 80' lang='lat' dir='ltr'><strong>Hesychius:</strong></span> <span class='ocrx_word' id='word_1_600' title='bbox 1473 1985 1616 2026; x_wconf 75' lang='grc' dir='ltr'><em>Ἀκιρὸς,</em></span> <span class='ocrx_word' id='word_1_601' title='bbox 1645 1985 1769 2026; x_wconf 75' lang='grc' dir='ltr'><em>βορῤᾶς.</em></span> <span class='ocrx_word' id='word_1_602' title='bbox 1817 1983 1889 2013; x_wconf 86' lang='lat' dir='ltr'><strong>Pin</strong></span> <span class='ocrx_word' id='word_1_603' title='bbox 1916 1985 1945 2012; x_wconf 87' lang='lat' dir='ltr'><em>A</em></span> <span class='ocrx_word' id='word_1_604' title='bbox 1968 1979 2082 2022; x_wconf 82' lang='grc' dir='ltr'><em>α’κιρός,</em></span> 
     </span>
     <span class='ocr_line' id='line_1_47' title="bbox 128 2031 1633 2073; baseline -0.004 -9"><span class='ocrx_word' id='word_1_605' title='bbox 128 2033 246 2070; x_wconf 62' lang='grc' dir='ltr'><strong>(ἔιι,ῑ.ι’ς,</strong></span> <span class='ocrx_word' id='word_1_606' title='bbox 271 2036 379 2072; x_wconf 66' lang='lat' dir='ltr'><strong>aquilo.</strong></span> <span class='ocrx_word' id='word_1_607' title='bbox 407 2035 493 2064; x_wconf 81' lang='lat' dir='ltr'><strong>Dae.</strong></span> <span class='ocrx_word' id='word_1_608' title='bbox 528 2035 609 2062; x_wconf 82' lang='lat' dir='ltr'><strong>Adde</strong></span> <span class='ocrx_word' id='word_1_609' title='bbox 633 2036 773 2065; x_wconf 78' lang='lat' dir='ltr'><strong>Nonium.</strong></span> <span class='ocrx_word' id='word_1_610' title='bbox 804 2034 908 2064; x_wconf 74' lang='lat' dir='ltr'><strong>Gotlz.</strong></span> <span class='ocrx_word' id='word_1_611' title='bbox 946 2036 1018 2064; x_wconf 83' lang='lat' dir='ltr'><strong>Non.</strong></span> <span class='ocrx_word' id='word_1_612' title='bbox 1042 2045 1108 2073; x_wconf 82' lang='lat' dir='ltr'><strong>pag.</strong></span> <span class='ocrx_word' id='word_1_613' title='bbox 1121 2036 1172 2066; x_wconf 83' lang='lat'><strong>50.</strong></span> <span class='ocrx_word' id='word_1_614' title='bbox 1197 2034 1226 2062; x_wconf 85' lang='lat' dir='ltr'><strong>in</strong></span> <span class='ocrx_word' id='word_1_615' title='bbox 1254 2032 1414 2062; x_wconf 78' lang='lat' dir='ltr'><strong>Ventorum</strong></span> <span class='ocrx_word' id='word_1_616' title='bbox 1435 2031 1633 2070; x_wconf 68' lang='lat' dir='ltr'><strong>proprietates.</strong></span> 
     </span>
    </p>

    <p class='ocr_par' dir='ltr' id='par_1_15' title="bbox 124 2066 2083 2243">
     <span class='ocr_line' id='line_1_48' title="bbox 293 2066 2083 2117; baseline -0.007 -11"><span class='ocrx_word' id='word_1_617' title='bbox 293 2077 517 2116; x_wconf 80' lang='lat' dir='ltr'><strong>Anquirere.</strong></span> <span class='ocrx_word' id='word_1_618' title='bbox 563 2078 607 2105; x_wconf 84' lang='lat' dir='ltr'><strong>Ab</strong></span> <span class='ocrx_word' id='word_1_619' title='bbox 630 2089 668 2106; x_wconf 86' lang='lat' dir='ltr'><strong>an</strong></span> <span class='ocrx_word' id='word_1_620' title='bbox 692 2079 800 2107; x_wconf 84' lang='lat' dir='ltr'><strong>circum</strong></span> <span class='ocrx_word' id='word_1_621' title='bbox 825 2083 853 2106; x_wconf 88' lang='lat' dir='ltr'><strong>et</strong></span> <span class='ocrx_word' id='word_1_622' title='bbox 876 2089 990 2117; x_wconf 79' lang='lat' dir='ltr'><strong>quaero.</strong></span> <span class='ocrx_word' id='word_1_623' title='bbox 1022 2078 1081 2106; x_wconf 83' lang='lat' dir='ltr'><strong>Cic.</strong></span> <span class='ocrx_word' id='word_1_624' title='bbox 1105 2077 1225 2105; x_wconf 80' lang='lat' dir='ltr'><strong>Tuscul.</strong></span> <span class='ocrx_word' id='word_1_625' title='bbox 1240 2076 1280 2112; x_wconf 91' lang='lat' dir='ltr'><strong>V,</strong></span> <span class='ocrx_word' id='word_1_626' title='bbox 1304 2075 1396 2112; x_wconf 80' lang='lat' dir='ltr'><strong>(c.4,</strong></span> <span class='ocrx_word' id='word_1_627' title='bbox 1421 2073 1548 2112; x_wconf 81' lang='lat'><strong>§.10.):</strong></span> <span class='ocrx_word' id='word_1_628' title='bbox 1579 2069 1714 2100; x_wconf 74' lang='lat' dir='ltr'><strong>Studiose</strong></span> <span class='ocrx_word' id='word_1_629' title='bbox 1735 2067 1773 2096; x_wconf 75' lang='lat' dir='ltr'><strong>ab</strong></span> <span class='ocrx_word' id='word_1_630' title='bbox 1796 2067 1841 2096; x_wconf 78' lang='lat' dir='ltr'><strong>his</strong></span> <span class='ocrx_word' id='word_1_631' title='bbox 1863 2066 1989 2095; x_wconf 75' lang='lat' dir='ltr'><strong>siderum</strong></span> <span class='ocrx_word' id='word_1_632' title='bbox 2011 2077 2083 2094; x_wconf 84' lang='lat' dir='ltr'><strong>ma-</strong></span> 
     </span>
     <span class='ocr_line' id='line_1_49' title="bbox 124 2108 2082 2159; baseline -0.007 -10"><span class='ocrx_word' id='word_1_633' title='bbox 124 2119 291 2159; x_wconf 55' lang='lat' dir='ltr'><strong>gnitudines</strong></span> <span class='ocrx_word' id='word_1_634' title='bbox 313 2127 338 2147; x_wconf 78' lang='lat' dir='ltr'><strong>et</strong></span> <span class='ocrx_word' id='word_1_635' title='bbox 361 2118 516 2148; x_wconf 79' lang='lat' dir='ltr'><strong>intervalla</strong></span> <span class='ocrx_word' id='word_1_636' title='bbox 538 2119 774 2159; x_wconf 78' lang='lat' dir='ltr'><strong>anquirebantur.</strong></span> <span class='ocrx_word' id='word_1_637' title='bbox 821 2121 985 2158; x_wconf 83' lang='lat' dir='ltr'><strong>Anquirere</strong></span> <span class='ocrx_word' id='word_1_638' title='bbox 1008 2121 1095 2149; x_wconf 86' lang='lat' dir='ltr'><strong>etiam</strong></span> <span class='ocrx_word' id='word_1_639' title='bbox 1118 2120 1243 2148; x_wconf 83' lang='lat' dir='ltr'><strong>velbum</strong></span> <span class='ocrx_word' id='word_1_640' title='bbox 1268 2123 1310 2147; x_wconf 71' lang='lat' dir='ltr'><strong>est</strong></span> <span class='ocrx_word' id='word_1_641' title='bbox 1334 2117 1460 2146; x_wconf 85' lang='lat' dir='ltr'><strong>forense.</strong></span> <span class='ocrx_word' id='word_1_642' title='bbox 1487 2116 1550 2144; x_wconf 80' lang='lat' dir='ltr'><strong>Liv.</strong></span> <span class='ocrx_word' id='word_1_643' title='bbox 1572 2114 1623 2143; x_wconf 89' lang='lat' dir='ltr'><strong>lib.</strong></span> <span class='ocrx_word' id='word_1_644' title='bbox 1635 2115 1691 2148; x_wconf 84' lang='lat'><strong>36,</strong></span> <span class='ocrx_word' id='word_1_645' title='bbox 1716 2111 1827 2151; x_wconf 84' lang='lat' dir='ltr'><strong>(c.3.):</strong></span> <span class='ocrx_word' id='word_1_646' title='bbox 1854 2108 1924 2139; x_wconf 85' lang='lat' dir='ltr'><strong>Cum</strong></span> <span class='ocrx_word' id='word_1_647' title='bbox 1949 2108 2082 2137; x_wconf 76' lang='lat' dir='ltr'><strong>tribunus</strong></span> 
     </span>
     <span class='ocr_line' id='line_1_50' title="bbox 128 2152 2079 2202; baseline -0.006 -11"><span class='ocrx_word' id='word_1_648' title='bbox 128 2162 171 2191; x_wconf 65' lang='lat' dir='ltr'><strong>his</strong></span> <span class='ocrx_word' id='word_1_649' title='bbox 190 2164 330 2202; x_wconf 78' lang='lat' dir='ltr'><strong>pecuniae</strong></span> <span class='ocrx_word' id='word_1_650' title='bbox 352 2163 540 2202; x_wconf 66' lang='lat' dir='ltr'><strong>anquis-isset,</strong></span> <span class='ocrx_word' id='word_1_651' title='bbox 564 2163 648 2190; x_wconf 79' lang='lat' dir='ltr'><strong>tertio</strong></span> <span class='ocrx_word' id='word_1_652' title='bbox 671 2163 776 2201; x_wconf 78' lang='lat' dir='ltr'><strong>capitis</strong></span> <span class='ocrx_word' id='word_1_653' title='bbox 799 2174 827 2190; x_wconf 81' lang='lat' dir='ltr'><strong>se</strong></span> <span class='ocrx_word' id='word_1_654' title='bbox 849 2164 1002 2202; x_wconf 82' lang='lat' dir='ltr'><strong>anquirere</strong></span> <span class='ocrx_word' id='word_1_655' title='bbox 1023 2161 1147 2192; x_wconf 79' lang='lat' dir='ltr'><strong>dicebat.</strong></span> <span class='ocrx_word' id='word_1_656' title='bbox 1189 2161 1243 2190; x_wconf 87' lang='lat' dir='ltr'><strong>Ubi</strong></span> <span class='ocrx_word' id='word_1_657' title='bbox 1268 2160 1408 2200; x_wconf 85' lang='lat' dir='ltr'><strong>pecuniae</strong></span> <span class='ocrx_word' id='word_1_658' title='bbox 1431 2164 1460 2188; x_wconf 86' lang='lat' dir='ltr'><strong>et</strong></span> <span class='ocrx_word' id='word_1_659' title='bbox 1482 2157 1587 2197; x_wconf 83' lang='lat' dir='ltr'><strong>capitis</strong></span> <span class='ocrx_word' id='word_1_660' title='bbox 1611 2155 1767 2194; x_wconf 82' lang='lat' dir='ltr'><strong>anquirere</strong></span> <span class='ocrx_word' id='word_1_661' title='bbox 1791 2158 1850 2189; x_wconf 84' lang='lat' dir='ltr'><strong>est,</strong></span> <span class='ocrx_word' id='word_1_662' title='bbox 1875 2152 1911 2180; x_wconf 87' lang='lat' dir='ltr'><strong>ad</strong></span> <span class='ocrx_word' id='word_1_663' title='bbox 1935 2152 2079 2192; x_wconf 88' lang='lat' dir='ltr'><strong>populum</strong></span> 
     </span>
     <span class='ocr_line' id='line_1_51' title="bbox 130 2204 844 2243; baseline 0 -9"><span class='ocrx_word' id='word_1_664' title='bbox 130 2206 206 2234; x_wconf 74' lang='lat' dir='ltr'><strong>serre</strong></span> <span class='ocrx_word' id='word_1_665' title='bbox 229 2206 265 2234; x_wconf 86' lang='lat' dir='ltr'><strong>dc</strong></span> <span class='ocrx_word' id='word_1_666' title='bbox 288 2205 380 2233; x_wconf 75' lang='lat' dir='ltr'><strong>inulta</strong></span> <span class='ocrx_word' id='word_1_667' title='bbox 405 2210 433 2233; x_wconf 86' lang='lat' dir='ltr'><strong>et</strong></span> <span class='ocrx_word' id='word_1_668' title='bbox 456 2205 553 2243; x_wconf 87' lang='lat' dir='ltr'><strong>capite</strong></span> <span class='ocrx_word' id='word_1_669' title='bbox 574 2205 710 2234; x_wconf 82' lang='lat' dir='ltr'><strong>alicuius.</strong></span> <span class='ocrx_word' id='word_1_670' title='bbox 755 2204 844 2234; x_wconf 84' lang='lat' dir='ltr'><strong>Dac.</strong></span> 
     </span>
    </p>

    <p class='ocr_par' dir='ltr' id='par_1_16' title="bbox 128 2235 2078 2416">
     <span class='ocr_line' id='line_1_52' title="bbox 292 2235 2078 2286; baseline -0.008 -10"><span class='ocrx_word' id='word_1_671' title='bbox 292 2246 461 2276; x_wconf 73' lang='lat' dir='ltr'><strong>Andron.</strong></span> <span class='ocrx_word' id='word_1_672' title='bbox 507 2248 630 2276; x_wconf 82' lang='lat' dir='ltr'><strong>Graecis</strong></span> <span class='ocrx_word' id='word_1_673' title='bbox 652 2243 781 2284; x_wconf 66' lang='grc' dir='ltr'><strong>ἀνδρῶν.</strong></span> <span class='ocrx_word' id='word_1_674' title='bbox 819 2247 895 2275; x_wconf 77' lang='lat' dir='ltr'><strong>tntra</strong></span> <span class='ocrx_word' id='word_1_675' title='bbox 920 2257 973 2285; x_wconf 86' lang='lat' dir='ltr'><strong>pro</strong></span> <span class='ocrx_word' id='word_1_676' title='bbox 995 2247 1052 2275; x_wconf 77' lang='lat' dir='ltr'><strong>viri</strong></span> <span class='ocrx_word' id='word_1_677' title='bbox 1071 2246 1194 2286; x_wconf 79' lang='lat' dir='ltr'><strong>plurimi</strong></span> <span class='ocrx_word' id='word_1_678' title='bbox 1216 2246 1337 2284; x_wconf 87' lang='lat' dir='ltr'><strong>quidam</strong></span> <span class='ocrx_word' id='word_1_679' title='bbox 1359 2244 1469 2273; x_wconf 81' lang='lat' dir='ltr'><strong>habent</strong></span> <span class='ocrx_word' id='word_1_680' title='bbox 1487 2241 1663 2282; x_wconf 82' lang='lat' dir='ltr'><strong>plurimum,</strong></span> <span class='ocrx_word' id='word_1_681' title='bbox 1685 2240 1769 2269; x_wconf 88' lang='lat' dir='ltr'><strong>male.</strong></span> <span class='ocrx_word' id='word_1_682' title='bbox 1803 2239 1876 2267; x_wconf 85' lang='lat' dir='ltr'><strong>Cum</strong></span> <span class='ocrx_word' id='word_1_683' title='bbox 1895 2237 1926 2266; x_wconf 89' lang='lat' dir='ltr'><strong>in</strong></span> <span class='ocrx_word' id='word_1_684' title='bbox 1949 2235 2078 2281; x_wconf 67' lang='lat' dir='ltr'><strong>andrope</strong></span> 
     </span>
     <span class='ocr_line' id='line_1_53' title="bbox 128 2276 2075 2330; baseline -0.006 -11"><span class='ocrx_word' id='word_1_685' title='bbox 128 2292 272 2330; x_wconf 60' lang='lat' dir='ltr'><strong>flur-imos</strong></span> <span class='ocrx_word' id='word_1_686' title='bbox 296 2290 427 2319; x_wconf 84' lang='lat' dir='ltr'><strong>homines</strong></span> <span class='ocrx_word' id='word_1_687' title='bbox 451 2290 596 2319; x_wconf 80' lang='lat' dir='ltr'><strong>habitasse</strong></span> <span class='ocrx_word' id='word_1_688' title='bbox 622 2289 695 2318; x_wconf 79' lang='lat' dir='ltr'><strong>dicit</strong></span> <span class='ocrx_word' id='word_1_689' title='bbox 717 2290 834 2326; x_wconf 73' lang='lat' dir='ltr'><strong>Festus,</strong></span> <span class='ocrx_word' id='word_1_690' title='bbox 868 2289 909 2317; x_wconf 86' lang='lat' dir='ltr'><strong>ita</strong></span> <span class='ocrx_word' id='word_1_691' title='bbox 933 2290 1030 2318; x_wconf 87' lang='lat' dir='ltr'><strong>innuit</strong></span> <span class='ocrx_word' id='word_1_692' title='bbox 1053 2290 1185 2328; x_wconf 79' lang='lat' dir='ltr'><strong>amplu&#39;rn</strong></span> <span class='ocrx_word' id='word_1_693' title='bbox 1208 2288 1392 2317; x_wconf 84' lang='lat' dir='ltr'><strong>domicilium</strong></span> <span class='ocrx_word' id='word_1_694' title='bbox 1415 2287 1532 2325; x_wconf 57' lang='lat' dir='ltr'><strong>fuisse,</strong></span> <span class='ocrx_word' id='word_1_695' title='bbox 1554 2289 1585 2313; x_wconf 82' lang='lat' dir='ltr'><strong>ut</strong></span> <span class='ocrx_word' id='word_1_696' title='bbox 1606 2288 1677 2312; x_wconf 82' lang='lat' dir='ltr'><strong>erat.</strong></span> <span class='ocrx_word' id='word_1_697' title='bbox 1722 2280 1904 2321; x_wconf 82' lang='lat' dir='ltr'><strong>Hesychius:</strong></span> <span class='ocrx_word' id='word_1_698' title='bbox 1935 2276 2075 2315; x_wconf 68' lang='grc' dir='ltr'><strong>ἇνδρεων,</strong></span> 
     </span>
     <span class='ocr_line' id='line_1_54' title="bbox 130 2324 2075 2374; baseline -0.007 -11"><span class='ocrx_word' id='word_1_699' title='bbox 130 2332 145 2365; x_wconf 75' lang='grc' dir='ltr'>ὁ</span> <span class='ocrx_word' id='word_1_700' title='bbox 168 2335 256 2374; x_wconf 59' lang='grc' dir='ltr'><strong>μέγις</strong></span> <span class='ocrx_word' id='word_1_701' title='bbox 279 2332 372 2369; x_wconf 73' lang='grc' dir='ltr'><em>οἶκος·</em></span> <span class='ocrx_word' id='word_1_702' title='bbox 400 2333 487 2363; x_wconf 81' lang='lat' dir='ltr'><strong>Dac.</strong></span> <span class='ocrx_word' id='word_1_703' title='bbox 518 2333 592 2361; x_wconf 87' lang='lat' dir='ltr'><strong>Vide</strong></span> <span class='ocrx_word' id='word_1_704' title='bbox 610 2332 779 2361; x_wconf 83' lang='lat' dir='ltr'><strong>Vitruvium</strong></span> <span class='ocrx_word' id='word_1_705' title='bbox 795 2333 848 2369; x_wconf 78' lang='lat' dir='ltr'><strong>VI,</strong></span> <span class='ocrx_word' id='word_1_706' title='bbox 872 2334 899 2363; x_wconf 89' lang='grc'><strong>6.</strong></span> <span class='ocrx_word' id='word_1_707' title='bbox 929 2331 1034 2362; x_wconf 71' lang='lat' dir='ltr'><strong>Goth.</strong></span> <span class='ocrx_word' id='word_1_708' title='bbox 1067 2332 1104 2361; x_wconf 85' lang='lat' dir='ltr'><strong>Ut</strong></span> <span class='ocrx_word' id='word_1_709' title='bbox 1125 2343 1311 2373; x_wconf 74' lang='lat' dir='ltr'><strong>gynaeceum.</strong></span> <span class='ocrx_word' id='word_1_710' title='bbox 1340 2330 1404 2359; x_wconf 88' lang='lat' dir='ltr'><strong>Vid.</strong></span> <span class='ocrx_word' id='word_1_711' title='bbox 1423 2329 1482 2358; x_wconf 88' lang='lat' dir='ltr'><strong>Tit.</strong></span> <span class='ocrx_word' id='word_1_712' title='bbox 1506 2328 1577 2356; x_wconf 84' lang='lat' dir='ltr'><strong>Cod.</strong></span> <span class='ocrx_word' id='word_1_713' title='bbox 1602 2327 1638 2355; x_wconf 87' lang='lat' dir='ltr'><strong>de</strong></span> <span class='ocrx_word' id='word_1_714' title='bbox 1661 2324 1842 2362; x_wconf 78' lang='lat' dir='ltr'><strong>murilegulis</strong></span> <span class='ocrx_word' id='word_1_715' title='bbox 1864 2327 1894 2351; x_wconf 82' lang='lat' dir='ltr'><strong>et</strong></span> <span class='ocrx_word' id='word_1_716' title='bbox 1915 2326 2075 2358; x_wconf 77' lang='lat' dir='ltr'><strong>gynaecea-</strong></span> 
     </span>
     <span class='ocr_line' id='line_1_55' title="bbox 129 2357 2072 2416; baseline -0.007 -11"><span class='ocrx_word' id='word_1_717' title='bbox 129 2378 180 2405; x_wconf 62' lang='lat' dir='ltr'><strong>riis</strong></span> <span class='ocrx_word' id='word_1_718' title='bbox 203 2381 230 2405; x_wconf 73' lang='lat' dir='ltr'><strong>rt</strong></span> <span class='ocrx_word' id='word_1_719' title='bbox 255 2376 499 2415; x_wconf 68' lang='lat' dir='ltr'><strong>lrocuratoribus</strong></span> <span class='ocrx_word' id='word_1_720' title='bbox 521 2375 665 2414; x_wconf 73' lang='lat' dir='ltr'><strong>gynaecii.</strong></span> <span class='ocrx_word' id='word_1_721' title='bbox 700 2375 726 2403; x_wconf 85' lang='lat' dir='ltr'><strong>Is</strong></span> <span class='ocrx_word' id='word_1_722' title='bbox 751 2376 833 2404; x_wconf 87' lang='lat' dir='ltr'><strong>locus</strong></span> <span class='ocrx_word' id='word_1_723' title='bbox 858 2375 979 2404; x_wconf 78' lang='lat' dir='ltr'><strong>Graecis</strong></span> <span class='ocrx_word' id='word_1_724' title='bbox 1001 2385 1120 2413; x_wconf 81' lang='lat' dir='ltr'><strong>quoque</strong></span> <span class='ocrx_word' id='word_1_725' title='bbox 1142 2378 1352 2416; x_wconf 76' lang='grc' dir='ltr'><em>γυναικονῑτις.</em></span> <span class='ocrx_word' id='word_1_726' title='bbox 1387 2371 1515 2401; x_wconf 85' lang='lat' dir='ltr'><strong>Glossis:</strong></span> <span class='ocrx_word' id='word_1_727' title='bbox 1546 2368 1726 2400; x_wconf 60' lang='lat' dir='ltr'><strong>Mulie-hrum</strong></span> <span class='ocrx_word' id='word_1_728' title='bbox 1750 2367 1928 2408; x_wconf 77' lang='grc' dir='ltr'><em>γυιάικεῐον-</em></span> <span class='ocrx_word' id='word_1_729' title='bbox 1966 2357 2072 2386; x_wconf 71' lang='lat' dir='ltr'><strong>Idem.</strong></span> 
     </span>
    </p>
   </div>
   <div class='ocr_carea' id='block_1_11' title="bbox 1564 2422 1668 2453">
    <p class='ocr_par' dir='ltr' id='par_1_17' title="bbox 1564 2422 1668 2453">
     <span class='ocr_line' id='line_1_56' title="bbox 1564 2422 1668 2453; baseline 0 0"><span class='ocrx_word' id='word_1_730' title='bbox 1564 2422 1668 2453; x_wconf 68' lang='lat' dir='ltr'><strong>Ti*</strong></span> 
     </span>
    </p>
   </div>
  </div>
 </body>
</html>
