2263 2668
241 169 317 204 36⁰
672 157 1016 196 COMMENTARII
1040 157 1088 190 IN
1113 158 1257 193 PAULI
1281 159 1478 194 DiAcoNl
1503 158 1756 194 EXCERPTA

243 272 298 302 pro
322 258 447 289 candore
469 255 574 292 legitur
599 250 723 281 candela
746 250 902 289 (θΧῙΙὶῙἹΘᾺῒ
923 249 999 277 enim
1023 249 1104 278 editt·
1126 251 1202 281 Scal.
1225 257 1254 280 et
1279 253 1344 282 Dae.
1369 261 1424 289 pro
1448 249 1591 286 candela,
1623 251 1704 289 quod
1727 262 1782 280 nos
1804 254 1992 293 scripsimus,
2022 256 2182 294 candore.).

241 303 299 332 Sed
321 300 487 330 immediate
510 308 523 323 a
549 293 672 329 candeo,
704 293 783 322 unde
807 291 936 328 candor,
966 290 1104 328 candela,
1136 295 1284 331 quomodo
1308 305 1322 321 a
1347 293 1452 331 λάμπω
1474 293 1624 330 λαμπυρίς
1648 294 1770 322 Graecis
1793 295 1911 326 dicitur.
1935 298 2023 328 Dae,
2070 301 2183 329 Glossis

241 342 448 381 manuscn‘ptis
470 348 560 377 genus
583 346 750 365 muscarum
777 335 822 362 vel
846 334 1061 362 scarabeorum.
1094 333 1198 366 Goth.
1245 334 1446 372 Camlelabra,
1483 336 1552 364 vide
1575 346 1665 374 supra
1692 335 1922 376 Candelabrum3
1956 345 2053 378 potest
2075 347 2103 371 et
2124 342 2183 371 hoc

242 389 306 416 loco
330 386 402 423 legi:
436 379 582 416 Candela3
613 389 699 416 quam
725 389 739 405 a
763 377 890 405 candore
913 376 1054 404 Isidorus.
1098 374 1206 407 Idem,

405 425 563 452 Citrosa.
606 421 751 449 Naevius:
773 418 985 459 pulchramque
1007 429 1047 447 ex
1069 429 1141 447 auro
1163 427 1321 460 vestemque
1343 420 1489 448 citrosam.
1528 420 1632 448 Festus
1656 422 1721 449 vult
1743 421 1783 449 ita
1808 422 1939 460 dictum,
1964 425 2043 461 quod
2067 426 2105 454 sit
2127 436 2184 454 un-

241 471 330 500 datim
353 468 456 505 crispa.
501 465 538 493 At
563 463 743 499 Macrobius,
781 462 863 500 quod
892 471 980 500 poma
1012 461 1079 489 citri
1105 463 1235 490 vestibus
1260 467 1462 490 insererentur
1484 462 1523 490 ad
1546 463 1667 491 odorem
1691 463 1930 502 concipiendum,
1974 466 2007 494 In
2031 477 2089 506 quo
2111 469 2182 498 licet

239 512 339 542 videre
361 514 495 538 veterum
516 506 754 534 inconstantiam.
800 505 873 532 Nam
896 504 952 532 alia
976 508 1020 532 est
1042 504 1152 541 citrus,
1189 516 1225 533 ex
1250 515 1307 543 qua
1331 515 1448 532 mensae
1470 504 1597 540 fiebant,
1632 506 1706 542 alia,
1743 516 1817 543 quae
1839 517 1928 545 poma
1951 507 2055 545 habet,
2093 514 2182 548 q'uam

239 554 380 583 Medicam
402 554 556 579 vocarunt.
602 549 697 583 Quam
726 557 792 575 cum
816 547 915 575 dicant
943 546 1063 575 eandem
1087 557 1148 575 esse
1171 558 1239 575 cum
1264 547 1419 575 Homerica
1443 546 1552 585 Thyia,
1588 548 1645 586 ipsi
1667 548 1805 577 viderint.
1853 550 1909 578 Vix
1932 551 2009 579 enim
2032 557 2061 580 et
2083 552 2182 591 Virgi-

237 596 323 625 lianis
344 593 526 632 temporibus
549 601 608 619 non
631 591 727 619 solum
750 591 904 628 Europae,
939 590 991 616 sed
1015 594 1042 617 et
1065 590 1148 618 Asiae
1172 591 1279 618 minori
1303 590 1420 627 cognita
1443 596 1514 619 erat.
1542 589 1643 619 Scal.
1688 591 1777 626 Quod
1800 592 1896 621 Latini
1920 594 2041 631 citrum,
2071 594 2182 624 Home-

239 650 290 668 rus
312 635 407 673 θύου,
434 641 462 665 et
486 645 558 673 quas
582 633 625 661 illi
648 634 771 662 citrosas
792 639 896 667 vestes,
919 631 969 659 ille
992 629 1113 662 θυώδεα
1135 633 1252 670 εἶ’ματα;

859 674 972 711 Εἵματα
995 670 1024 703 δ’
1048 671 1218 712 ἀμφιέσασα
1242 672 1362 704 θυώδεα
1386 672 1561 714 σιγαλόεντα

239 724 308 764 (Od.
329 725 363 759 5,
388 721 458 754 264.
483 722 540 755 21,
564 719 640 753 52).
683 717 767 745 Unde
791 716 877 745 etiam
901 716 1004 744 Naevii
1027 716 1125 745 locum
1150 727 1322 756 expressum
1346 716 1449 745 docuit
1471 716 1547 745 idem
1570 717 1743 748 Macrobius.
1790 718 1876 747 Duc.

402 762 569 793 Ciuicam
601 771 784 790 coronam.
830 759 927 794 Quam
951 759 1001 787 dat
1024 759 1112 796 civis,
1145 771 1160 787 a
1184 770 1241 798 quo
1264 764 1400 788 servatus
1423 764 1465 788 est
1487 760 1517 787 in
1541 760 1674 798 proelio,
1702 765 1804 789 testem
1828 761 1907 790 vitae
1929 761 2091 800 salutisque
2113 773 2180 802 per-

237 813 345 846 ceptae.
391 806 434 834 Ex
457 805 589 841 iligneis,
621 803 667 832 vel
688 802 807 840 quernis
830 801 909 829 soliis
932 801 1104 838 texebatur,
1135 812 1193 830 non
1219 812 1310 839 auro,
1340 803 1408 840 quia
1431 802 1514 830 nefas
1537 807 1615 837 erat,
1645 803 1738 830 civem
1762 804 1837 832 lucri
1861 814 1949 832 causa
1972 805 2103 842 servari,
2131 806 2180 834 vel

237 850 304 888 quia
329 849 412 876 cibus
438 848 592 885 victusque
616 845 837 883 antiquissimus
862 853 1004 881 querceus
1027 846 1094 882 capi
1117 845 1220 874 solitus
1243 846 1289 874 sit.
1328 844 1401 873 Vide
1425 845 1554 873 Gellium
1577 845 1628 873 lib.
1642 845 1674 873 V.
1699 856 1762 884 cap.
1777 848 1806 877 6.
1850 846 1942 876 Dac.

400 888 511 920 Circa
522 900 596 917 nea.
641 888 689 915 Sic
713 887 872 924 generatim
895 896 963 914 aves
988 897 1089 915 omnes
1111 887 1205 915 dictas
1227 892 1318 926 puto,
1350 897 1424 925 quae
1446 887 1585 926 praedam
1610 887 1822 916 circumeundo
1845 889 1986 926 lustrant,
2017 894 2051 918 ut
2072 889 2180 918 milvus

235 935 365 971 aliaeque
388 943 457 961 aves
479 941 618 970 rapaces,
648 941 663 958 a
687 928 844 965 circumlo,
871 929 1094 958 circumeundo.
1139 929 1191 957 Da
1204 941 1227 958 c.

400 973 570 1004 Circites.
616 973 679 1001 Nou
703 972 798 1000 solnm
822 972 927 1000 circuli
951 982 987 999 ex
1011 982 1075 1000 aere
1100 972 1186 1008 facti,
1217 971 1268 1000 sed
1293 975 1320 999 et
1344 971 1441 1009 quivis
1464 972 1513 1000 alii
1536 971 1649 1002 circuli.
1691 973 1764 1001 Vide
1790 971 1965 1003 Cesticellus.
2010 974 2094 1004 Dae.

398 1015 541 1046 Citium.
587 1015 781 1043 Glossarium:
810 1012 902 1051 Gilia,
925 1011 1052 1052 ὗπώριιν.
1089 1015 1177 1052 Lege:
1199 1011 1329 1044 ὑπώπια.
1364 1014 1519 1053 Palpebras
1543 1015 1690 1052 intelligit.
1716 1013 1816 1046 Scal.
1848 1016 1934 1044 Festo
1959 1017 2106 1046 consentit
2128 1017 2180 1046 lsi-

234 1061 324 1088 dorus
345 1060 395 1089 lib.
408 1059 466 1093 XI,
490 1069 514 1086 c.
529 1061 555 1089 1.
590 1056 681 1093 Gilia,
712 1056 824 1095 inquit,
856 1063 921 1085 sunt
943 1058 1086 1096 tegmina,
1117 1056 1222 1097 quihus
1243 1057 1447 1095 cooperiuntur
1469 1055 1563 1094 oculi,
1593 1065 1619 1085 et
1643 1056 1723 1086 dicta
1747 1056 1834 1094 cilia,
1863 1057 1944 1098 quod
1966 1058 2056 1088 celent
2079 1059 2181 1089 oculos

233 1110 385 1142 tegantque
408 1109 470 1129 tuta
493 1099 636 1130 custodia.
682 1100 737 1128 Sed
761 1099 882 1138 proprie
901 1099 1002 1128 cilium
1026 1103 1068 1127 est
1089 1099 1210 1137 crepido
1234 1099 1395 1138 superioris
1419 1100 1551 1135 tunicae,
1589 1100 1669 1128 unde
1691 1100 1744 1138 pili
1767 1106 1885 1131 exeunt.
1930 1102 2015 1130 Unde
2038 1102 2181 1141 superci-

232 1145 321 1181 lium,
354 1144 433 1182 quod
457 1153 546 1182 supra
570 1143 671 1171 cilium
696 1147 747 1171 est.
770 1142 862 1170 Dae.
908 1142 980 1170 Vide
1004 1142 1079 1170 infra
1103 1140 1297 1180 supercilium.
1344 1139 1449 1171 Goth.

399 1185 590 1214 Cimmerii.
636 1185 807 1213 Cimmeiios
835 1184 866 1212 in
893 1184 1052 1223 Campania
1083 1185 1160 1213 circa
1183 1185 1269 1212 Baias
1298 1188 1326 1212 et
1349 1184 1454 1212 Cumas
1485 1194 1578 1223 prope
1607 1184 1706 1212 lacum
1729 1185 1880 1213 Avernum
1910 1190 2055 1215 testantur
2076 1186 2180 1225 Lyco—

232 1229 344 1267 phron,
370 1229 474 1265 Silius,
498 1227 688 1264 Eustathius,
712 1227 869 1266 Ephorus,
891 1232 919 1255 et
941 1238 977 1256 ex
1003 1227 1106 1256 eodem
1128 1227 1251 1264 Strabo,
1276 1226 1405 1264 Plinius,
1429 1227 1599 1256 Marcianus
1620 1232 1649 1256 et
1671 1227 1730 1255 alii.
1776 1228 1817 1256 De
1839 1228 1875 1256 iis
1897 1228 2107 1267 intelligendus
2127 1229 2180 1258 lo·-

233 1281 284 1300 cus
308 1271 427 1300 Homeri
448 1270 555 1310 Odyss.
572 1273 595 1300 λ.
620 1271 689 1308 (ΧΙ,
713 1281 741 1300 V.
758 1269 805 1300 14.
820 1271 929 1308 seqq.):

755 1310 856 1342 ’'Ev19u
879 1311 910 1342 ὁὲ
933 1313 1106 1351 Κιμμερίων
1130 1309 1250 1351 ἆνδρῶν
1274 1310 1367 1352 δῆμός
1389 1324 1418 1342 τε
1440 1311 1526 1348 πόλις
1548 1324 1577 1343 τε

761 1351 840 1393 Ἠέρι
864 1355 914 1385 καὶ
935 1355 1043 1398 νεφέλῃ
1067 1355 1301 1394 κεκαλυμμένοι,
1336 1352 1405 1384 οὐδέ
1427 1352 1494 1386 ποτ’
1518 1352 1627 1390 αὐτούς

760 1393 876 1432 Ἠέλιος
899 1398 1025 1436 φαέθων
1048 1397 1227 1436 ἐπιδέρκεται
1250 1393 1427 1434 ἀκτίνεσσιν,

763 1437 840 1470 Ἀλλ’
863 1440 909 1470 ἐπὶ
931 1438 984 1477 ’νύξ
1008 1437 1081 1478 dior}
1104 1440 1227 1470 τέταται.

234 1484 349 1522 Ulysses
380 1483 455 1511 enim
487 1493 523 1511 ex
547 1482 644 1510 Circes
672 1482 768 1510 insula
800 1493 886 1510 mane
915 1482 1069 1511 discedens
1098 1488 1189 1511 vento
1218 1482 1349 1510 secundo
1378 1481 1433 1510 sub
1460 1492 1614 1521 vesperam
1638 1481 1675 1510 ad
1699 1481 1923 1509 cimmeriorum
1946 1492 2028 1510 oram
2051 1482 2178 1520 appulit.

233 1526 321 1561 Quod
344 1525 452 1564 probat
475 1525 510 1554 de
534 1525 696 1554 Cimmeriis
718 1524 837 1563 Scythis
861 1525 939 1554 circa
963 1524 1151 1564 Bosphorum
1175 1535 1235 1553 non
1258 1534 1345 1564 posse
1368 1524 1502 1563 intelligi.
1534 1524 1591 1553 Sed
1614 1524 1684 1552 audi
1701 1524 1834 1552 Servium
1859 1523 1895 1552 ad
1918 1524 1994 1552 illud
2011 1524 2129 1555 Aeneid.
2143 1525 2177 1562 V,

247 1569 298 1604 VI,
327 1571 394 1600 107.
417 1578 425 1597 ἶ

233 1568 243 1607 (
398 1565 409 1607 )
767 1629 805 1633 ——
830 1629 867 1633 -—-
891 1609 1011 1651 quando
1034 1609 1082 1638 hic
1103 1608 1212 1650 inferni
1234 1610 1324 1637 ianua
1348 1610 1422 1648 regis

767 1653 890 1681 Dicitur
912 1660 938 1680 et
960 1651 1108 1680 tenebrosa
1128 1650 1215 1690 palas
1237 1650 1406 1680 Acheronte
1428 1650 1535 1693 refuso.

235 1696 388 1733 Acheron,
413 1695 525 1733 inquit,
539 1696 654 1735 fluvius
678 1693 786 1723 dicitur
808 1694 986 1736 inferorum,
1009 1695 1096 1734 quasi
1116 1694 1177 1722 sine
1193 1692 1312 1732 gaudio.
1346 1692 1406 1722 Sed
1429 1701 1543 1722 constat
1568 1691 1664 1722 locum
1688 1704 1746 1721 esse
1767 1690 1849 1720 haud
1870 1691 1955 1732 longe
1977 1703 1996 1721 a
2018 1692 2104 1722 Baiis
2125 1705 2180 1722 un-

236 1738 319 1777 dique
341 1737 486 1768 montibus
509 1745 635 1776 septum,
666 1736 740 1765 adeo
762 1744 792 1765 ut
815 1748 866 1765 nec
889 1738 1040 1773 orientem,
1065 1748 1116 1765 nec
1139 1735 1316 1765 occidentem
1339 1735 1429 1764 solem
1449 1737 1542 1775 possit
1566 1736 1707 1774 aspicere,
1738 1733 1788 1763 sed
1810 1742 1922 1763 fanium
1944 1734 2070 1764 medium
2093 1733 2179 1767 diem.

239 1779 323 1817 Quod
341 1788 434 1809 autem
458 1779 567 1808 ‹licitur-
589 1779 704 1818 ignibus
725 1778 843 1818 plenus,
866 1779 938 1808 haec
957 1780 1034 1808 ratio
1056 1786 1105 1806 est.
1145 1777 1253 1807 Omnia
1275 1779 1374 1807 vicina
1395 1777 1460 1807 illic
1483 1778 1551 1807 loca
1575 1776 1683 1807 calidis
1705 1784 1731 1805 et
1752 1775 1933 1816 sulphur-atis
1955 1778 2040 1817 aquis
2060 1785 2180 1807 scatent.

238 1821 304 1849 Sine
327 1822 435 1861 gaudio
465 1829 558 1850 autem
591 1820 656 1851 ideo
687 1820 738 1850 ille
767 1820 875 1850 dicitur
903 1820 1001 1857 locus,
1041 1819 1121 1860 quod
1149 1822 1346 1849 necromantia
1368 1819 1415 1849 vel
1434 1821 1625 1855 sciomantia,
1661 1827 1692 1848 ut
1714 1818 1828 1854 dicunt,
1866 1820 1982 1848 nonnisi
2003 1819 2046 1848 ibi
2065 1827 2180 1858 poterat

228 1863 313 1900 fieri3
337 1875 409 1903 quae
430 1865 491 1892 sine
511 1864 637 1893 hominis
660 1865 805 1893 occisione
827 1875 886 1893 non
897 1863 1005 1904 fiebat.
1039 1863 1118 1891 Nam
1141 1870 1167 1891 et
1186 1863 1303 1891 Aeneas
1325 1862 1389 1892 illic
1412 1864 1510 1892 occiso
1533 1862 1651 1892 Miseno
1673 1872 1760 1890 sacra
1784 1862 1842 1889 isia
1865 1860 2019 1900 complevit
2040 1869 2066 1890 et
2092 1861 2180 1903 Ulys-

240 1915 282 1931 ses
304 1907 398 1934 occiso
421 1905 578 1945 Elpenore,
619 1917 796 1946 quamquam
816 1907 956 1946 fingatur
983 1907 1013 1934 in
1036 1913 1168 1934 extrema
1192 1906 1296 1934 oceani
1313 1913 1399 1944 parte
1426 1904 1542 1945 Ulysses
1552 1904 1661 1945 fiisse.
1709 1902 1797 1941 Quod
1817 1905 1878 1943 ipse
1900 1903 2047 1932 Homerus
2057 1902 2181 1944 falsum

240 1956 297 1973 esse
318 1947 438 1975 ostendit
462 1959 501 1976 ex
523 1947 664 1988 qualitate
688 1948 839 1985 locorum,
881 1960 955 1988 quae
983 1955 1189 1977 commemorat
1216 1958 1256 1976 ex
1284 1955 1412 1987 tempore
1438 1948 1644 1987 navigationis.
1688 1946 1772 1976 Dicit
1799 1947 1874 1974 enim
1903 1957 1966 1974 eum
1987 1947 2069 1975 circa
2090 1957 2181 1976 unam

241 1993 351 2015 noctem
374 1990 538 2027 navigasse,
563 1998 588 2018 et
611 1990 651 2018 ad
674 1990 770 2020 locum
793 1992 917 2027 venisse,
946 1990 997 2019 ubi
1019 2001 1105 2019 sacra
1125 1989 1259 2031 perfecit.
1307 1989 1395 2028 Quod
1418 1989 1452 2018 de
1478 1988 1595 2019 Oceano
1617 2001 1674 2018 non
1695 1986 1844 2028 procedit,
1875 1987 1910 2016 de
1931 1986 2093 2028 Campania
2115 1999 2181 2017 ma·

242 2027 455 2069 nifestissimum
478 2039 526 2060 est.
568 2033 640 2061 Inde
663 2038 761 2062 autem
785 2032 953 2062 Cimmerios
976 2044 991 2061 a
1013 2033 1140 2061 tenebris
1163 2042 1268 2061 nomen
1289 2031 1401 2061 habere
1422 2032 1584 2060 Phoenices
1608 2032 1734 2060 fabulati
1757 2035 1842 2067 sunt,
1876 2035 1910 2059 ut
1932 2031 2043 2069 optime
2067 2031 2182 2060 notavit

243 2070 542 2101 DoctissBochartus
558 2074 588 2102 in
605 2073 747 2104 Chanaan
769 2076 820 2105 lib.
835 2077 852 2106 1.
872 2079 976 2112 c.33.,
1001 2076 1068 2113 quia
1092 2076 1210 2103 cimmer
1232 2075 1273 2103 eis
1295 2079 1339 2104 est
1360 2076 1526 2114 nigrescere.
1550 2074 1632 2103 Unde
1654 2074 1755 2103 cimrir
1776 2072 1957 2101 tenebrarum
1980 2080 2069 2102 atror.
2094 2073 2180 2102 Dac.

408 2111 554 2145 Cimbri,
585 2119 748 2156 Λῃστρικοί
763 2129 830 2146 sanc
846 2118 895 2149 καὶ
919 2121 1064 2156 πλαινῆτες
1081 2119 1209 2147 suerunt.
1239 2117 1298 2146 Sed
1319 2128 1380 2145 non
1403 2118 1494 2155 magis
1511 2117 1626 2146 Cimber
1648 2117 1794 2145 latronem
1817 2115 1976 2153 siguificat,
1999 2125 2086 2153 quam
2103 2116 2196 2147 Isau·>

242 2165 292 2183 rus
309 2155 449 2194 piratam;
473 2155 579 2184 Ambro
602 2158 775 2188 dissolutum
794 2171 828 2189 ac
844 2171 1000 2198 voracem;
1023 2160 1136 2199 Opicus
1160 2160 1328 2188 obscenum.
1363 2159 1421 2188 Sed
1445 2160 1513 2198 quia
1534 2160 1609 2188 tales
1633 2159 1756 2187 fuerunt
1778 2168 1827 2186 eae
1849 2158 1998 2189 nationes.
2022 2157 2059 2186 de
2082 2167 2179 2186 earum

245 2197 362 2226 nomine
385 2206 541 2231 vocatum,
566 2200 615 2235 qui
635 2201 706 2228 tales
729 2208 804 2231 sunt.
829 2202 928 2235 Scal,
968 2203 1144 2231 Germaniae
1167 2203 1416 2241 Septentrionales
1439 2203 1563 2242 populi,
1589 2202 1639 2240 qui
1660 2211 1726 2229 cum
1748 2200 1808 2229 huc
1831 2205 1859 2228 et
1879 2201 1952 2229 illuc
1976 2198 2180 2238 praedabundi

245 2244 437 2278 vagarentur,
461 2238 528 2266 inde
551 2239 660 2268 sactum
683 2248 740 2279 est,
764 2251 797 2273 ut
820 2246 994 2274 Germanica
1017 2250 1044 2274 et
1068 2245 1185 2274 Gallica
1208 2245 1309 2283 lingua
1332 2245 1462 2274 latrones
1486 2245 1597 2274 Cimbri
1620 2243 1798 2273 dicerentur.
1820 2242 1875 2270 Da
1885 2254 1910 2271 c.
1949 2243 2044 2271 Isauri
2066 2242 2179 2281 piratae

245 2282 263 2310 Ι.
278 2285 329 2313 20.
351 2281 416 2310 cod.
441 2280 478 2309 de
500 2281 594 2309 feriis:
620 2282 780 2313 Anibrones
805 2287 942 2316 dissoluti
965 2293 994 2317 et
1013 2288 1109 2326 turpis
1130 2289 1208 2316 vitae
1230 2287 1382 2324 homines,
1405 2297 1495 2327 supra
1515 2286 1701 2317 Ambrones:
1724 2285 1812 2325 Opici
1836 2289 1864 2313 et
1887 2285 1957 2313 Osci
1978 2284 2110 2319 obsceni,
2131 2283 2177 2311 in-

248 2324 290 2352 fra
315 2323 453 2353 Oscum.
501 2321 604 2352 Goth.

411 2364 601 2404 Cingulos-
650 2364 707 2394 Ubi
729 2367 806 2405 cingi
827 2370 906 2401 solet.
941 2373 973 2399 In
996 2372 1055 2401 MS.
1076 2373 1181 2401 melius
1202 2372 1253 2400 uhi
1275 2373 1354 2411 cingi
1374 2371 1475 2401 solent.
1516 2370 1604 2400 Dac.

411 2405 590 2436 Cillibae.
634 2408 750 2436 Dicitur
772 2414 799 2437 et
823 2410 1001 2442 cilibantum.
1034 2414 1128 2442 Varro
1152 2415 1201 2444 lib.
1215 2415 1265 2443 IV.
1287 2415 1345 2452 (De
1364 2416 1396 2443 L.
1412 2415 1443 2443 L.
1469 2414 1511 2450 V,
1533 2423 1600 2451 pag.
1614 2415 1683 2445 126.
1706 2413 1785 2451 Sp.):
1807 2410 1916 2440 Mensa
1938 2405 2063 2439 rotunda
2084 2408 2177 2437 nomi-
