2263 2668
516 130 580 163 DE
606 126 995 164 SlGNIFICATIONE
1031 128 1315 164 VERBORUM.
1368 131 1514 165 LIBER
1538 130 1630 165 XIV.
1974 137 2050 172 {303

92 232 164 252 nere
186 222 367 260 intelligeret
389 221 474 261 (Aen.
490 222 533 259 ΙΙ,
557 221 650 259 632).
683 222 773 258 Quod
790 222 974 250 Graecorum
998 221 1162 251 imitatione
1183 223 1274 260 fecit,
1300 224 1381 263 apud
1405 234 1481 263 quos
1502 222 1522 255 ό
1542 222 1618 260 θεὸς
1638 224 1689 255 καὶ
1711 221 1732 264 ἦ
1752 223 1844 263 θεός,
1867 227 1926 257 imo
1949 230 2050 269 potius

94 266 231 302 Homeri,
255 266 306 304 qui
329 265 365 294 de
387 265 497 293 Helena
521 266 562 293 ita
585 265 690 294 scribit
710 264 754 295 Ἰλ.
774 262 809 305 γ’.
834 263 874 303 (v.
889 262 987 303 421.);

631 319 678 354 Βῆ
696 316 728 347 δὲ
750 315 952 354 κατασχομένη
974 315 1053 356 ἑανῷ
1075 312 1180 356 ἀργῆτι
1192 319 1320 358 ιφαεινῷ

631 362 717 401 Σιγῂ.
749 356 847 394 πάσας
869 357 900 388 ὸὲ
927 359 1029 397 Τρῶας
1051 356 1153 389 λάθεν.
1183 360 1253 399 ἦρχε
1276 360 1307 391 δὲ
1331 360 1456 398 δαίμων.

94 410 221 448 Δαίμων
244 410 302 439 hoc
325 414 369 438 est
390 407 411 448 ’ἡ
430 407 603 450 Ἀφροδίτη.
640 410 754 438 Vellem
784 409 858 439 haec
886 409 985 449 potius
1016 410 1231 440 considerasset
1253 411 1428 440 Macrobius.
1467 410 1532 439 Hoc
1562 411 1640 438 enim
1665 411 1807 450 Virgilius
1829 413 1881 443 illo
1904 415 1971 444 loco
1994 422 2050 445 ex-

94 453 211 491 pressit.
256 453 379 482 Calvus:

630 493 848 535 Polleniemque
870 493 963 522 Deum
990 492 1138 523 Venerem.

93 545 254 585 Participia
276 546 340 575 istis
364 549 545 576 annumerat.
578 545 651 573 Nam
675 556 779 573 amans
802 545 966 575 ἐπίκοινον.
1002 545 1061 573 Sed
1084 546 1189 575 melius
1215 547 1414 583 Graecorum,
1440 557 1527 585 quam
1551 546 1574 575 si
1598 546 1769 575 Latinorum
1793 549 1928 587 exempla
1952 549 2049 579 addu-

92 589 198 617 xisset.
243 589 317 617 Nam
342 589 464 624 Graeci.¹
496 589 631 627 quamvis
656 587 794 616 distincta
819 587 1050 626 participiorum
1074 598 1180 625 genera
1204 601 1259 629 per
1282 601 1369 618 voces
1391 589 1535 625 habeant,
1565 594 1663 617 tamen
1688 594 1717 618 et
1739 591 1936 620 masculinum
1960 593 2050 621 attri-

91 630 190 659 buunt
218 631 379 667 feminino,
414 637 447 660 ut
469 630 633 670 Sophocles
658 641 716 659 non
743 632 832 659 semel
854 632 884 659 in
908 631 1033 659 Electra.
1079 631 1167 666 Quod
1192 633 1292 661 Festus
1318 633 1447 671 quaerit,
1485 632 1643 661 Poenicum
1666 631 1778 660 bellum
1802 643 1861 661 non
1886 634 1963 672 dici,
1997 633 2049 664 sed

93 673 256 709 Punicum,
290 674 442 703 sciendum
467 678 511 702 est
534 679 560 702 et
582 678 699 701 veteres
723 674 891 701 Poenicium
916 673 1026 701 dixisse
1049 673 1081 701 in
1103 676 1252 704 vetustiss.
1276 677 1354 711 lege,
1388 686 1461 712 quac
1485 676 1621 713 proxime
1644 679 1778 712 tempora
1802 675 1912 704 Punica
1937 677 2050 716 scripta

92 716 164 745 suit:
187 715 409 746 POPULEIS.
435 715 648 745 LIBEREJS.
676 715 788 753 QUEI.
814 715 868 744 IN.
891 714 1068 744 AFRICA.
1094 716 1218 746 SUNT.
1245 717 1355 755 QUEJ.
1380 716 1549 747 EORUM.
1576 717 1632 747 IN.
1656 715 1950 748 AluEICITIAM.
1974 718 2051 749 Po.

92 756 232 787 PULEI.
255 757 476 789 ROMANEI.
498 758 654 787 BELLO.
680 757 895 788 POENICIO.
918 757 1156 789 PROXUMO.
1180 759 1469 790 MANSERUNT.
1494 759 1581 788 Dac.
1622 760 1718 789 Poeni.
1754 761 1886 789 Poenini.
1919 759 2024 792 Goth.

256 810 493 841 Por-tamnus,
541 811 601 847 Qui
623 809 760 848 portibus
785 815 930 848 praeerat.
976 810 1128 839 Melicerta
1151 811 1207 839 suit
1232 810 1411 839 Athamantii
1431 810 1526 846 filius,
1564 812 1628 849 qui,
1663 816 1697 839 ut
1719 815 1832 850 patrem
1858 812 1986 850 sugeret,
2019 823 2049 843 se

90 851 300 891 praecipitavit
323 853 353 881 in
375 864 456 882 mare
480 859 509 882 et
529 853 683 882 voluntate
715 853 868 881 numinum
892 854 922 881 in
948 853 1040 881 Deum
1072 864 1233 882 conversus
1259 854 1367 882 Latinis
1393 855 1584 885 Portumnus.
1623 854 1743 882 Graecis
1766 854 1924 883 Palaemon
1951 856 2048 887 dictus

92 899 145 924 est.
182 893 258 924 Fuse
281 894 369 926 ovid.
384 896 434 925 IV.
459 898 501 933 (v.
516 898 600 932 521.)
624 895 854 935 Metamorphos.
892 895 966 924 Vide
992 894 1140 926 Claudere.
1172 897 1262 925 Duc.
1301 897 1376 925 Vide
1400 897 1528 926 Glossas.
1563 894 1668 925 Goth.
1710 896 1885 926 Portumnus
1908 908 1946 926 un
1967 898 2049 934 Pare,

91 943 178 965 iunus
200 938 391 967 scribendum
414 939 507 968 otiosa
532 939 587 968 erit
610 938 759 977 quaestio,
789 948 880 976 quum
904 944 1063 977 utrumque
1085 939 1113 967 in
1138 949 1194 967 usu
1216 940 1305 967 fuisse
1329 938 1468 967 credibile
1491 939 1537 967 sit.
1577 938 1735 976 Portunus,
1760 940 1867 969 omissa
1890 952 1935 977 m,
1959 941 2048 972 etiam

92 978 226 1008 Glossae.

257 1032 403 1062 Poenas
429 1031 598 1071 pendere.
641 1032 718 1060 Vide
741 1031 969 1071 Dispensatores.
997 1032 1087 1064 Ant.
1111 1031 1207 1071 Aug.
1244 1053 1416 1062 ......
1442 1042 1482 1063 oe.
1522 1031 1648 1061 Pendere
1672 1043 1782 1072 poenas
1811 1032 1846 1062 cle
1873 1043 1904 1062 eo
1931 1035 2049 1072 proprie

91 1070 244 1110 dicebant,
283 1076 334 1115 qui
361 1075 398 1104 ob
429 1074 564 1104 delicium
593 1076 746 1114 pecuniam
776 1073 879 1112 solvit,
915 1076 985 1116 quia
1014 1086 1103 1114 penso
1133 1086 1197 1103 aere
1220 1074 1291 1103 olim
1315 1074 1475 1104 utebantur.
1520 1076 1557 1104 Et
1579 1076 1621 1103 ita
1643 1081 1746 1114 postea
1770 1075 1877 1106 Sched.
1901 1076 2048 1107 Glossar.=

91 1114 192 1145 Pendo
212 1128 338 1156 poenas,
363 1119 447 1153 δίκας
470 1115 591 1148 τιννύω.
614 1117 701 1146 Dac.
736 1117 847 1147 Gloss.:
877 1120 975 1148 Τίνειν
997 1119 1149 1156 τιμωρίας.
1197 1116 1301 1146 Goth.

256 1167 481 1198 Pullariam.
526 1168 608 1196 Haec
630 1173 701 1196 sunt
724 1168 817 1196 Pauli.
861 1169 956 1197 Verba
980 1169 1058 1197 Festi
1080 1170 1122 1197 ita
1144 1169 1173 1196 in
1197 1167 1331 1196 schedis:
1366 1167 1531 1196 Pullariam
1560 1178 1678 1196 manum
1702 1166 1839 1196 clear-iram
1863 1167 1977 1198 dixisse
1997 1169 2048 1198 vi-

90 1206 174 1237 detur
189 1208 313 1239 Plautus
334 1212 365 1239 in
388 1233 395 1239 .
421 1233 428 1239 .
451 1232 458 1239 .
483 1232 490 1240 .
514 1210 674 1239 Pullariam
697 1220 816 1239 manum
840 1211 975 1240 dextram
995 1212 1115 1240 Plautus
1139 1211 1215 1240 dixit
1237 1222 1251 1238 a
1276 1211 1435 1250 palpandis
1460 1211 1667 1248 tentandisque
1690 1211 1795 1248 pullis,
1819 1211 1849 1239 id
1873 1216 1916 1239 est
1938 1212 2047 1250 pneriS,

90 1252 186 1288 qualis
215 1257 279 1281 erat
307 1254 504 1292 paediconum
529 1257 738 1291 protervorum
763 1263 881 1289 manus,
923 1254 973 1293 qui
996 1255 1154 1293 pullariam
1178 1256 1277 1282 facere
1301 1254 1484 1284 dicebantur.
1528 1253 1658 1283 Turneb.
1682 1254 1731 1282 lib.
1744 1253 1793 1283 HI.
1818 1257 1925 1294 cap.2.
1958 1253 2046 1284 Dac-

90 1293 186 1323 Locus
208 1295 305 1323 Plauti
328 1297 359 1324 in
383 1296 593 1335 superstitibus
618 1296 727 1323 fabulis
752 1307 811 1324 non
835 1302 888 1327 est.

253 1345 472 1376 Procedere.
517 1347 550 1375 ln
573 1346 631 1375 fine
651 1346 824 1384 legendum,
850 1352 882 1376 ut
904 1348 935 1375 in
959 1348 1087 1386 epitome
1107 1356 1199 1387 porro
1222 1346 1336 1383 cedere,
1361 1346 1391 1375 id
1415 1351 1459 1376 est
1483 1347 1632 1386 progredi.
1676 1346 1766 1376 Dac-

253 1397 456 1427 Periusum.
501 1396 532 1425 ln
557 1397 627 1426 edit.
650 1398 733 1426 Rom.
759 1407 815 1436 pro
839 1406 963 1427 venirem
990 1399 1099 1435 legitur
1121 1410 1266 1427 venenum.
1299 1398 1382 1426 Male.
1417 1398 1595 1436 Suspicabar
1618 1398 1789 1436 legendum:
1815 1397 1965 1426 pertusum
1988 1394 2048 1427 ἆο-

87 1436 159 1466 lium
184 1449 249 1467 cum
274 1438 399 1477 dicitur,
429 1447 554 1468 ventrem
579 1438 691 1468 Zenonis
713 1441 872 1479 significat.
912 1440 982 1469 Vel:
1012 1439 1141 1470 lenonem
1166 1442 1322 1480 significat.
1359 1441 1432 1469 Nam
1458 1441 1548 1469 dubio
1571 1441 1678 1480 procul
1701 1439 1809 1469 alludit
1830 1440 1928 1469 locum
1952 1436 2048 1469 Plauti

89 1481 224 1510 Pseudol.
242 1482 273 1518 1,
297 1484 332 1518 3,
358 1482 473 1521 (134),
507 1482 557 1510 ubi
583 1493 673 1520 quum
697 1483 862 1511 Pseudolus
886 1489 915 1512 et
938 1484 1106 1512 Callidorus
1128 1485 1264 1513 lenonem
1286 1483 1404 1522 probris
1429 1489 1616 1520 onerassent,
1655 1493 1751 1522 neque
1775 1483 1808 1511 iis
1831 1483 1894 1522 ipse
1917 1494 2049 1512 commo-

87 1528 224 1561 veretur,
248 1525 299 1553 sed
324 1535 356 1553 ea
380 1525 466 1553 etiam
490 1525 564 1553 laete
590 1526 700 1559 ferret,
724 1525 890 1554 Pseudolus
913 1526 968 1554 ait:

584 1574 619 1604 In
639 1583 787 1614 pertusum
811 1576 970 1615 ingerimus
993 1575 1076 1606 dicta
1101 1574 1235 1616 dolium5
1261 1587 1379 1615 operam
1403 1575 1541 1606 ludimus.

87 1624 177 1655 Dac.
211 1623 282 1654 Cum
306 1633 441 1655 venirem.
473 1627 546 1655 Cum
571 1626 690 1655 dicitur.
738 1624 842 1655 Goth.

253 1675 364 1704 Pertu
388 1700 395 1706 .
419 1701 425 1707 .
449 1700 456 1706 .
480 1701 486 1707 .
512 1675 572 1716 (Ad
597 1688 624 1715 p.
640 1675 725 1717 210.)
749 1677 840 1705 Notas
863 1677 894 1705 L.
918 1677 939 1707 I.
963 1676 1053 1706 habes
1077 1677 1106 1704 in
1129 1675 1246 1706 Manes.
1282 1677 1362 1712 Quid
1386 1677 1424 1705 sit
1448 1682 1619 1715 quaeratur.
1644 1676 1746 1707 Scal.
1780 1699 1909 1706 .....
1928 1688 1980 1717 pes
2002 1676 2048 1706 ἅί·

86 1717 163 1746 citur·
185 1739 192 1745 .
217 1739 222 1745 .
248 1739 254 1745 .
279 1739 285 1746 .
308 1717 433 1748 Sched:
457 1719 510 1747 Pes
533 1718 643 1748 dicitur
666 1741 672 1748 .
696 1742 702 1748 .
727 1741 732 1746 .
759 1742 764 1747 .
786 1718 859 1758 pede
882 1720 939 1747 ruit
963 1742 968 1748 .
994 1742 1000 1748 .
1024 1742 1031 1748 .
1055 1741 1062 1747 .
1092 1719 1205 1747 Ennius
1230 1719 1280 1748 lib.
1294 1720 1314 1748 1.
1334 1720 1491 1748 Annalium
1516 1741 1710 1749 .......
1734 1720 1833 1748 forsan
1858 1721 1976 1749 notabat
1998 1719 2048 1748 hic

86 1759 189 1788 Festus
211 1760 319 1798 pedem
343 1761 380 1789 de
401 1761 496 1790 fluvio
520 1762 596 1797 dici,
626 1767 660 1790 ut
684 1762 765 1800 apud
789 1762 946 1791 Horatium
970 1761 1079 1801 (Epod.
1100 1763 1152 1798 16,
1176 1762 1259 1801 48.):

623 1812 735 1842 Mollis
757 1819 896 1852 crepame
915 1811 1035 1853 lympha
1059 1811 1155 1841 desilit
1176 1811 1256 1852 pede.

86 1851 122 1881 Et
144 1852 262 1882 Luci-et.
284 1853 336 1884 lib.
350 1852 384 1884 V.
409 1855 451 1891 (v.
465 1856 565 1892 273.)÷

625 1895 691 1936 Qua
713 1898 760 1926 via
784 1906 864 1927 secta
887 1896 988 1934 semel,
1018 1896 1133 1937 liquido
1153 1893 1226 1937 pede
1249 1895 1354 1925 detulit
1377 1896 1482 1926 undas.

85 1935 173 1967 Duc.

251 1978 387 2009 Pollii.
431 1981 507 2011 Vide
530 1980 704 2013 Polimenia.

251 2029 606 2062 Pelliculaiionem.
650 2032 727 2062 Vide
749 2031 835 2062 Fulv.
860 2031 925 2061 Urs.
947 2036 1048 2060 notam
1071 2032 1108 2061 ad
1129 2032 1234 2061 Sclied.
1259 2042 1326 2072 pag.
1339 2034 1411 2064 210.
1457 2031 1553 2061 Locus
1572 2029 1648 2061 vetii
1670 2029 1777 2070 Longi,
1810 2031 1862 2069 qui
1885 2031 1965 2071 apud
1987 2031 2044 2060 Ur-

85 2073 182 2102 sinum
207 2073 316 2103 citatur
340 2073 419 2114 (pag.
433 2077 528 2108 2227.
553 2076 612 2115 R),
637 2076 681 2104 sic
704 2080 748 2104 est
770 2075 927 2114 legendus:
952 2074 1016 2104 Nec
1038 2073 1125 2103 aliter
1147 2073 1285 2105 Lucilius
1307 2076 1337 2104 in
1357 2076 1572 2115 praepositione
1590 2083 1676 2116 per:

660 2124 857 2163 Pelliciendo‚
881 2123 962 2167 quod
985 2133 1025 2154 est
1048 2124 1231 2163 inducendo,
1252 2126 1383 2165 geminat
1403 2125 1451 2166 L,·

661 2167 802 2198 Pellicere
823 2176 849 2198 et
872 2166 1002 2205 malunt,
1028 2179 1116 2209 quam
1139 2167 1287 2209 perlicere.

248 2219 513 2249 Praemiosam.
557 2217 758 2248 Praemiosum
776 2230 830 2258 pro
845 2220 1003 2259 pecunioso
1022 2224 1137 2250 veteres
1155 2219 1310 2256 dicebant,
1335 2219 1405 2258 quia
1428 2217 1585 2247 commoda
1608 2217 1705 2247 eulatia
1729 2222 1760 2247 et
1781 2216 1926 2247 utilitates
1940 2221 2038 2243 omnen

80 2261 214 2299 prumia
236 2262 461 2301 nuncupabant.
506 2262 700 2290 Praemiosam
730 2263 821 2300 igitur
847 2262 1061 2301 impudentiam
1087 2263 1197 2293 dixerit
1219 2264 1309 2299 cato,
1347 2262 1432 2301 quasi
1454 2270 1508 2290 noe
1531 2260 1698 2290 diceremus
1719 2272 1774 2290 une
1794 2257 1964 2299 impudens-e
1984 2254 2037 2284 lu—

82 2304 205 2340 crative,
228 2316 283 2333 une
304 2303 475 2344 impudence
498 2303 561 2333 bien
585 2303 790 2344 recompenses&
824 2305 881 2334 Sed
899 2310 972 2344 puto
989 2304 1126 2342 festum,
1150 2305 1232 2345 quod
1255 2315 1327 2344 pace
1350 2306 1414 2334 eius
1437 2304 1552 2333 dictum
1574 2303 1632 2341 sit,
1651 2304 1749 2333 minus
1773 2301 1938 2342 percepisse
1955 2308 2036 2326 meu-

82 2350 142 2375 tem
166 2347 302 2382 Catonis,
322 2349 372 2387 qui
396 2348 475 2376 dixit
498 2348 692 2386 praemiosam
715 2347 930 2387 impudentiam
953 2358 1008 2388 pro
1030 2349 1255 2387 praemiatoria,
1283 2347 1317 2377 id
1339 2353 1383 2377 eet
1402 2356 1506 2386 magna
1528 2351 1558 2376 et
1578 2347 1696 2385 qualem
1719 2345 1927 2385 praemineres
1950 2348 2035 2379 prae-

83 2389 159 2418 ferre
182 2390 289 2419 solent.
333 2391 410 2420 Sunt
433 2391 510 2419 enim
534 2391 746 2430 praemiator-ea
767 2392 909 2421 nocturni
931 2392 1105 2430 praedones.
1148 2392 1262 2421 Novius
1285 2391 1316 2421 in
1338 2388 1596 2430 Agaeypnantibus:
1621 2389 1701 2419 Num
1723 2390 1752 2418 in
1776 2392 1882 2416 scaena
1903 2393 1958 2412 nov
1979 2393 2034 2412 7¹⁰-

1432 2441 1626 2488 Gggg*
