2263 2668
219 183 295 218 614
645 169 995 205 COMMENTARII
1019 170 1068 203 IN
1093 167 1239 202 PAULI
1263 167 1462 203 DIACONI
1487 169 1745 205 EXCERPTA

222 274 335 316 quere?
371 272 423 301 His
447 267 524 297 addo
549 274 586 294 ex
609 263 708 291 Laelio
731 262 829 291 Felice
851 261 932 301 apud
956 262 1031 291 Gell.
1053 261 1104 290 lib.
1116 261 1182 291 XV.
1205 272 1268 301 cap.
1281 263 1332 293 27.
1379 262 1552 292 Centuriata
1573 263 1693 292 comitia
1716 263 1795 293 intra
1817 263 1983 303 pomerium
2003 264 2069 293 fieri
2089 266 2170 295 nefas

223 329 287 348 esse
332 315 398 355 quia
421 309 582 341 exercitum
605 310 688 335 extra
711 305 815 334 urbem
837 305 979 344 imperari
1003 309 1157 344 oporteat,
1186 305 1265 334 intra
1288 304 1391 333 urbem
1415 304 1564 343 imperare
1586 307 1633 335 ius
1656 317 1718 335 non
1740 307 1795 335 sit:
1825 311 1985 346 propterea
2007 308 2172 337 centuriata

223 362 253 390 i„
274 342 380 396 cgmpo
403 351 508 383 Martio
530 349 643 379 haberi.
686 348 783 387 Atque
806 347 880 377 haec
903 347 938 376 de
961 349 1094 376 Romano
1117 348 1250 387 pomerio
1273 347 1352 386 quod
1375 347 1447 376 viris
1467 347 1564 378 doctis
1592 350 1663 378 satis
1698 349 1842 378 hactenus
1870 350 2055 387 ignoratum,
2094 351 2173 380 inter

223 412 297 441 quos
326 401 428 433 suere,
464 393 516 433 qui
544 392 685 422 audacter
714 391 914 428 affirmarent,
952 391 1105 429 antiquum
1128 391 1202 419 illud
1226 390 1390 429 pomerium
1411 395 1495 419 extra
1519 392 1623 420 urbem
1646 393 1745 421 fuisse.
1788 392 1865 428 Qui,
1899 393 1924 421 si
1944 392 1981 421 iis
2005 393 2173 431 Augurum,

222 442 380 478 Varronis,
418 436 549 467 Pollucis
572 440 602 465 et
624 433 779 463 Plutarchi
802 433 892 463 verba
915 445 931 461 a
954 443 999 461 me
1022 434 1159 472 superius
1181 434 1268 462 allata
1292 438 1320 462 et
1342 433 1492 471 explicata
1520 435 1617 463 minus
1646 439 1806 475 perspecta
1832 439 1919 472 sunt,
1956 434 2064 464 vellem
2086 435 2173 475 equi.

222 488 288 516 dem
308 483 356 513 vel
380 481 474 511 solam
499 480 559 508 vim
582 477 664 507 vocis
687 476 812 516 pomerii
835 476 939 505 sedulo
962 476 1205 515 perpendissent,
1244 481 1333 514 atque
1356 476 1397 504 ita
1421 486 1500 505 nunc
1524 478 1548 505 si
1571 488 1637 506 cum
1663 479 1745 507 Livio
1768 478 1922 515 adessent,
1954 478 2173 517 responderent

221 530 258 559 de
281 526 418 556 exercitu
441 522 596 552 obsidione
617 520 722 548 urbem
744 520 895 557 cingente,
931 519 1077 556 numquid
1098 519 1149 548 ille
1170 524 1240 558 post
1262 528 1380 547 murum
1404 519 1506 548 sedere
1527 521 1688 550 videretur.
1734 521 1822 549 Certo
1851 531 1905 549 suo
1931 520 2018 549 aliter
2039 530 2172 560 pronun-

218 572 328 601 tiarent
350 579 384 598 ac
407 567 443 596 ab
465 566 503 594 iis
527 565 638 593 sactum
662 567 715 593 est.
759 563 861 600 Neque
884 562 959 590 enim
982 562 1116 600 spacium
1138 562 1228 599 illud,
1267 561 1348 600 quod
1371 566 1438 590 ante
1461 573 1561 592 muros
1585 564 1657 600 suit,
1691 564 1782 602 tnagis
1802 564 1963 603 pomerium
1987 563 2046 592 dici
2068 563 2172 602 possit,

220 624 310 653 quam
333 610 483 641 exercitus
511 612 582 647 post
609 616 710 634 muros
738 605 858 640 sedere,
894 605 945 643 qui
969 609 1035 632 ante
1058 605 1173 633 moenia
1196 609 1293 633 castra
1317 609 1443 633 metatus
1467 610 1518 634 est.
1546 606 1637 636 Dae.
1683 605 1899 636 Prosemurium
1922 610 1952 635 et
1973 605 2172 642 Pronum-ium,

219 662 256 686 ut
274 651 443 697 persefacul
463 651 542 680 idem
566 649 648 688 quod
668 646 813 688 perfacul.
837 646 941 676 Gotlz.
987 647 1031 675 Cs.
1054 658 1146 686 supra
1168 648 1199 676 in
1221 658 1248 677 v.
1272 646 1452 686 Persefacul.

385 694 611 733 Promptum.
644 691 704 730 (Ad
726 690 851 730 9215.)
881 690 1053 728 Promptum
1077 690 1221 728 significat
1245 694 1391 729 paratum.
1430 690 1543 719 Deinde
1566 691 1662 720 utitur
1682 691 1853 720 testimonio
1875 690 1986 720 veteris
2007 690 2173 729 scriptoris,

220 742 271 780 qui
292 738 418 769 dixerit:
450 736 486 765 de
509 736 596 764 cuius
618 744 685 763 aere
707 738 771 762 tute
793 737 964 772 promptum
989 733 1122 762 triticum
1143 733 1173 762 in
1194 734 1408 761 commentario
1432 738 1484 762 tuo
1505 734 1644 763 retulisti.
1687 734 1815 770 Quidam
1840 733 1988 773 prolatum
2010 733 2175 771 significare

220 785 303 813 aiunt
324 784 509 820 promptum.
554 777 612 806 Sed
636 781 806 816 promptum
831 778 870 804 ait
892 775 938 811 id,
974 774 1054 815 quod
1076 776 1106 805 in
1118 775 1257 816 futurum
1271 774 1397 816 factum
1419 777 1473 813 sit,
1506 777 1576 807 cui.
1591 799 1598 806 .
1612 788 1656 814 re,
1689 788 1754 806 cum
1776 776 1946 816 praesertim
1969 774 2053 805 aliud
2073 786 2174 815 penus,

220 823 304 855 aliud
317 822 552 863 promptuarium
566 821 670 860 panis,
694 818 766 855 olei,
788 819 849 847 vini
864 816 1035 857 appelletur.
1065 818 1098 846 In
1121 819 1197 847 hanc
1220 819 1394 846 sententiam
1409 818 1529 847 Festum
1552 820 1705 858 scripsisse
1728 825 1877 859 putamus.
1908 819 1982 848 Nam
2005 822 2174 847 monstrum

218 867 301 897 verbi
318 871 394 901 erat,
416 862 597 904 pantoleium
621 872 677 902 pro
698 863 801 901 panis,
825 860 899 896 olei,
921 861 992 889 υἰηί.
1024 861 1103 889 Haec
1117 859 1263 900 Scalig.
1279 865 1348 899 post
1366 871 1393 891 v.
1409 860 1511 890 Putas.
1542 863 1656 891 Revera
1670 869 1836 902 promptum
1852 866 1897 890 est
1914 872 1930 890 a
1947 871 2068 902 promo,
2092 859 2175 899 quod

219 922 235 940 a
255 920 311 950 pro
334 913 362 937 et
384 918 462 943 emo,
486 916 588 943 sumo,
612 905 707 944 capio.
740 905 776 932 Et
792 913 929 943 promere
947 908 1003 940 est,
1029 900 1109 942 quod
1132 904 1280 932 inclusum
1303 908 1365 932 erat
1388 908 1415 932 et
1438 904 1639 941 reconditum,
1664 906 1810 943 proferre.
1841 903 1913 932 Inde
1928 903 2174 944 promptuarium,

219 952 300 992 quod
323 956 352 980 et
374 949 557 989 promtuaria
580 948 674 983 cella,
712 946 765 975 ubi
787 957 833 975 res
857 946 895 974 ad
918 945 1029 975 victum
1054 946 1260 985 quotidianum
1285 946 1465 975 necessariae
1489 947 1709 983 reconduntur,
1747 952 1780 976 ut
1801 947 1870 976 inde
1893 957 1963 975 mox
1986 950 2173 985 promantur.

218 997 255 1025 Et
277 996 317 1023 ita
340 993 439 1022 differt
461 1003 477 1020 a
501 1001 596 1031 penu,
631 989 684 1019 ubi
712 1000 760 1019 res
787 989 907 1028 penitus
935 993 963 1017 et
991 990 1076 1027 quasi
1099 989 1128 1017 in
1152 989 1352 1028 penetralibus
1377 990 1545 1019 custoditae
1569 995 1735 1020 servantur.
1779 990 1845 1018 Non
1868 989 1938 1018 satis
1960 988 2063 1028 capi0,
2101 987 2175 1027 quid

218 1039 324 1068 Festus
347 1036 435 1072 velit,
461 1045 528 1063 cum
552 1035 593 1062 ait
612 1040 780 1073 promptum
804 1030 836 1060 id
859 1030 920 1060 dici
938 1032 1072 1071 proprie,
1102 1032 1141 1060 ita
1166 1033 1243 1060 enim
1267 1031 1440 1069 legendum,
1470 1043 1529 1061 non
1551 1034 1718 1072 proprium,
1749 1031 1829 1073 quod
1851 1033 1882 1061 in
1901 1031 2036 1072 futurum
2057 1029 2175 1070 fuctum

218 1081 266 1112 sit,
309 1080 345 1108 Et
367 1089 426 1107 non
449 1087 569 1117 possum
593 1076 666 1114 quin
687 1075 821 1113 suspicer
844 1074 928 1102 aliter
949 1074 1066 1102 Festum
1089 1075 1258 1114 scripsisse,
1291 1084 1413 1113 nempe:
1447 1074 1527 1115 quod
1549 1077 1580 1104 in
1602 1087 1722 1104 usuram
1745 1082 1872 1104 tractum
1894 1075 1949 1111 sit,
1982 1079 2015 1102 ut
2038 1074 2120 1102 dicat
2141 1072 2175 1102 id

219 1122 344 1163 proprie
366 1125 517 1160 promtum
539 1119 671 1155 dictum,
703 1117 782 1156 quod
805 1117 844 1146 ita
869 1117 1079 1156 depromptum
1103 1122 1161 1153 est,
1190 1122 1224 1145 ut
1246 1127 1279 1145 eo
1302 1127 1373 1145 mox
1396 1122 1529 1149 utantur.
1568 1118 1623 1146 Cui
1647 1123 1751 1146 contra
1774 1118 1939 1156 opponitur
1958 1127 2063 1155 penus,
2093 1115 2176 1154 quod

220 1166 331 1195 diutius
354 1169 499 1194 servetur.
544 1162 579 1190 Et
599 1172 690 1201 penus
712 1161 815 1196 etiam,
845 1160 878 1188 id
901 1165 942 1188 est
965 1161 1138 1199 penarium,
1165 1161 1286 1198 penaria
1309 1160 1384 1188 cella
1408 1162 1449 1201 τῷ
1470 1161 1711 1200 promptuarium
1735 1161 1920 1189 contrarium
1942 1164 2003 1196 est,
2027 1163 2060 1187 ut
2083 1168 2176 1198 supra

219 1209 464 1238 demonstratum.
509 1205 543 1233 In
565 1204 622 1232 fine
641 1202 839 1243 pantoleium,
876 1202 955 1241 quod
979 1203 1238 1242 corruptissimum
1263 1207 1321 1237 est,
1351 1203 1483 1241 Scaliger
1505 1204 1671 1232 emendavit
1691 1204 1795 1243 panis,
1827 1201 1899 1239 olei,
1929 1202 2000 1231 vini.
2045 1201 2174 1241 Optime,

219 1256 254 1281 ut
275 1256 303 1281 et
327 1249 451 1279 Fulvius
473 1247 607 1276 Ursinus.
653 1246 740 1274 Duc.

385 1291 547 1321 Potitus.
571 1288 633 1329 (Ad
657 1299 683 1327 p.
698 1286 784 1328 215.)
807 1287 1017 1326 Interpretatio
1041 1297 1104 1316 esse
1128 1287 1249 1316 videtur
1271 1287 1379 1316 horum
1402 1288 1562 1316 verborum
1583 1288 1695 1328 potitus
1717 1288 1864 1323 servitute,
1887 1291 1923 1315 ut
1945 1285 2092 1324 significet
2114 1297 2176 1316 ser-

218 1336 293 1365 vire.
337 1335 410 1364 Item
430 1335 541 1374 potitus
564 1332 689 1360 hostium
713 1330 795 1370 apud
817 1331 955 1358 Plautum
979 1336 1008 1359 et
1030 1331 1256 1358 iurisconsultos
1284 1332 1436 1368 captivum
1460 1331 1616 1369 significat.
1656 1331 1751 1359 Plaut.
1773 1330 1803 1358 in
1828 1331 1911 1368 Capt.
1934 1334 1963 1358 et
1987 1329 2017 1358 in
2040 1329 2174 1368 Epidion.

219 1380 379 1408 Iuriscons.
402 1378 456 1405 sub
479 1375 568 1404 titulo
592 1375 629 1403 de
653 1375 782 1413 captivis
805 1377 834 1401 et
856 1373 891 1401 de
915 1378 1090 1401 testamento
1114 1373 1227 1401 militis.
1255 1372 1344 1401 Ant.
1367 1373 1462 1412 Aug.
1508 1374 1690 1402 Graecorum
1718 1373 1885 1401 imitatione
1911 1372 1944 1401 id
1966 1372 2079 1401 dictum
2101 1372 2174 1408 vult,

220 1422 272 1461 qui
295 1421 400 1450 dicunt
423 1420 562 1458 ἐπαυρεῖν
584 1419 691 1448 κακοῦ.
728 1415 886 1445 Hesiodus.
910 1414 1012 1445 Scal.
1056 1416 1153 1444 Plaut.
1176 1414 1283 1454 Amph.
1308 1415 1349 1454 (l,
1376 1419 1408 1452 1,
1431 1414 1510 1454 23.):
2000 1417 2004 1421 ¹

798 1474 841 1480 —
884 1474 925 1479 —-
969 1470 1032 1487 eum
1055 1469 1133 1487 nunc
1152 1458 1259 1498 polivit
1279 1465 1365 1497 pater

758 1500 922 1531 Servitutis.

219 1547 334 1578 Potitus
356 1546 483 1576 hostium
505 1545 584 1574 idem
608 1545 691 1584 Capt.
714 1543 755 1583 (I,
781 1547 813 1579 1,
838 1543 917 1582 24.):

757 1586 836 1614 Nam
858 1593 1015 1625 postquam
1038 1595 1118 1613 meus
1141 1596 1196 1614 rex
1217 1592 1258 1614 est
1277 1585 1390 1624 potitus
1412 1584 1547 1614 hostium.

220 1634 293 1662 Item
316 1633 406 1669 (35.)2

757 1668 836 1710 Ergo
857 1677 1014 1710 postquam
1035 1676 1145 1708 gnatus
1167 1677 1233 1698 tuus
1253 1671 1365 1709 potitus
1387 1676 1427 1698 est
1449 1669 1586 1698 hostium.

224 1717 269 1745 Sic
288 1717 400 1757 potitus
421 1722 463 1743 est
485 1713 610 1742 hostium
630 1712 710 1741 idem
734 1723 793 1741 non
817 1713 915 1740 semel.
945 1712 1048 1750 Neque
1070 1712 1101 1740 id
1124 1712 1248 1748 mirum,
1268 1713 1360 1752 potiri
1383 1712 1459 1741 enim
1484 1711 1580 1740 media
1602 1720 1669 1739 vox
1688 1715 1744 1747 est,
1769 1715 1798 1739 et
1820 1715 1879 1739 tam
1904 1709 1939 1739 de
1963 1709 2064 1747 malis,
2088 1719 2176 1748 quam

225 1758 260 1787 de
281 1759 366 1787 bonis
389 1762 568 1796 usurpatur,
592 1761 625 1785 ut
647 1767 762 1795 sperare
785 1760 840 1784 etc.
865 1755 955 1783 Dac.
987 1755 1061 1783 Vide
1084 1755 1102 1783 l.
1118 1757 1166 1786 15.
1183 1755 1212 1785 ff.
1231 1755 1267 1783 de
1289 1755 1426 1794 captivis.
1454 1753 1561 1786 Goth.
1594 1754 1690 1782 Locus
1708 1753 1805 1782 Plauti
1824 1754 1908 1791 Epid.
1931 1757 1975 1781 est
1994 1752 2044 1789 lv,
2070 1756 2101 1788 1,
2124 1754 2176 1784 35.

386 1799 516 1829 Penus.
561 1799 664 1827 Festus
688 1798 742 1826 ait:
772 1797 866 1826 Penus
888 1804 1011 1826 vocatur
1033 1796 1116 1826 locus
1138 1798 1257 1826 iniimus
1280 1803 1336 1826 etc.
1382 1797 1511 1826 Vestalia
1535 1801 1605 1825 sunt
1629 1796 1662 1825 V.
1684 1796 1729 1824 Id.
1752 1796 1816 1824 Iun.
1840 1806 1878 1824 ex
1900 1795 1992 1824 Fastis
2015 1800 2044 1824 et
2065 1795 2176 1824 Ovidio

228 1852 261 1870 ac
281 1842 423 1872 Varrone.
445 1842 532 1871 Ant.
553 1842 645 1881 Aug.
685 1842 854 1879 Corruptus
877 1840 970 1870 locus.
1008 1840 1098 1877 Lege:
1128 1839 1223 1868 Penus
1246 1848 1368 1869 vocatur
1388 1838 1471 1869 locus
1492 1840 1612 1868 intimus
1633 1840 1664 1867 in
1687 1837 1757 1867 aede
1782 1838 1889 1867 Vestae
1910 1836 2050 1878 tegetibias
2070 1845 2176 1877 septus.

229 1882 324 1914 Scal.
365 1885 484 1922 Proprie
511 1896 601 1923 penus
630 1885 786 1923 penarium
817 1889 846 1911 et
873 1893 928 1921 per
957 1882 1179 1911 similitudinem
1210 1883 1296 1911 locus
1324 1883 1448 1911 intimus
1476 1882 1507 1910 in
1531 1882 1604 1910 aede
1626 1881 1748 1917 Vestae,
1782 1891 1870 1920 quem
1893 1880 2038 1919 tegetibus
2058 1885 2176 1920 septum

229 1926 316 1954 fuisse
337 1926 433 1954 innuit
455 1925 543 1956 Ovid.
563 1927 615 1955 lib.
630 1927 679 1956 lV.
704 1927 765 1966 (vt.
789 1925 917 1963 v.262.)
942 1925 1026 1954 Fast:
1053 1924 1089 1953 Et
1109 1925 1206 1964 paries
1228 1924 1307 1954 lento
1328 1925 1435 1953 vimine
1457 1931 1557 1953 textus
1579 1931 1652 1953 erat.
1696 1923 1785 1953 Duc.

391 1967 582 2000 Pomonal,
606 1969 667 2009 (Ad
689 1980 716 2008 p.
731 1967 814 2007 215.)
839 1969 920 1996 Inter
934 1967 1048 1996 Ostiam
1071 1973 1101 1996 et
1123 1969 1244 1997 Romam
1265 1968 1420 1996 Solonium
1444 1967 1601 2007 praedium
1624 1967 1753 1995 collocat
1774 1963 1926 1995 Plutarch.
1947 1964 1978 1994 iu
1991 1964 2096 1996 Mario.
2127 1964 2178 1994 Li-

229 2008 297 2037 vius
319 2010 402 2037 etiam
425 2011 567 2041 lib.VllI.
594 2013 695 2047 (c.12.
720 2013 807 2049 init).
851 2011 939 2040 Dac.

392 2050 515 2081 Pubes.
557 2054 645 2092 Lege:
674 2053 770 2083 Pubes
791 2061 817 2082 et
838 2052 948 2088 Puber,
978 2053 1028 2092 qui
1047 2063 1184 2091 generare
1202 2059 1306 2092 potest.
1351 2052 1486 2081 Catullus
1508 2050 1540 2079 in
1564 2050 1749 2080 Galliambo:
1776 2048 1841 2089 Ego
1861 2048 1969 2090 puber,
1997 2061 2050 2090 ego
2071 2047 2177 2079 adole—

231 2103 325 2129 scens,
348 2103 398 2131 ego
421 2093 555 2132 ephebus,
578 2108 630 2135 ego
652 2095 832 2125 adulescens.
855 2094 956 2125 Scal.
988 2095 1062 2123 Vide
1085 2095 1180 2125 Instit.
1204 2096 1241 2123 de
1264 2095 1391 2134 Nuptiis.
1426 2094 1542 2133 Ulpiani
1564 2095 1638 2132 frag.
1661 2094 1707 2122 tit.
1723 2095 1771 2124 11.
1795 2094 1884 2130 §.28.

394 2133 642 2167 Prandicula.
667 2139 828 2167 Prandium
851 2143 879 2167 et
902 2137 1114 2178 prandiculum
1138 2147 1193 2176 pro
1208 2138 1368 2175 ientaculo,
1391 2141 1426 2166 ut
1442 2142 1471 2166 et
1488 2137 1558 2165 olim
1574 2136 1655 2175 apud
1672 2137 1804 2165 Graecos
1821 2136 1955 2166 δεῖπνον.
1977 2133 2053 2164 Vide
2069 2133 2176 2165 Coena.

234 2175 321 2206 Dae.
355 2176 483 2204 Glossis:
508 2177 752 2210 Prandicularius
773 2179 793 2218 ἦ
817 2179 889 2220 μετὰ
911 2181 1073 2220 μνηστείαν
1095 2177 1203 2220 ἡμέρα.
1250 2178 1358 2210 Goth.

393 2217 562 2257 Prodigu
572 2232 618 2249 ae.
664 2223 738 2252 Vide
759 2223 940 2263 Prodegeris.
985 2223 1040 2251 Da
1051 2234 1075 2252 c.

392 2259 572 2289 Petronia.
594 2265 721 2294 amnis.
766 2266 840 2295 Vide
866 2265 933 2295 Cati
952 2265 1040 2306 fons,
1068 2263 1205 2294 Manalis
1223 2263 1296 2305 fons
1318 2268 1347 2292 et
1366 2275 1506 2303 peremne.
1529 2262 1620 2292 Dae.
1659 2260 1822 2302 Profluens.
1850 2260 2014 2290 Perfluens.
2045 2258 2152 2290 Goth.

395 2299 592 2332 Penetrale
620 2305 873 2345 sacrificium.
918 2309 1038 2336 Larium
1061 2308 1190 2336 Deorum
1218 2306 1414 2342 sacrificium,
1449 2311 1484 2335 ut
1513 2306 1631 2345 opinor.
1672 2305 1746 2334 Nam
1775 2308 1804 2333 et
1830 2303 1891 2343 ipsi
1909 2301 2071 2344 penetrales
2091 2301 2174 2332 dicti.

236 2344 291 2373 Da
301 2354 326 2374 c.
355 2342 440 2372 Adde
463 2353 554 2383 supra
576 2345 706 2374 Herceus
726 2347 843 2386 Iupiter.
881 2350 995 2379 Glossis
1015 2351 1178 2379 Penetralia
1201 2349 1351 2380 ἕνδότατα.
1397 2347 1504 2380 Goth.

397 2384 494 2416 Puri.
538 2386 737 2417 Manumissio
759 2389 809 2417 hic
832 2391 943 2420 dictum
967 2398 1010 2421 est
1033 2403 1088 2431 pro
1102 2393 1292 2430 liberatione,
1315 2397 1349 2421 ut
1371 2391 1483 2420 dicitur
1505 2389 1643 2420 liberatio
1665 2389 1745 2419 nexi.
1790 2388 1842 2417 Est
1863 2392 1962 2416 autem
1983 2385 2174 2415 manumissio

237 2438 291 2459 seu
311 2428 448 2458 liberatio
469 2439 622 2459 sacrorum
645 2439 731 2458 causa
761 2441 837 2460 unus
865 2443 903 2462 ex
931 2435 991 2462 illis
1021 2435 1130 2471 modis,
1167 2435 1274 2473 quibus
1302 2434 1485 2463 liberabatur
1511 2434 1615 2470 heres,
1652 2432 1704 2471 qui
1727 2435 1852 2470 accepta
1873 2429 2036 2458 hereditate
2056 2433 2175 2457 tenetur
