2263 2668
534 137 598 171 DE
626 136 1017 172 SIGNIFIGATIONE
1047 135 1332 170 VERBORUM.
1385 136 1530 171 LIBER
1556 139 1614 174 XI.
1975 139 2049 173 487

97 241 144 264 ter
166 234 236 262 olim
260 233 366 268 statui,
392 231 477 260 aliter
499 240 578 259 nunc
602 230 791 259 statuendum
815 241 919 259 censeo
942 230 978 258 de
1003 229 1173 257 huiusmodi
1194 230 1332 258 formulis
1356 232 1554 260 asseverandi.
1584 231 1678 272 Epul‚
1701 230 1798 272 Epulu
1814 232 1957 260 Etruscae
1980 237 2051 262 sunt

95 278 210 307 formae
234 275 363 304 nominis
385 272 512 314 Apollo.
557 273 600 302 ef.
625 273 740 302 Muller.
764 273 813 301 die
835 272 987 302 Eti'usker.
1011 277 1082 300 toni.
1095 272 1138 308 11,
1167 283 1232 311 pag.
1246 276 1297 304 69.
1344 274 1444 309 Quare
1468 285 1527 302 non
1552 279 1592 303 est
1617 275 1756 310 dubium,
1786 272 1864 314 Epol
1886 279 1915 302 et
1937 272 2052 313 Edepol

95 319 240 349 formulas
264 328 325 346 esse
349 328 384 346 ex
409 318 533 345 Etrusca
558 316 658 354 lingua
684 316 799 354 petitas.
846 316 875 344 Si
897 314 976 355 Epol
996 315 1072 343 idem
1098 319 1140 342 est
1163 320 1250 353 atque
1275 316 1399 354 Apollo3
1439 318 1573 355 sequitur
1597 323 1629 346 nt
1651 316 1768 357 Edepol
1786 318 1825 345 sit
1846 328 1897 356 per
1919 315 2050 356 Apolli-

96 374 178 398 nem,
218 359 256 398 νὴ
280 360 332 392 τὸν
350 357 492 390 Ἀπόλλω.
535 359 608 387 Nam
637 357 672 387 ed
701 358 815 397 syllaba
843 358 919 387 nihil
947 362 991 386 est
1021 357 1118 393 aliud,
1158 358 1214 386 nisi
1237 370 1250 386 e
1272 358 1347 386 illud
1370 361 1566 388 asseverando
1588 360 1766 397 inserviens,
1800 360 1850 388 cui
1873 359 2007 388 additum
2031 357 2051 387 d

97 404 300 444 euphonicum
324 403 373 431 ubi
397 403 532 441 sequitur
553 402 684 438 vocnlis;
716 411 807 440 quare
831 400 851 429 d
873 400 1021 429 omittitur
1044 401 1073 428 in
1098 400 1234 428 formulis
1257 399 1359 437 Εσενε,
1392 401 1504 439 Εἰιιηο,
1535 402 1691 443 Equirine,
1719 401 1853 432 Ecastor.
1897 401 1955 431 Sed
1979 401 2051 431 Me—

98 458 201 484 casor,
226 444 421 481 mehercules,
445 443 606 481 Mehercle,
630 449 694 472 orta
717 449 787 472 sunt
810 454 846 472 ex
870 444 1011 472 formula:
1035 443 1077 471 ita
1100 454 1145 470 me
1169 441 1287 478 Castor,
1310 444 1352 471 ila
1375 456 1419 472 me
1442 444 1593 477 Hercules.

262 488 459 527 IlIessapia.
505 487 612 525 Apulia
636 498 652 515 a
677 487 810 524 Messapo
834 486 962 525 Neptuni
985 485 1056 513 filio.
1091 485 1171 522 Virg.
1188 485 1251 513 Vll.
1275 485 1344 516 Aen.
1369 485 1441 524 (lx,
1469 486 1569 526 523,);

674 529 721 558 At
742 529 896 568 Messapus
917 539 1019 569 equum
1043 526 1173 556 domitor
1194 527 1342 567 Neptunia
1363 528 1468 567 prolcS.

97 572 187 603 Dac.

262 613 421 643 Mactus.
465 613 617 649 ῘΙῙαοιανε,
649 621 778 650 mactus,
810 621 920 650 mucre,
952 623 1107 641 sacrorum
1131 612 1222 641 verba
1246 617 1324 641 sunt.
1369 613 1457 652 Apud
1481 613 1620 641 Catonem
1645 611 1798 651 (c.132.):
1834 611 1935 641 ,Μασιε
1963 611 2052 642 hocce

96 658 164 686 vino
184 655 291 696 inferio
314 663 392 686 esto:
414 655 514 685 Macte
535 655 626 685 hacce
649 654 723 695 dape
744 654 922 694 pollucemla
944 663 1012 685 esto.
1055 654 1155 684 Macte
1177 662 1251 688 esto,
1276 655 1410 693 antique,
1434 666 1490 694 pro
1514 663 1627 684 mactus
1650 662 1717 685 esto.
1749 654 1878 691 mactus,
1900 654 1919 682 i.
1940 664 1964 683 e.
1988 665 2052 682 ma-

96 701 139 738 gis
163 704 277 728 auctus.
322 699 359 727 Et
381 699 417 726 ad
442 698 498 726 alia
523 698 644 736 quaevis
667 699 904 735 transferuntur,
929 703 962 726 ut
983 705 1115 727 mactare
1137 696 1309 734 honoribus,
1334 697 1506 738 infortunio.
1546 699 1642 728 Plaut.
1668 696 1791 738 (Amph.
1807 696 1862 734 IV,
1886 699 1923 734 2,
1948 699 1997 728 14.
2022 701 2050 725 et

97 741 202 781 alibi).
248 742 405 779 Eleganter
428 741 540 770 Arnob.
563 741 614 770 lib.
627 741 661 770 L:
699 740 848 771 Fauor-um
872 741 1086 770 consecratione
1108 747 1245 770 mactare.
1276 740 1367 769 Dae.
1415 740 1488 768 Vide
1510 740 1584 768 Non.
1608 740 1685 780 (pag.
1696 740 1768 771 341.
1793 738 1897 779 Mero.)
1920 739 1951 768 in
1974 738 2052 768 Ma·-

97 792 184 815 ciare.
233 782 340 814 Goth.

262 824 479 857 Macellum.
525 825 607 855 Unde
630 826 683 863 sit,
708 826 780 854 mire
803 831 917 854 veteres
941 825 1127 854 dissentiunt.
1160 825 1239 853 Festi
1261 825 1436 853 sententiam
1459 825 1566 864 probat
1588 825 1682 854 Varro
1707 824 1824 853 duobus
1846 823 1919 852 locis
1941 823 1985 861 (p.
1998 825 2049 855 99.

97 869 142 898 ed.
165 869 207 899 St.
231 873 261 897 et
283 869 359 897 Scal.
385 869 466 897 Coni.
489 871 582 907 p.6l.
606 869 664 907 St.)
689 869 739 907 qui
761 880 777 897 a
801 869 924 897 Macella
955 869 1083 907 quodam
1113 867 1227 896 dictum
1255 868 1330 898 vult.
1378 868 1509 896 Donatus
1537 878 1624 904 vero,
1663 867 1796 896 Isidorus
1826 870 1855 895 et
1879 865 2011 903 Scaliger
2035 875 2051 893 a

98 912 267 941 mactandis
291 911 450 950 pecoribus
473 911 641 948 deducunt,
665 917 699 939 ut
721 911 760 940 sit
783 922 798 940 a
821 918 966 948 mactum,
988 909 1168 946 mantulum,
1191 909 1377 947 mucidam,
1400 909 1566 941 macellum.
1612 910 1769 939 Salmasius
1793 909 1828 938 ab
1852 909 1971 937 Aeolico
1995 905 2052 946 μά-

97 954 204 994 γεῤῥος
228 954 278 992 qui
303 964 405 982 carnes
427 954 544 983 vendit:
575 954 627 983 sed
654 953 833 983 Scholiastes
856 953 1064 992 Aristophanis
1084 964 1099 981 a
1123 958 1272 982 structura
1296 963 1403 982 nomen
1427 954 1564 982 sortitum
1589 953 1676 982 dicit:
1702 950 1738 983 ‘O
1761 952 1791 983 δὲ
1812 948 1919 987 κύκλος
1941 951 2052 989 (inquit

97 997 128 1025 in
151 996 262 1034 Equit)
291 993 455 1037 Ἀθήινῃσίν
485 997 564 1028 ἐστιν
592 994 732 1036 καθάπερ
758 996 934 1033 Μάκελλος,
972 996 1004 1026 ἐκ
1032 998 1085 1035 τῆς
1115 998 1302 1032 κατασκευῆς
1330 994 1386 1034 τήν
1414 996 1619 1036 προςηγορίαν
1648 992 1758 1035 λαβών.
1805 993 1919 1030 Quodsi
1948 1002 2050 1021 verum

97 1039 260 1068 dicendum
284 1043 327 1067 est
351 1038 455 1069 cuclon
479 1051 494 1068 a
517 1040 702 1068 rotunditate
727 1040 839 1068 dictum
862 1039 953 1068 fuisse
978 1039 1046 1077 quia
1068 1038 1226 1069 rotundus.
1270 1038 1427 1067 Macellum
1451 1049 1523 1067 vero
1547 1036 1605 1069 ἀπὸ
1630 1041 1682 1076 τῆς
1704 1037 1863 1076 μακέλλης,
1903 1047 1918 1064 a
1941 1035 2050 1073 ligone,

98 1082 179 1120 quod
202 1082 242 1110 ita
267 1086 414 1110 structum
436 1082 541 1119 suerit,
565 1088 599 1111 ut
620 1083 727 1120 ligonis
750 1082 871 1121 figuram
893 1082 1024 1111 referret.
1071 1081 1128 1110 Sed
1151 1081 1212 1110 eius
1235 1085 1341 1119 typum
1365 1081 1475 1109 vidisse
1498 1081 1646 1120 oportuit,
1676 1086 1709 1109 ut
1731 1080 1762 1108 id
1785 1079 1871 1107 unice
1894 1078 2050 1117 probetur.

97 1124 256 1161 Subiungit
278 1124 357 1154 idem
380 1124 560 1154 scholiastes
582 1125 612 1154 in
636 1125 759 1154 macello
790 1130 908 1165 praeter
936 1135 1038 1153 carnes
1067 1123 1165 1152 onmia
1194 1124 1251 1152 alia
1284 1124 1408 1152 obsonia
1431 1124 1575 1160 veniisse,
1615 1122 1787 1162 praesertim
1810 1122 1922 1161 pisces,
1960 1126 1987 1149 et
2008 1120 2049 1148 ibi

96 1167 180 1196 illum
204 1167 314 1195 frustra
337 1177 401 1196 esse
423 1173 536 1197 certum
562 1173 620 1206 est,
644 1178 711 1196 nam
735 1168 773 1197 de
794 1168 934 1197 carnibus
957 1168 1043 1196 etiam
1067 1171 1199 1204 constat,
1225 1167 1286 1195 imo
1311 1171 1340 1195 et
1362 1167 1393 1195 in
1416 1167 1540 1196 macello
1564 1167 1658 1195 lanios
1683 1170 1712 1195 et
1734 1165 1858 1194 fartores
1881 1163 1968 1203 ponit
1991 1163 2050 1191 Te-

98 1214 172 1238 rent.
194 1209 331 1238 Eunuch.
345 1210 387 1247 ΙΙ,
407 1213 443 1247 2,
467 1210 558 1250 (24.);

631 1269 673 1274 -
718 1271 756 1275 —
801 1251 915 1280 Interea
937 1251 998 1281 loci
1019 1250 1060 1280 αᾶ
1081 1249 1242 1280 Macellum
1266 1250 1317 1279 ubi
1337 1251 1466 1279 venimus

639 1294 823 1323 Concurrunt
846 1293 915 1323 lacti
936 1295 977 1322 mi
999 1293 1116 1323 obviam
1139 1292 1323 1333 cupedinarii
1347 1304 1444 1322 omnes

636 1335 761 1373 Cemrii,
795 1335 886 1372 lanii,
916 1337 1019 1376 coqui,
1041 1335 1194 1377 fartores,
1215 1337 1385 1375 piscalores.

96 1378 184 1407 Dae.
226 1378 294 1407 vid.
316 1377 488 1406 Varronem.
526 1378 630 1408 Differt
653 1384 751 1407 auten]
775 1389 792 1406 a
814 1377 994 1414 Macellum,
1026 1379 1106 1417 quod
1129 1379 1341 1407 diminutivum
1365 1390 1379 1406 a
1403 1388 1519 1415 macro,
1551 1378 1587 1407 de
1611 1388 1669 1416 quo
1693 1387 1781 1416 supra
1804 1376 1835 1405 in
1857 1385 1885 1404 v.
1910 1372 2050 1403 Aliellus.

96 1421 210 1449 Nonius
232 1421 263 1449 in
286 1419 447 1449 Macellum
472 1421 550 1459 (pag.
566 1422 635 1452 136.
661 1422 776 1460 Mero).
820 1422 843 1449 A
868 1421 1221 1459 macellolmacellarius‚
1247 1421 1361 1450 Glossis
1384 1418 1614 1460 ὀψωνιοπώλης.
1663 1419 1767 1450 Goth.

261 1461 475 1493 Macilenti.
518 1462 714 1501 Macilemus,
738 1475 754 1493 a
777 1465 872 1493 macie
895 1464 975 1503 quod
998 1475 1014 1493 a
1037 1476 1158 1504 maceo;
1181 1465 1355 1494 Macilentus
1379 1465 1430 1502 qui
1452 1464 1493 1493 ita
1516 1468 1609 1492 macet
1631 1468 1664 1491 ut
1686 1467 1766 1491 totus
1790 1471 1853 1490 ossa
1877 1465 1963 1499 atque
1987 1458 2051 1498 pel-

95 1506 132 1534 lis
154 1505 202 1535 sit.
245 1505 333 1536 Dae.

260 1545 523 1577 BIurricidum.
568 1548 665 1577 Plauti
688 1548 773 1577 locus
798 1552 842 1576 est
863 1547 894 1575 in
918 1548 1043 1587 Epidico
1066 1547 1140 1584 (ΙΙΙ,
1166 1551 1201 1584 1,
1227 1548 1309 1587 12.):
1344 1546 1410 1577 Vae
1431 1547 1487 1577 tibi
1507 1546 1651 1577 muricide
1669 1546 1765 1576 homo.
1810 1546 1884 1574 Nam
1907 1544 1965 1572 duo
1987 1543 2050 1578 illa,

96 1590 216 1630 ignave,
253 1591 345 1626 iners,
381 1594 451 1618 sunt
478 1590 654 1626 glossemata
677 1591 766 1619 Festi.
811 1590 916 1618 Melius
945 1595 1043 1619 autem
1067 1591 1245 1618 scriberetur
1269 1590 1357 1618 unico
1381 1602 1409 1627 r,
1441 1589 1611 1620 muricidus.
1657 1589 1745 1625 Quod
1768 1589 1887 1617 videtur
1908 1591 2051 1623 tanquam

96 1632 268 1661 ioculariter
290 1632 397 1668 ignavo
422 1631 655 1669 exprobratum,
686 1637 719 1661 ut
742 1632 792 1670 qui
816 1631 933 1660 hostem
958 1643 1016 1660 non
1041 1633 1201 1670 potuisset,
1236 1642 1333 1661 mures
1357 1632 1501 1662 caederet.
1546 1632 1638 1668 Quasi
1662 1629 1837 1669 μυοκτόνος.
1882 1626 2051 1657 Murcidum

98 1679 198 1702 tamen
228 1675 319 1703 etiam
347 1673 490 1702 dixerunt
519 1679 650 1706 veteres,
688 1679 722 1703 ut
749 1675 934 1714 Pomponius
967 1675 1170 1704 AtellanariuS.
1216 1674 1398 1712 Augustinus
1429 1674 1465 1702 de
1494 1675 1613 1704 Civitat.
1639 1675 1689 1703 lib.
1704 1674 1753 1703 ΙΙΙ.
1778 1675 1921 1712 cap.16.:
1958 1670 2050 1698 Deam

101 1715 264 1752 Murciam,
292 1727 367 1756 quoe
385 1723 500 1754 praeter
522 1715 640 1745 modum
666 1727 724 1745 non
747 1724 887 1752 moveret,
919 1729 955 1745 ac
971 1717 1088 1758 faceret
1111 1717 1271 1754 hominem,
1300 1724 1330 1746 ut
1353 1717 1396 1745 ait
1418 1716 1614 1756 Pomponius,
1644 1715 1825 1752 murcidum,
1849 1713 1881 1743 id
1904 1721 1944 1742 est
1967 1712 2053 1740 nimis

99 1757 292 1794 desidiosum,
315 1765 341 1786 ει
364 1758 555 1787 inactuosum.
576 1757 675 1788 Scal.
710 1760 767 1788 Sed
790 1758 954 1788 murcidum
979 1760 1083 1788 melius
1107 1771 1120 1788 a
1145 1757 1273 1798 μυλκὸς,
1297 1758 1425 1796 mulcus7
1449 1770 1580 1797 marcus,
1604 1758 1774 1794 marcidus,
1797 1759 1938 1796 ignavus,
1962 1755 2051 1790 inem,

98 1801 238 1836 mutilus,
263 1800 372 1839 quippe
395 1802 444 1839 qui
467 1811 569 1830 caussa
593 1801 779 1830 detrectandi
802 1803 985 1830 Sacramenti
1009 1803 1066 1830 sibi
1090 1803 1215 1842 pollices
1239 1801 1415 1841 amputavit.
1447 1800 1576 1837 Μυλκός
1599 1806 1695 1830 autem
1718 1800 1839 1830 Aeolice
1861 1809 1916 1838 pro
1940 1793 2052 1837 μαλκός

99 1841 240 1878 imbellis,
263 1844 396 1881 ignarus.
430 1843 468 1872 Et
492 1844 549 1873 nea
564 1843 682 1873 Murcia
705 1845 880 1881 ignavorum
905 1845 981 1881 Dea,
1008 1855 1084 1883 quae
1106 1846 1229 1882 ignavos
1254 1845 1378 1881 faceret,
1402 1848 1437 1872 ut
1457 1843 1598 1882 Strenua,
1623 1854 1698 1883 quae
1722 1848 1873 1879 strenuas,
1897 1838 2052 1880 Ageronioe

100 1895 176 1923 quae
199 1885 236 1913 ad
259 1885 404 1923 agendum
428 1886 588 1920 excitaret,
614 1885 759 1924 Samala,
792 1898 867 1926 quae
890 1888 1065 1916 stimularet.
1111 1890 1210 1924 Quare
1232 1888 1352 1917 Murcia
1374 1886 1476 1916 Venus
1499 1887 1592 1924 dieta,
1622 1891 1657 1916 ut
1680 1891 1708 1916 et
1734 1882 1933 1915 Verticordia.
1978 1880 2051 1909 Vide

99 1927 243 1959 Murciae.
286 1928 384 1957 Locus
407 1928 500 1957 Plauti
524 1928 637 1967 Epidio.
655 1929 711 1966 ΙΙΙ,
738 1933 768 1967 1,
793 1933 886 1965 (12.):

846 1972 912 2001 Vae
932 1971 987 2001 tibi
1008 1971 1139 2001 marcide
1159 1971 1254 2002 homo.
2026 2006 2031 2012 ι

100 2012 174 2041 Nam
197 2011 257 2040 duo
281 2012 332 2040 illa
355 2012 474 2051 ignave,
511 2015 602 2050 iners,
636 2019 705 2042 sunt
729 2015 989 2053 interpretationes
1014 2015 1101 2046 Festi.
1147 2015 1298 2044 Murcidos
1321 2014 1453 2044 Isidorus
1476 2023 1585 2043 vocare
1607 2013 1729 2042 videtur
1749 2009 1959 2042 murcinarios.
2003 2007 2050 2034 Sic

99 2055 176 2084 enim
200 2055 228 2083 in
252 2054 368 2092 glossis:
400 2054 599 2085 Murciam-ius
621 2056 758 2094 mutilus3
783 2058 859 2086 sorte
883 2057 1038 2095 legendum
1060 2055 1265 2088 mur-cidarim.
1289 2057 1377 2087 Dae.
1422 2058 1500 2096 Lego
1524 2055 1715 2093 muricishm,
1740 2054 1790 2094 qui
1813 2062 1913 2082 mures
1936 2054 2049 2080 tautum

100 2097 208 2128 audeat
230 2107 344 2128 necare.
389 2095 494 2126 Goth.

264 2138 459 2169 Manlium.
504 2138 638 2169 Manliae
656 2142 759 2179 genti&
798 2141 872 2170 Vide
893 2142 1007 2170 Livium
1030 2141 1081 2171 lib.
1097 2141 1144 2170 VI.
1167 2140 1243 2180 (cap.
1258 2140 1320 2181 20.)
1345 2147 1374 2170 et
1399 2142 1522 2171 Dionem
1545 2141 1595 2171 lib.
1608 2141 1654 2169 LI.
1698 2138 1770 2168 Inde
1792 2138 1947 2167 Musonius
1970 2133 2050 2174 apud

101 2182 230 2212 Gellium
252 2182 303 2212 lib.
316 2183 369 2211 lx.
395 2185 519 2220 cap-2:
551 2181 650 2211 Simili
672 2191 784 2218 aulem,
813 2184 926 2222 inquit,
949 2183 1084 2223 exemplo
1107 2195 1148 2213 ex
1170 2186 1318 2213 contraria
1340 2185 1434 2223 specie
1456 2185 1593 2224 antiquos
1614 2180 1818 2212 Romanorum
1843 2179 1935 2209 audio
1958 2188 2050 2218 prae-

100 2226 219 2255 nomina
240 2225 435 2263 patriciorum
464 2223 649 2264 quorundam
672 2224 750 2254 male
772 2225 807 2254 de
828 2225 979 2266 republica
1000 2227 1166 2255 meritorum
1190 2234 1215 2254 ei
1239 2226 1275 2255 ob
1298 2238 1360 2256 eam
1389 2237 1523 2256 caussam
1549 2225 1645 2265 capite
1667 2223 1873 2253 damnatorum
1899 2221 2048 2253 censuisse,

101 2278 136 2296 ne
158 2269 206 2296 cui
227 2265 352 2296 eiusdem
379 2267 474 2305 gentis
498 2268 628 2307 patricio
658 2267 840 2305 inderenrur,
879 2276 910 2297 ut
932 2267 1078 2298 vocabula
1101 2280 1215 2309 quoque
1239 2280 1336 2298 eorum
1361 2268 1514 2312 dejizmata
1537 2275 1625 2308 nique
1645 2266 1798 2297 demortua
1822 2277 1886 2296 cum
1911 2264 1981 2303 ipsis
2003 2259 2047 2288 vi-

100 2308 242 2339 derentur.
286 2309 375 2338 Dae.

265 2351 372 2380 Mane
399 2362 417 2380 α
448 2349 526 2380 diis
554 2350 733 2381 manibus.
779 2353 853 2381 Vide
876 2353 905 2381 in
929 2363 955 2381 v.
979 2352 1105 2382 Mancre
1126 2351 1225 2384 solem.
1270 2354 1294 2382 A
1316 2365 1420 2383 manus
1442 2353 1518 2382 dicta
1541 2357 1634 2382 mater
1657 2358 1786 2389 matuta,
1823 2348 1905 2389 quasi
1927 2349 2047 2374 manum

102 2404 246 2424 converso
271 2406 288 2423 η
312 2395 340 2422 in
364 2401 391 2429 ι,
423 2400 546 2424 matuta.
592 2395 675 2429 Quae
699 2395 756 2424 suit
779 2395 830 2423 Ino
855 2395 957 2424 Cadmi
979 2395 1056 2433 filia,
1088 2395 1257 2426 Leucothea
1281 2407 1296 2425 a
1321 2396 1443 2427 Graecis
1466 2396 1554 2425 dicta.
1578 2395 1672 2426 Cicer.
1688 2396 1709 2426 1.
1735 2393 1852 2423 Tuscul.
1876 2390 1954 2427 (cnp-
1970 2383 2045 2421 13·)²
