2263 2668
512 133 576 167 DE
604 133 997 169 SIGNIFICATIONE
1026 133 1313 170 VERBORUM.
1366 134 1513 169 LIBER
1538 136 1629 170 XIV.
1975 137 2050 173 591

92 226 171 256 betas
187 237 326 256 vocamus
342 237 360 255 a
375 237 476 265 genere
492 227 693 266 magistratus.
715 226 818 257 Scat.
853 227 975 255 Constat
998 226 1108 255 aediles
1132 227 1227 266 plebis
1251 237 1308 256 una
1332 238 1399 257 cum
1422 229 1495 268 ipsis
1518 230 1644 259 tribunis
1666 229 1761 269 plebis
1783 230 1937 260 institutos
1960 232 2052 262 fuisse

90 280 168 299 anno
192 270 274 299 urbis
298 269 435 298 conditae
460 269 616 300 CCLXXI.
661 271 748 299 Plebs
779 271 855 298 enim
886 270 1020 298 tribunos
1051 280 1119 298 suos
1144 275 1230 298 nacta
1254 271 1311 299 hoc
1335 272 1463 310 amplius
1486 273 1571 311 petiit
1595 273 1708 312 (inquit
1732 273 1889 312 Dionysius
1912 273 1964 302 lib.
1977 275 2052 313 VL),

89 317 124 341 ut
147 313 222 342 duos
246 323 260 340 e
285 313 370 351 plebe
393 312 448 339 sibi
472 322 573 340 creare
598 313 716 350 liceret,
756 313 806 351 qui
830 313 956 341 tribunis
980 312 1063 341 velut
1086 313 1252 342 administri
1275 319 1303 342 et
1326 314 1477 343 adiutores
1502 321 1613 352 essent,
1652 316 1764 355 quique
1787 326 1834 345 eas
1855 325 1975 345 caussas
1998 328 2050 346 co-

88 360 284 392 gnoscerent,
309 365 381 394 quas
404 354 447 382 illi
470 354 696 385 commisissent.
728 356 833 394 ltaque
855 355 885 384 hi
907 355 998 395 primi
1019 355 1129 384 aediles
1151 356 1247 394 plebis
1271 358 1423 396 appellati.
1447 357 1501 386 Da
1512 370 1536 388 c.
1570 357 1607 387 Et
1629 366 1735 399 septem
1748 357 1866 400 ferunt.
1892 359 1965 389 Vide
1987 360 2006 391 l.
2020 364 2048 392 2.

88 399 221 435 §.20.ss'.
247 398 282 426 de
307 398 419 436 origine
443 397 526 426 iuris.
576 395 680 426 Goth.

255 439 385 470 Plexa.
429 440 454 468 A
473 438 587 479 plecto,
613 440 694 478 quod
718 452 732 469 a
757 442 872 470 Graeco
895 440 1009 477 πλέκω,
1034 447 1189 477 connecto,
1213 439 1333 480 colligo.
1377 442 1467 472 Dae.

256 491 418 521 Plentur.
465 491 508 519 Ab
532 491 666 520 obsoleto
688 491 771 532 pleo,
795 492 874 521 unde
898 491 1046 532 compleo,
1073 490 1189 531 depleo,
1213 491 1328 532 impleo.
1352 493 1442 524 Dac.
1483 493 1567 523 Adde
1590 494 1668 523 infra
1692 492 1796 534 Spicit.
1842 492 1950 524 Goth.

256 542 318 573 Ple
328 555 377 572 ra.
400 542 460 581 (Ad
483 544 613 582 p.203.)
639 543 783 572 Pacuvius
806 543 835 572 in
859 544 975 572 Teucro
999 543 1077 583 apud
1102 542 1242 573 Priscian.
1264 544 1314 572 lib.
1329 545 1361 574 V.
1385 546 1487 582 (c.12.
1512 545 1616 575 tom.I.
1638 555 1705 585 pag.
1717 547 1790 577 208.
1814 545 1894 583 Kr.):

689 595 799 624 Periere
819 595 937 631 Danai,
974 593 1057 634 plera
1078 605 1148 633 pars
1168 593 1350 634 pessundata
1372 604 1421 625 est.

85 647 175 677 Ant.
199 646 296 685 Aug.
331 645 374 674 Ab
397 644 530 673 obsoleto
551 643 660 685 plerus.
706 646 799 676 Dae.

253 695 469 726 Plooeinum.
515 695 690 726 Ploxemum
716 695 839 736 (scat).
884 696 1017 725 Catullus
1043 693 1206 734 ploxenum
1235 696 1316 726 circa
1342 696 1455 726 Padum
1477 699 1601 736 invenit,
1640 698 1738 736 inquit
1761 697 1936 733 Quintilian.
1958 697 2009 728 lib.
2023 700 2043 730 1.

85 751 150 780 cap.
165 742 215 772 10,
249 740 377 778 Capsum
400 743 496 767 autem
520 739 550 768 in
575 740 647 768 cisio
672 749 799 779 capsave
823 739 895 778 quid
918 740 970 775 sit,
994 739 1110 776 ignoro.
1147 738 1256 767 cisium
1280 739 1411 769 vehiculi
1435 751 1525 778 genus
1549 752 1611 770 esse
1634 741 1760 770 duarum
1783 745 1915 770 rotarum
1938 741 2045 771 scribit

83 783 197 812 Nonius
221 781 299 822 (pag.
311 784 362 814 86.
387 781 507 822 Merc.)‚
531 792 591 821 quo
615 783 707 811 verbo
731 783 834 811 Cicero
858 792 928 810 usus
951 787 995 810 est
1018 781 1048 809 in
1072 782 1154 810 Orat.
1176 792 1230 819 pro
1254 782 1321 810 Sex.
1344 784 1451 811 Roscio
1475 783 1569 822 (c.7.)
1593 789 1622 812 et
1643 783 1771 822 Philipp.
1788 783 1823 812 11.
1848 784 1976 821 (c.31.).
2011 785 2043 813 Si

83 826 152 865 quis
176 829 295 854 cantum
320 835 375 863 pro
399 835 521 864 capsum
545 825 671 861 scribat,
695 825 866 854 existimans
890 824 919 853 id
944 835 1006 853 esse
1028 824 1156 860 serrum,
1183 834 1241 862 quo
1265 829 1349 854 rotae
1372 826 1547 854 vinciuntur
1569 827 1624 864 (ita
1647 826 1726 854 enim
1751 825 1954 861 Quintilianus
1976 836 2042 855 ver.

82 869 155 897 bum
178 868 208 896 id
231 879 246 896 a
270 867 369 896 Persio
394 872 569 907 usurpatum
591 868 839 907 interpretatur),
874 869 899 896 is
928 867 1047 906 quidem
1075 866 1188 905 aliquid
1215 867 1340 904 dixerit,
1379 878 1426 897 me
1448 874 1545 897 tamen
1569 869 1803 907 subscriptorem
1826 879 1887 897 non
1908 868 2040 900 habebit.

82 911 115 940 Id
139 911 217 940 enim
241 910 264 939 si
289 910 490 945 Quintilianus
514 911 668 947 sensisset,
696 922 756 939 non
781 921 851 939 usus
874 910 979 939 fuisset
1000 909 1093 938 verbo
1119 909 1305 947 inveniendi,
1336 910 1387 939 sed
1411 911 1597 950 appellandi,
1622 916 1650 940 et
1673 911 1837 940 addidisset
1858 921 1914 949 pro
1938 911 2039 940 eadem

81 964 114 983 re
137 958 189 982 aut
211 953 323 991 aliquid
347 952 527 986 huiusmodi.
551 953 640 983 Ant.
664 953 760 993 Aug.
800 954 840 982 l)e
863 953 922 981 hoe
945 953 1014 982 satis
1038 952 1116 981 alibi.
1154 953 1282 990 Capsum
1305 952 1335 981 in
1359 954 1431 982 cisio
1456 955 1546 992 vulgo
1572 954 1602 982 in
1625 954 1720 982 Gallia
1746 952 1961 982 Tumberellum
1983 964 2040 984 vo—

82 1007 202 1034 camus,
227 996 308 1034 quod
333 1006 438 1035 capsae
462 996 561 1036 specie
584 997 629 1025 sit¹
663 996 760 1024 Utitur
784 1001 812 1025 et
826 995 988 1026 Vitruvius.
1023 996 1177 1034 Πείρινθα
1200 994 1322 1035 (Odyss,
1339 997 1407 1033 XV,
1435 995 1518 1037 131.)
1542 997 1589 1027 καὶ
1610 993 1788 1036 ὗπερτερίην
1811 996 1882 1035 (Od.
1897 996 1952 1034 VI,
1974 996 2038 1035 70.)

80 1039 226 1068 Homerus
249 1043 347 1067 vocat.
388 1038 568 1079 Sirpiculum
592 1040 679 1067 etiam
703 1044 817 1068 veteres
842 1039 954 1075 Latini,
978 1038 1003 1066 si
1025 1049 1063 1067 ex
1086 1038 1161 1066 vitili
1186 1038 1317 1066 materia.
1341 1038 1442 1069 Scal.
1484 1040 1606 1068 Vossius
1630 1040 1669 1067 ait
1691 1040 1792 1067 forsan
1815 1049 1879 1067 esse
1901 1049 1917 1066 a
1938 1036 2038 1076 πλὸξι-

79 1094 154 1121 μον,
190 1078 340 1118 πλόκιμον
363 1092 378 1110 a
401 1082 514 1119 πλέκω,
552 1089 651 1118 necto,
688 1082 769 1120 quod
797 1082 908 1110 vimine
933 1081 1024 1120 plecti
1049 1081 1168 1109 soleret.
1214 1081 1325 1109 Cisium
1348 1087 1445 1110 autem
1470 1081 1601 1111 vehiculi
1623 1083 1712 1110 biroti
1738 1091 1843 1119 genus,
1879 1082 2038 1120 proprium

80 1125 195 1153 Galliae
220 1123 395 1162 Cisalpinae.
419 1123 510 1155 Dae.
549 1124 621 1153 Inde
646 1125 780 1153 cisiarius
804 1124 998 1153 carucharius
1022 1124 1053 1152 in
1074 1125 1094 1152 l.
1110 1126 1157 1155 13.
1172 1123 1201 1153 ff.
1227 1123 1329 1153 locati.
1355 1122 1460 1155 Goth.
1501 1126 1595 1153 Locus
1619 1125 1745 1160 Catulli,
1776 1134 1862 1162 quem
1885 1124 1958 1153 citat
1978 1124 2037 1153 Fe-

79 1173 160 1204 stus,
192 1171 236 1195 est
259 1176 349 1197 carm.
367 1169 422 1203 96,
446 1169 476 1198 6.
524 1166 680 1197 Ploximus
703 1168 766 1196 sive
789 1167 960 1197 Plorrimum
984 1177 1043 1195 non
1066 1166 1189 1195 dubium
1213 1171 1271 1202 est,
1304 1167 1376 1205 quin
1399 1167 1438 1196 sit
1460 1178 1475 1195 a
1494 1166 1609 1207 plecte,
1637 1165 1761 1207 plexus;
1792 1166 1835 1195 uti
1857 1166 1934 1195 enim
1957 1167 2037 1205 apud

79 1212 210 1239 Graecos
233 1209 331 1240 πλέκω
356 1213 385 1238 et
406 1207 578 1248 πλόκαμος,
617 1208 747 1245 πλόκος,
783 1207 896 1248 πλοκή,
934 1210 975 1238 ita
999 1209 1158 1238 demutatis
1181 1209 1337 1237 vocalibus
1361 1210 1448 1238 etiam
1472 1211 1552 1249 apud
1577 1211 1698 1239 Latinos
1719 1208 1841 1248 plexus,
1871 1207 2036 1248 ploximus‚

75 1252 163 1294 plix,
183 1251 265 1293 plica
282 1252 360 1280 sacta
375 1262 453 1288 esse,
478 1252 620 1280 credibile
637 1257 689 1282 est.
725 1252 780 1280 Ubi
796 1253 945 1280 vocalium
963 1264 993 1288 e,
1015 1253 1041 1288 i,
1066 1263 1082 1281 ο
1100 1252 1261 1280 demutatio
1285 1253 1334 1280 illa
1358 1253 1508 1291 reperitur
1531 1253 1785 1291 frequentissima,
1809 1251 1845 1280 de
1863 1261 1921 1289 qua
1937 1262 2034 1290 saepe.

245 1293 413 1324 Plorare.
436 1295 496 1333 (Ad
515 1294 641 1333 p.203.)
667 1294 762 1323 Verba
786 1295 858 1332 legis
873 1295 991 1323 Romuli
1015 1295 1158 1323 mendosa
1182 1299 1270 1331 sunt,
1293 1296 1320 1323 si
1341 1306 1430 1323 nurus
1452 1306 1539 1324 sacra
1562 1295 1637 1324 divis
1656 1301 1809 1335 parentum
1832 1301 1900 1323 esto.
1931 1294 1969 1323 Et
1984 1294 2035 1323 de-

77 1348 138 1367 esse
163 1336 292 1366 arbitror
315 1337 429 1375 aliquid
451 1337 638 1366 huiusmodi:
663 1336 698 1365 Si
720 1348 810 1366 nurus
832 1338 971 1366 incestum
992 1348 1082 1377 passa
1107 1348 1164 1366 non
1185 1336 1343 1377 plorassit,
1368 1348 1455 1366 sacra
1479 1336 1555 1366 divis
1575 1345 1729 1377 parentum
1751 1344 1819 1365 esto.
1836 1336 1922 1365 Ant.
1940 1336 2033 1377 Aug.

76 1381 208 1418 Longum
232 1384 275 1408 est
297 1381 386 1409 toties
409 1380 542 1408 indicare
567 1389 699 1416 erroreS‚
725 1389 792 1408 cum
817 1384 846 1408 et
868 1385 981 1418 tempus
1006 1387 1035 1408 et
1058 1380 1190 1408 chartam
1214 1380 1291 1408 lueri
1314 1380 1410 1409 facere
1434 1380 1581 1418 possimus
1604 1386 1633 1409 et
1655 1381 1685 1409 in
1708 1379 1870 1407 continenti
1892 1379 2034 1408 emenda—

75 1418 184 1452 tionem
207 1432 367 1461 apponere.
412 1423 618 1451 Traiectiones
649 1422 740 1460 igitur
763 1427 792 1451 et
814 1423 870 1451 alia
894 1428 990 1451 errata
1014 1423 1054 1451 ita
1079 1424 1278 1452 restituimus:
1313 1423 1345 1450 In
1369 1424 1454 1459 Regis
1476 1424 1595 1451 Romuli
1619 1429 1648 1452 et
1670 1422 1749 1451 Tatii
1773 1427 1802 1450 et
1824 1421 1918 1450 Servii
1941 1422 2032 1450 Tullii

73 1465 187 1504 legibus
209 1464 285 1494 haec
308 1469 366 1494 est:
391 1464 440 1494 Sei
459 1472 608 1505 parentem
630 1477 703 1505 puer
724 1464 861 1502 verberit,
884 1474 930 1494 ast
955 1465 1020 1494 oloe
1040 1464 1201 1504 plorassint
1225 1467 1387 1504 (parentes)
1408 1477 1480 1504 puer
1503 1464 1593 1494 diveis
1613 1473 1765 1505 parentum
1787 1475 1870 1493 sacer
1893 1471 1969 1500 esto,
1992 1465 2033 1494 sei

73 1519 180 1545 nurus,
202 1518 290 1536 sacra
315 1507 405 1536 diveis
425 1515 578 1547 parentum
603 1515 671 1536 esto.
718 1508 809 1544 Ecce,
841 1518 917 1546 quae
941 1509 971 1536 in
997 1508 1123 1536 citandis
1147 1518 1248 1546 regum
1272 1508 1444 1536 nominibus
1466 1509 1589 1537 traiecta
1612 1513 1713 1544 erant,
1736 1517 1768 1535 ea
1792 1516 1845 1535 suo
1868 1507 1936 1535 loco
1960 1506 2032 1535 red-

72 1550 188 1580 dimus:
223 1549 357 1578 Verberit
380 1561 437 1589 pro
459 1549 594 1579 verberet.
634 1550 679 1578 lta
702 1560 820 1588 semper
841 1551 871 1579 in
894 1551 960 1580 ΧΠ.
1001 1552 1072 1578 Nam
1104 1555 1134 1578 et
1163 1561 1197 1579 eo
1225 1551 1313 1579 modo
1344 1548 1468 1579 vindicii
1492 1561 1545 1588 pro
1569 1549 1705 1580 vindicet.
1744 1549 1803 1578 Sed
1827 1553 1854 1578 et
1876 1548 1952 1578 edim
1975 1559 2031 1588 pro

72 1591 157 1623 edam
182 1592 338 1629 dicebant3
378 1591 442 1621 oloe
466 1602 521 1630 pro
545 1591 603 1628 oli,
636 1602 694 1620 una
718 1593 754 1628 L,
791 1593 842 1630 qui
865 1603 925 1621 non
948 1593 1150 1630 geminabant,
1180 1597 1214 1620 ut
1235 1597 1354 1631 postea,
1387 1603 1454 1621 cum
1479 1593 1621 1622 dixerunt
1644 1592 1708 1622 olli.
1754 1592 1812 1620 Sed
1835 1592 1945 1629 plurali
1967 1590 2032 1626 οἶφε

71 1635 202 1672 dictum,
225 1640 259 1664 ut
275 1633 428 1664 Pilumnoe
447 1633 570 1674 poploe.-
594 1634 651 1663 hoc
676 1638 720 1663 est
745 1634 874 1664 Pilumni
891 1634 1004 1675 populi.
1036 1637 1132 1673 Supra
1155 1636 1233 1663 idern
1258 1636 1362 1664 Festus
1385 1636 1502 1664 monuit
1522 1635 1560 1664 ab
1583 1634 1662 1665 aloes
1684 1645 1740 1674 pro
1762 1633 1800 1662 ab
1823 1633 1884 1663 illis
1906 1634 2029 1663 dictum.

70 1678 175 1707 Altera
204 1677 319 1706 luxatio
349 1677 378 1704 in
408 1678 502 1705 altero
532 1677 603 1715 legis
634 1677 766 1706 membro
798 1679 876 1706 sacta
907 1682 979 1706 erat.
1023 1678 1199 1716 Importune
1228 1679 1304 1706 enin]
1326 1677 1431 1706 ultima
1456 1678 1588 1706 clausula
1611 1679 1678 1706 loco
1702 1682 1782 1706 mota
1805 1681 1877 1705 erat.
1921 1677 2028 1706 Vocem

68 1727 202 1761 parentes
224 1719 339 1748 circulo
362 1719 553 1756 inclusimus,
591 1730 685 1758 neque
708 1720 878 1749 maiusculis
901 1721 992 1748 literis
1018 1721 1253 1759 perscripsimus.
1298 1721 1349 1748 Est
1373 1720 1450 1748 enim
1475 1720 1628 1749 Glossema
1651 1720 1802 1759 pertinens
1825 1719 1861 1748 ad
1885 1717 1962 1756 oloe,
1992 1729 2029 1748 ne

70 1764 149 1792 forte
173 1762 286 1790 scilicet
310 1772 465 1800 perperam
490 1762 567 1790 illud
591 1761 656 1791 oloe
678 1764 878 1801 acciperetur,
917 1763 998 1801 quod
1023 1768 1154 1800 veteres,
1192 1773 1260 1791 cum
1287 1763 1414 1791 citarent
1438 1763 1516 1799 leges
1540 1763 1692 1801 antiquiss.
1715 1766 1838 1801 propter
1861 1761 2029 1791 obscurita-

69 1810 129 1835 tem
153 1809 205 1833 aut
227 1804 388 1833 verborum
412 1805 599 1833 insolentiam
623 1806 811 1842 factitabant,
835 1811 868 1834 ut
890 1806 920 1834 in
944 1806 995 1834 illa
1018 1806 1096 1843 lege:
1120 1817 1177 1834 rem
1200 1805 1266 1834 ubei
1285 1813 1415 1845 pagurii,
1439 1813 1558 1840 orante,
1584 1806 1629 1833 nei
1648 1812 1761 1844 pagum
1782 1811 1849 1833 ante
1869 1802 2027 1840 meridiem,

69 1849 100 1878 in
137 1857 189 1876 oro
213 1854 264 1875 aul
287 1848 317 1876 in
341 1848 460 1876 comitio
485 1858 619 1876 caussam
644 1849 812 1877 coniciunto
836 1849 921 1884 (cum
947 1853 1088 1887 perorant
1110 1849 1196 1876 ambo
1220 1850 1420 1888 praesentes),
1453 1855 1521 1886 post
1545 1846 1693 1876 meridiem
1714 1853 1863 1886 praesente
1884 1845 2027 1875 ambobus

69 1889 164 1921 leitem
188 1888 322 1919 addicito
347 1890 381 1924 (si
405 1890 490 1918 ambo
514 1894 713 1928 praesentes),
736 1890 784 1919 sol
805 1902 930 1920 occasus
951 1903 1084 1931 suprema
1107 1899 1260 1930 tempestas
1282 1898 1351 1919 esto.
1381 1891 1418 1918 Et
1441 1890 1470 1917 in
1497 1891 1643 1918 Actionib.
1659 1889 1741 1927 apud
1759 1889 1937 1918 Varronem:
1960 1886 2025 1917 Ex-

68 1940 116 1962 tra
138 1931 258 1961 surdam
283 1931 396 1962 luscam
418 1934 529 1961 minam
552 1933 595 1968 (id
618 1938 663 1962 est
685 1938 789 1962 ventre
812 1934 938 1971 glabro).
974 1934 1032 1962 Sed
1055 1934 1090 1962 de
1113 1934 1158 1962 his
1183 1934 1255 1962 alias
1278 1933 1382 1961 fusius.
1422 1933 1482 1960 Nos
1512 1932 1586 1961 haec
1610 1932 1787 1971 produxisse
1811 1930 1945 1959 contenti
1967 1940 2025 1958 su—

68 1985 142 2004 mus.
167 1972 268 2007 Scal.
312 1975 445 2013 Scaliger
464 1976 515 2004 vix
540 1976 694 2005 dimidium
717 1977 829 2014 negotii
853 1977 997 2005 confecit:
1023 1977 1118 2005 Verba
1143 1977 1218 2004 enim
1239 1977 1315 2004 Festi
1337 1976 1377 2004 ita
1399 1975 1523 2004 traiecta
1546 1980 1629 2012 sunt,
1652 1980 1686 2004 ut
1708 1985 1745 2003 ex
1768 1974 1803 2002 iis
1826 1973 1942 2009 nullus,
1966 1972 2024 2001 nisi

68 2017 270 2058 perobscurus
293 2027 396 2046 sensus
419 2018 566 2048 eliciatur.
613 2019 688 2056 Lego
711 2019 824 2057 itaque:
858 2019 977 2048 Plorare
988 2020 1066 2059 flere
1088 2030 1165 2047 nunc
1187 2020 1350 2058 significat,
1378 2025 1408 2046 at
1431 2016 1511 2056 apud
1532 2018 1668 2057 antiquos
1688 2016 1777 2057 plane
1799 2013 1974 2052 inclamare,
1996 2023 2023 2044 et

67 2072 134 2090 cum
154 2060 368 2099 praepositione
390 2059 549 2099 implorare
570 2060 747 2097 inclamare,
773 2060 806 2089 id
827 2069 867 2090 est
889 2063 1026 2090 invocare
1046 2062 1077 2089 in
1101 2062 1174 2100 regis
1190 2060 1314 2089 Romuli
1330 2066 1383 2089 etc.
1414 2061 1501 2088 Nunc
1524 2071 1622 2088 onmia
1646 2060 1742 2099 plana.
1771 2057 1828 2086 Sed
1853 2068 1912 2086 nou
1935 2067 2021 2096 prae-

66 2102 245 2132 tereundum
276 2101 307 2130 in
337 2103 401 2141 lege
423 2103 537 2132 Numae
566 2114 620 2142 pro
651 2110 710 2132 esto
739 2103 864 2133 schedas
892 2104 1000 2132 habere
1028 2102 1122 2139 estod,
1162 2103 1312 2142 quomodo
1340 2102 1478 2141 antiquos
1501 2102 1653 2142 scripsisse
1675 2101 1767 2131 tradit
1790 2100 1914 2136 Quintil.
1937 2100 1986 2130 lib.
2000 2100 2020 2130 Ι.

67 2156 133 2185 cap.
146 2148 192 2177 7.:
236 2143 275 2172 Ut
298 2144 415 2174 Latinis
444 2145 584 2174 veteribus
608 2145 628 2173 cl
648 2145 786 2183 plurimis
814 2147 844 2175 in
871 2146 966 2175 verbis
987 2145 1122 2175 ultimam
1144 2145 1306 2182 adiectam,
1340 2144 1422 2185 quod
1446 2145 1633 2184 manifi’stum
1655 2152 1696 2173 est
1718 2145 1806 2173 etiam
1827 2144 1858 2172 in
1880 2141 2019 2173 columna

66 2195 212 2223 rostrata,
243 2198 317 2226 quae
338 2195 379 2216 est
405 2186 434 2217 G.
458 2187 559 2217 Duilio
582 2188 704 2230 infore
725 2190 841 2227 posita.-
875 2190 905 2217 in
929 2199 962 2216 ea
985 2187 1124 2218 columna
1147 2187 1272 2228 legitur:
1308 2187 1406 2224 altod,
1434 2186 1550 2224 marici,
1576 2185 1768 2227 pugnantioti.
1800 2185 1887 2215 Dac.
1933 2184 2018 2214 Adde

64 2240 156 2270 supra
180 2228 402 2268 Endoplorato:
432 2229 620 2270 Explorate:
652 2229 823 2269 Implorare.
851 2229 954 2260 Goth.
994 2230 1087 2259 Latii.
1117 2232 1203 2260 Tatii.
1230 2230 1340 2260 Idem.
1381 2231 1422 2259 De
1445 2230 1542 2258 littera
1565 2229 1585 2257 d
1609 2230 1783 2268 paragogica
1807 2229 1845 2259 cf.
1867 2228 1961 2267 Bopp.
1984 2226 2016 2254 in

63 2271 299 2311 Vergleichende
322 2273 550 2310 Zergliederung
574 2278 630 2303 cet.
654 2272 684 2301 in
710 2273 946 2311 Abhandlungen
974 2273 1028 2302 der
1048 2274 1183 2302 Berliner
1206 2274 1367 2302 Akademie
1391 2275 1480 2305 1826.
1504 2282 1568 2311 pag.
1583 2274 1633 2304 94.
1648 2283 1730 2311 seqq.

232 2314 403 2344 Peclulla.
433 2314 491 2355 (Ad
515 2314 644 2355 p.203.)
675 2316 776 2354 Neque
799 2318 944 2344 Graecum
967 2316 1091 2345 verbum
1114 2321 1209 2353 extat,
1240 2326 1335 2355 neque
1358 2315 1496 2343 Latinum
1519 2314 1593 2354 quid
1616 2315 1762 2353 significet
1784 2316 1906 2342 constat.
1927 2309 2013 2340 Ant.

62 2357 158 2397 Aug.
194 2357 305 2387 Eadem
328 2363 357 2386 et
381 2357 512 2388 pedalia.
554 2359 751 2387 Glossarium:
787 2357 907 2395 pertale,
938 2361 1071 2389 ποδεῖον.
1101 2358 1203 2390 Scal.
1249 2359 1369 2398 Optime
1393 2357 1492 2389 Voss.:
1531 2356 1654 2387 Pedalia
1682 2368 1758 2399 quae
1783 2355 1884 2385 dicunt
1909 2352 2012 2383 πέδιλα

68 2399 178 2431 Graece
201 2405 256 2430 etc.
296 2401 361 2430 Non
383 2401 460 2430 enim
481 2399 651 2441 pedulium,
677 2401 727 2430 sed
749 2401 857 2440 pedule
880 2401 999 2430 dicitur.
1038 2402 1149 2431 Pedule
1171 2403 1311 2432 socculus
1334 2400 1454 2441 pedum.
1498 2400 1587 2430 Dac.
