2263 2668
536 145 601 179 DE
628 141 1014 179 SIGNIFICATloNE
1043 143 1328 183 VERBORUM.
1379 147 1528 182 LIBER
1553 148 1628 183 im.
1980 155 2056 192 523

271 238 484 278 Nequitum.
528 238 652 267 Pacuvii
673 236 871 267 Trochaicum
894 236 1099 267 emendamus:

563 280 623 309 Sed
646 292 711 310 cum
734 279 871 310 contendi
892 280 1038 319 nequitum
1061 282 1106 317 vi,
1140 281 1220 311 clam
1243 281 1389 311 tendenda
1411 290 1452 311 est
1471 282 1574 323 plaga.

106 323 163 351 Ubi
187 323 304 351 notabis
328 323 504 362 simpliciter
526 323 640 362 plagam
664 324 751 351 etiam
775 333 832 361 pro
855 329 918 350 rete.
953 322 1150 352 Glossarium:
1173 324 1301 363 Plagae,
1325 324 1502 364 κυνηγετικᾶ
1525 328 1601 356 λίνα.
1625 325 1726 355 Scal.
1764 327 1850 357 Fana
1871 329 1902 358 in
1923 341 1956 360 ω
1978 331 2053 362 1000,

106 366 229 394 Catonis
253 366 344 394 verba
368 367 404 394 de
428 366 608 404 Tarquinio,
645 367 697 404 qui
726 373 757 393 ut
786 364 878 393 libera
900 376 918 392 a
940 366 1060 394 caeteris
1090 365 1278 406 religionibus
1301 379 1369 396 area
1391 375 1460 396 esset
1481 376 1545 397 tota
1566 369 1626 397 eius
1649 367 1803 409 templique
1824 371 1884 400 eius
1905 373 1985 412 quod
2005 376 2054 404 in-

106 407 312 448 aedificaretur
333 419 520 447 exaugurare
538 408 614 448 fana
637 407 805 448 sacellaque
825 407 943 444 statuit,
975 418 1050 447 quae
1073 407 1186 449 aliquot
1209 409 1252 438 ibi
1274 421 1293 437 a.
1319 411 1408 439 Tatio
1431 422 1493 449 rege
1512 412 1639 450 primum
1663 411 1693 439 in
1716 412 1778 451 ipso
1802 411 1969 444 discrimine
1991 416 2054 445 ad-

106 461 205 479 versus
227 449 387 479 Romulum
409 461 542 489 pugnae,
575 457 642 479 voto
666 457 836 479 consecrata
863 451 1096 490 inaugurataque
1120 459 1221 489 postea
1239 451 1376 493 fuerant,
1412 453 1485 481 inter
1504 454 1654 493 principia
1676 453 1822 484 condendi
1844 455 1927 485 huius
1950 460 2043 498 operis

107 494 231 522 movisse
254 505 356 521 numen
381 492 420 521 ad
444 491 638 521 indicandam
663 493 739 521 tanti
761 493 874 532 imperii
895 491 998 520 molem
1021 491 1148 521 traditur
1172 493 1257 522 Deos.
1301 494 1381 522 Nam
1405 506 1470 524 cum
1493 497 1620 524 omnium
1643 494 1815 526 sacellorum
1838 481 2053 530 exaueruratio:

107 546 157 563 nes
184 534 370 563 admitterent
400 546 480 571 aves,
514 536 544 563 in
569 535 700 563 Termini
723 535 801 575 fano
830 545 888 563 non
916 533 1069 565 addixere.
1108 536 1172 565 Liv.
1195 537 1247 565 lib.
1260 536 1281 565 I.
1303 536 1427 576 (c.55.).
1466 538 1539 566 Vide
1567 543 1595 567 et
1616 538 1696 568 Flor.
1720 538 1804 570 lib.I.
1829 521 1936 579 cap.7?.
1966 542 2052 573 Duc.

108 576 326 617 Praeterquam.
364 578 515 615 Perquaui.
561 575 666 606 Goth.

272 619 434 650 Nectere.
479 619 554 647 Vide
577 631 713 658 napuras.
741 619 824 648 Dae.
860 618 1001 647 Naturas.
1038 619 1179 658 Nepuras.
1217 620 1284 648 Vid.
1309 631 1400 659 supra
1423 620 1572 660 Napuras.
1619 620 1724 652 Goth.

273 661 421 691 Nectar.
465 662 544 699 Virg.
567 662 616 690 lib.
630 662 651 689 1.
676 663 746 690 Aen.
772 662 816 699 (v.
828 661 925 699 437).
947 660 1034 690 Ant.
1051 662 1146 702 Aug.
1180 663 1327 691 Murinam
1351 664 1473 701 exponit
1496 664 1597 693 Festus
1621 664 1705 702 alibi,
1730 665 1831 693 locum
1855 666 1912 697 adi.
1943 667 2050 696 Versus

108 704 239 732 Lucretii
263 705 306 732 sic
330 705 365 732 ab
389 705 453 732 aliis
474 704 584 742 legitur
608 704 664 742 (11,
688 705 788 740 847.):

707 745 744 774 Et
767 745 856 775 nardi
866 747 974 787 florem
999 753 1100 775 nectar
1121 747 1173 786 qui
1194 747 1313 776 naribus
1336 746 1423 776 halet.

107 787 164 816 Da
176 799 200 817 c.
232 789 317 817 Adde
340 799 430 827 supra
447 787 597 818 Illurrina.
632 788 666 816 Id
684 790 777 817 Plinio
795 789 880 825 XlV,
906 791 954 820 16.
988 788 1160 818 Nectarites.
1210 788 1313 818 Gottz.

272 831 446 871 Nequam.
492 832 634 870 Suspicor
659 832 842 860 Lucilianum
865 842 984 860 versum
1006 831 1061 860 hac
1085 831 1289 860 emendatione
1315 842 1413 870 egere:

565 873 698 913 Nequam
721 882 778 911 est,
807 885 909 902 aurum
933 875 1012 902 auris
1034 875 1138 914 quoius
1158 874 1348 903 vehementius
1371 873 1473 902 ambit.

108 914 173 942 Hoc
196 920 255 949 est,
291 926 417 954 nequam
440 916 465 944 is
487 921 531 944 est
552 915 642 944 homo
665 918 750 945 cuius
773 927 858 946 aures
882 926 986 945 aurum
1010 917 1110 946 ambit.
1154 917 1228 945 Male
1251 917 1411 945 audiebant
1434 916 1513 955 apud
1537 917 1683 944 Romanos
1706 917 1837 954 barbari,
1877 919 2049 955 praesertim

109 958 215 993 Poeni,
240 959 290 995 qui
314 969 399 986 aures
423 959 589 997 perforatas
614 959 775 994 habebant3
806 969 901 997 neque
924 959 1112 988 mediocriter
1135 970 1185 987 eos
1209 959 1430 987 aversabantur.
1474 959 1567 987 Plaut.
1590 959 1710 987 Poenul.
1726 960 1765 996 V,
1788 963 1826 997 2,
1850 959 1943 1000 (20.):

561 1002 662 1041 Atque
684 1010 715 1030 ut
737 1003 842 1040 opinor
864 1000 972 1040 digitos
994 1003 1023 1030 in
1046 1001 1181 1030 manibus
1203 1013 1260 1030 non
1284 1001 1397 1031 habent.

562 1044 613 1081 Ag.
641 1043 721 1082 Quid
743 1043 828 1073 iam?
871 1044 920 1074 Mi.
947 1043 1023 1082 Quia
1046 1043 1182 1073 incedunt
1206 1056 1271 1073 cum
1295 1042 1444 1072 annulatis
1467 1041 1597 1071 auribus.

109 1084 193 1112 Unde
218 1085 299 1113 iocus
314 1084 466 1113 Ciceronis
490 1086 519 1113 in
536 1087 651 1114 Afrum:
675 1086 773 1126 Atqui
795 1097 892 1114 aurem
913 1086 1045 1126 foratam
1068 1086 1165 1115 habes.
1196 1087 1288 1115 Aliter
1312 1097 1370 1114 non
1394 1086 1497 1121 video,
1520 1095 1593 1122 quae
1617 1085 1731 1123 argutia
1755 1085 1806 1121 sit,
1831 1086 1855 1114 si
1878 1086 1971 1114 Sinnii
1995 1088 2050 1115 Ca-

107 1127 218 1165 pitonis
241 1129 414 1156 sententiam
439 1139 604 1165 sequamur.
629 1128 729 1158 Scal.
768 1129 810 1157 Ex
834 1140 868 1157 ne
890 1134 919 1157 et.
941 1128 1112 1169 quidquam.
1150 1129 1231 1158 Varr.
1255 1130 1286 1160 L.
1307 1129 1337 1157 L.
1360 1129 1411 1156 JX.
1436 1130 1513 1166 (pag.
1524 1130 1597 1159 589.
1622 1129 1699 1166 Sp.):
1734 1127 1771 1156 Ut
1794 1139 1834 1157 ex
1856 1139 1912 1157 non
1936 1136 1962 1157 et
1982 1128 2049 1159 volo

107 1168 192 1205 nolo,
216 1171 260 1198 sic
281 1181 321 1198 ex
345 1182 378 1198 ne
399 1178 424 1198 et
446 1169 607 1210 quidquam
629 1172 695 1199 item
719 1170 817 1199 media
838 1172 949 1199 extrita
972 1171 1087 1210 syllaba
1110 1180 1242 1200 coactum
1266 1179 1306 1200 est
1329 1182 1461 1211 nequam.
1483 1170 1572 1199 Dac.
1611 1170 1744 1209 Nequam
1768 1166 1897 1210 ἀχρεῖος,
1924 1171 1973 1200 cui
1995 1182 2048 1211 op-

108 1214 231 1250 ponitur
252 1212 341 1241 honio
365 1213 444 1250 frugi
467 1217 496 1241 et
519 1214 653 1250 diligens.
699 1215 738 1241 l)e
762 1224 821 1251 quo
846 1214 972 1244 l.11.ss',
997 1214 1034 1242 de
1058 1215 1192 1252 periculo
1215 1220 1244 1243 et
1266 1224 1376 1243 comm.
1399 1214 1441 1242 rei
1464 1213 1553 1241 vend.
1601 1210 1708 1241 Goth.

270 1255 435 1285 Nervam.
483 1256 684 1284 Glossarium:
709 1255 821 1284 Nervus
843 1256 997 1292 ξυλοπέὸ·ι].
1028 1257 1208 1294 Simpliciter
1231 1262 1344 1285 veteres
1368 1256 1457 1284 Anici
1480 1265 1603 1283 nervum
1627 1254 1773 1283 vocabant
1794 1257 1904 1290 κοῖλον,
1925 1254 1983 1283 hoc
2005 1259 2050 1284 est

106 1298 228 1333 lignum.
272 1298 304 1325 In
328 1297 408 1325 Xll.:
443 1296 587 1326 AERIS.
612 1296 850 1327 CONFESSEI.
875 1297 1116 1336 REBUSQUE.
1140 1298 1253 1328 IURE.
1279 1296 1573 1328 IOUDICATEIS.
1599 1295 1823 1327 TRIGINTA.
1849 1296 1954 1326 DIES.
1979 1295 2048 1326 IU-

108 1337 214 1368 STEI.
234 1338 388 1368 SUNTO.
408 1339 635 1368 POSTIDEA.
659 1339 777 1370 INDU.
799 1340 969 1369 MANUS.
993 1340 1155 1369 IACTIO.
1179 1340 1298 1370 ESTO.
1323 1340 1378 1369 IN.
1402 1339 1511 1369 IOUS.
1538 1338 1712 1369 DUCITO.
1735 1338 1817 1367 ΝΕΙ.
1840 1337 2049 1368 IOUDICA-

110 1380 216 1410 TUM.
242 1380 379 1410 FACIT.
402 1381 505 1410 AUT.
534 1381 787 1419 QUIPSENDO.
811 1381 958 1411 IOURE.
985 1382 1193 1412 VINDICIT.
1218 1383 1375 1412 SECUM.
1400 1381 1571 1411 DUCITO.
1600 1380 1790 1411 VINCITO.
1815 1381 1918 1411 AUT.
1943 1379 2049 1409 NER-

109 1421 178 1454 VO.
200 1423 303 1453 AUT.
337 1422 627 1453 COMPEDIBUS.
663 1424 920 1462 QUINDECIM.
950 1424 1105 1454 PONDO.
1138 1425 1203 1456 NE.
1235 1424 1419 1455 MINORE,
1450 1424 1555 1453 AUT.
1579 1423 1654 1453 SEI.
1681 1422 1836 1452 VOLET.
1859 1421 2048 1452 MAIORE.

109 1464 300 1495 VINGITO.
332 1465 408 1494 SEI.
442 1465 599 1496 VOLET.
632 1466 725 1496 SUO.
759 1466 928 1497 VIVITO.
959 1466 1037 1495 NEI
1068 1467 1162 1496 SUO.
1191 1467 1330 1497 VIVIT.
1359 1466 1444 1504 QUI.
1469 1466 1574 1495 EUM.
1600 1464 1813 1495 VINGTUM.
1837 1464 2047 1495 HABEBIT.

105 1507 280 1538 LIBRAS.
312 1507 485 1538 FARRIS.
514 1508 568 1537 IN.
599 1508 705 1539 DIES.
730 1508 862 1538 DATO.
888 1508 962 1539 SEI.
988 1508 1145 1538 VOLET.
1168 1510 1289 1539 PLUS.
1314 1509 1446 1538 DATO.
1491 1509 1582 1544 Nam,
1614 1508 1658 1536 uti
1683 1508 1760 1544 dixi,
1790 1511 1883 1538 κοῖλον
1904 1507 2051 1536 vocabant

106 1551 185 1578 hunc
209 1561 348 1587 nervum,
380 1551 474 1582 unde.
497 1552 546 1589 qui
571 1562 606 1579 ex
630 1552 693 1587 lege
717 1551 786 1579 nexi
810 1555 909 1585 erant,
942 1551 1120 1580 dicebantur
1142 1552 1359 1590 ἐγκαλυσκελεῖς
1381 1552 1410 1580 in
1434 1552 1547 1588 legibus
1570 1550 1803 1580 Atheniensium.
1849 1550 1968 1578 Glossae
1990 1549 2051 1578 He—

107 1593 220 1631 sychii:
259 1592 498 1632 Ἑγκαλοσκελεῖς
528 1594 558 1623 οἱ
586 1592 625 1631 μή
656 1591 856 1628 ἀποδιόόντες
883 1590 918 1622 τὰ
947 1593 1033 1632 χρέα,
1070 1594 1100 1624 ἐν
1129 1592 1232 1629 κάλοις
1261 1592 1452 1632 ἐδεσμεύοντο
1482 1591 1551 1629 τοὺς
1579 1592 1683 1628 πόδας.
1735 1593 1816 1620 Unde
1844 1593 2050 1621 Terentianum

107 1635 236 1671 (Phorm.
256 1635 307 1670 W,
331 1638 365 1670 4,
393 1638 467 1672 15.);
501 1633 534 1662 In
559 1646 672 1663 nervum
693 1636 792 1674 potius
814 1634 874 1662 ibit.
919 1635 1136 1664 Tertullianus:
1167 1636 1274 1665 Nescio
1297 1648 1336 1664 an
1359 1647 1425 1664 crus
1448 1634 1483 1663 cle
1503 1634 1655 1674 periscelio
1679 1636 1709 1663 in
1732 1646 1846 1663 nervum
1870 1646 1899 1663 se
1918 1635 2051 1674 patiatur

107 1679 207 1706 artari.
255 1680 360 1705 lrrsus
383 1678 480 1705 Plauti
503 1677 661 1705 mendosus
685 1678 724 1704 itu
746 1677 900 1714 legendus:

663 1718 820 1758 Perfidiose
841 1727 960 1757 captus⁷
993 1717 1095 1757 edepol
1116 1730 1202 1749 nervo
1226 1720 1349 1748 cervices
1370 1717 1489 1758 probas.

108 1759 210 1790 Scal.
234 1761 348 1789 Nervus
371 1761 522 1789 vinculum
547 1762 690 1797 sel'teum,
715 1772 772 1800 quo
797 1761 887 1800 pedes
912 1762 957 1790 vel
982 1762 1113 1790 cervices
1137 1762 1355 1801 impediuntur,
1380 1762 1415 1789 de
1439 1761 1604 1789 cervicibus
1628 1760 1722 1788 Plaut.
1746 1764 1778 1789 ut
1801 1759 1938 1788 emendat
1960 1758 2052 1787 Scali-

107 1814 171 1842 ger:
202 1802 359 1843 Perfidiose
382 1810 436 1833 etc.
462 1803 519 1832 lioc
543 1810 602 1840 est,
632 1804 841 1840 convenientes,
876 1809 904 1832 et
927 1805 956 1832 in
979 1804 1076 1834 Aulul.
1094 1805 1146 1841 IV,
1173 1807 1225 1840 10,
1250 1803 1342 1844 (13.).
1388 1804 1489 1842 Neque
1514 1804 1639 1832 ferreum
1663 1807 1778 1831 tantum
1801 1802 1971 1840 vinculum,
2001 1799 2052 1835 sed

107 1851 137 1875 et
158 1846 304 1884 ligneum,
339 1847 418 1874 unde
442 1853 554 1874 veteres
578 1847 691 1884 glossae
713 1846 878 1885 ξυλοπέδην
899 1847 1136 1884 interpretantur
1158 1847 1218 1875 ritu
1242 1847 1349 1875 Attico.
1393 1846 1483 1875 Attici
1511 1846 1587 1874 enim
1617 1846 1791 1884 simpliciter
1815 1855 1940 1874 nervum
1961 1852 2053 1875 ,voca-

107 1889 179 1917 bant
201 1891 308 1923 κᾶλον,
332 1888 453 1928 lignum.
478 1889 563 1917 Dae.
602 1888 746 1927 Aedepol.
786 1890 826 1916 Eo
850 1889 910 1927 pol.
957 1888 1061 1918 Goth.
1786 1925 1787 1928 Ἴ

271 1930 424 1960 Nexum.
452 1930 510 1970 (Ad
528 1942 556 1969 p.
571 1931 651 1969 177.)
676 1931 808 1960 Solemnis
831 1932 906 1960 ritus
930 1936 958 1960 e‘t
982 1931 1107 1959 formula
1132 1931 1355 1959 abalienationis
1378 1930 1440 1959 eius
1464 1930 1506 1958 rei
1530 1940 1603 1968 quae
1626 1929 1775 1968 mancipio
1798 1927 1924 1957 <labatur
1942 1927 1989 1955 vel
2007 1927 2053 1966 pi-

107 1975 201 2012 gnori.
226 1974 317 2002 Cicer.
331 1974 383 2001 Ill.
403 1975 440 2009 (e.
455 1977 516 2010 40.)
532 1974 566 2001 de
583 1974 681 2002 Orat.:
705 1973 823 2002 Nexum
847 1981 887 2002 est
909 1972 989 2013 quod
1009 1985 1060 2012 per
1075 1973 1182 2002 libram
1199 1974 1305 2013 agitur.
1330 1973 1383 2001 Da
1394 1985 1417 2002 c.
1446 1973 1622 2001 Testamenti
1633 1972 1740 2011 factio.
1763 1972 1981 2000 Testamentum
1999 1980 2053 2008 per

108 2027 154 2045 aes
174 2022 202 2044 et
218 2016 322 2044 librum
339 2016 484 2052 intellige,
508 2026 566 2054 quo
584 2017 800 2054 paterfamilias
816 2017 857 2052 ei,
881 2026 966 2054 quein
983 2026 1182 2044 successorem
1199 2018 1340 2053 elegerat,
1365 2016 1505 2043 familiam
1529 2025 1612 2043 suam
1635 2024 1668 2042 ac
1691 2014 1861 2042 universum
1884 2013 1930 2040 ius
1947 2012 2051 2050 patris-

107 2060 175 2088 fam.
198 2059 344 2097 mancipio
370 2059 567 2093 xendebatur,
592 2059 627 2086 ab
651 2059 703 2087 illo
727 2069 878 2086 nummum
902 2068 1023 2086 aeneum
1048 2058 1099 2096 qui
1122 2059 1198 2086 libra
1223 2058 1423 2097 pendebatur,
1447 2057 1612 2094 imaginarii
1635 2057 1722 2096 pretii
1739 2055 1871 2090 nomine,
1894 2054 2053 2092 accipiens.

107 2102 192 2131 Nemi
205 2100 297 2129 datio.
331 2101 446 2129 Nexum
464 2101 549 2138 dare,
574 2100 684 2129 donner
699 2100 820 2140 quelque
833 2100 917 2130 chose
934 2113 965 2129 en
983 2100 1176 2140 hypotheque,
1198 2113 1231 2129 en
1244 2112 1320 2139 gage
1333 2102 1451 2140 jusques
1468 2099 1486 2128 ιὶ
1501 2099 1611 2129 l'entier·
1623 2105 1787 2138 payement‚
1810 2106 1868 2137 par
1883 2095 2053 2125 l'entremise

107 2144 143 2172 de
165 2143 195 2172 Ia
220 2142 342 2172 balance
363 2151 388 2171 et
412 2142 447 2171 de
469 2143 500 2172 la
524 2154 674 2181 monnaye.
716 2144 752 2171 Et
778 2144 921 2172 differunt
948 2154 1056 2171 nexum
1079 2141 1149 2171 clare
1180 2142 1295 2182 aliquid
1318 2148 1346 2171 et
1369 2154 1449 2171 nezru
1472 2141 1584 2171 tradere
1606 2139 1732 2180 aliquid.
1772 2139 1892 2168 Nexum
1918 2138 1987 2167 dare
2011 2144 2052 2167 est

107 2197 167 2216 rem
194 2187 307 2214 tradere
330 2186 369 2213 ita
391 2192 423 2214 ut
446 2196 504 2213 non
528 2186 615 2224 plane
638 2196 672 2214 ac
695 2186 789 2214 solide
817 2191 948 2214 transeat
971 2185 1007 2213 ad
1033 2191 1190 2222 mutorem,
1227 2186 1277 2214 sed
1302 2196 1377 2213 nexa
1410 2190 1439 2213 et
1462 2185 1589 2214 obnoxia
1611 2187 1728 2211 maneat
1758 2182 1919 2211 venditori.
1962 2181 2052 2210 Nea—u

107 2228 235 2261 tradere,
260 2230 297 2256 ita
322 2238 382 2257 rem
406 2229 583 2264 abalienare,
608 2233 641 2256 ut
663 2238 693 2255 ea
720 2229 893 2266 accipientis
915 2228 966 2256 liat
989 2228 1018 2255 in
1042 2228 1178 2257 solidum.
1202 2228 1290 2257 Duc.
1324 2227 1452 2256 Nexum.
1491 2227 1557 2255 Dixi
1581 2226 1617 2254 ad
1640 2225 1804 2255 Varronem
1827 2225 1868 2264 (p.
1878 2224 1952 2256 385-
1975 2224 2048 2261 SP·)·

106 2271 189 2301 Nesci
211 2271 313 2300 danto.
353 2273 426 2299 Rem
448 2271 538 2299 datio.
574 2270 657 2299 Nexi
679 2269 831 2301 liberanto.
871 2271 945 2299 Nexi
969 2270 1113 2299 liberatio.
1163 2269 1266 2300 Goth.

270 2314 483 2352 Negumate.
529 2313 624 2342 Verba
649 2314 699 2342 Cu.
724 2313 829 2342 Marcii
857 2314 1018 2351 interprete
1047 2318 1141 2350 egent.
1169 2313 1253 2342 Ant.
1277 2313 1371 2351 Aug.
1415 2313 1492 2350 Lego
1515 2311 1664 2350 neginate,
1693 2310 1741 2340 vel
1763 2315 1913 2350 negunate.
1953 2304 2048 2342 Negi-

106 2367 176 2385 nare
199 2367 256 2394 pro
279 2368 397 2395 negare,
428 2362 459 2384 ut
482 2357 614 2385 natinare
636 2366 690 2395 pro
714 2363 826 2384 natare.
871 2356 1015 2384 Carminis
1038 2356 1176 2384 Martiani
1201 2356 1288 2384 verba
1312 2356 1353 2383 ita
1374 2355 1515 2384 videntur
1541 2352 1679 2391 legenda:

727 2396 867 2435 Quamvis
889 2397 1046 2427 induitium
1069 2397 1213 2434 duonum,
1245 2404 1405 2437 negumate.

1492 2446 1640 2481 Uuu*
