2263 2668
215 133 290 169 194

442 225 539 259 Dum
564 224 674 258 Pelea
694 223 797 256 dulce
822 224 970 259 maritat

448 278 587 319 Pelium

215 330 337 364 Statius
369 329 411 363 11.
446 325 656 361 Achilleidos
670 321 690 357 ¹.
744 324 903 358 Horatius
942 325 977 359 in
1009 325 1152 372 Epodo:

442 378 549 411 Alcas
596 377 743 409 maritat
785 376 935 421 populos
948 373 970 411 ².

215 427 319 475 Leto,
366 442 425 474 as;
467 428 605 462 Ovidius
636 428 670 460 in
703 427 799 460 Ibide
815 424 843 461 3:

891 128 1124 166 EUTYCHII
1165 131 1477 170 GRAMMATICI

446 479 581 526 Quique
607 479 837 523 Lycurgiden
863 479 984 513 letavit
1010 483 1044 514 et
1070 479 1199 514 arbore
1225 485 1357 514 natam.

214 534 309 567 Idem
336 532 368 565 in
393 529 479 566 ΙΙΙ.4
506 530 756 575 Metmnorpn:

438 583 635 627 Letumque
661 593 812 627 corpora
838 581 935 615 vidit.

213 634 372 679 Exceptis
398 635 513 679 paucis
548 634 663 667 tertiae
697 633 954 678 coniugationis,
990 643 1077 675 quae
1112 636 1144 665 et
1178 627 1365 676 disyllaba⁵
1391 634 1482 672 sunt,

213 686 370 727 cedente,
396 690 511 730 scuto,
534 685 662 730 scatis3
687 685 767 719 licet
794 697 862 718 non
884 685 924 717 sit
952 683 1019 716 eius
1041 683 1196 727 frequens
1226 695 1309 717 usus.

213 737 353 782 protulit
363 748 370 770 z

1535 634 1567 663 et
1592 631 1767 675 primitiva.
1820 634 1857 666 A
1894 633 2031 678 quidem
2058 638 2157 667 ante-

1363 682 1466 716 Cuius
1492 681 1713 717 infinitivum⁶
1739 684 1913 719 Lucretius
1945 686 1980 719 in
2007 685 2065 720 vl.
2099 686 2157 719 lib.

438 785 667 833 Largssuum
687 785 827 832 sontem
848 789 985 819 scatere
1012 788 1116 830 atque
1146 796 1329 831 erumpere
1351 785 1466 818 lumen
1478 781 1500 817 ².

213 839 265 873 Ex
291 850 358 883 quo
385 835 542 872 Horatius
564 838 730 883 participii
757 838 936 882 praesentis
962 837 1185 871 accusativum
1212 838 1244 870 in
1269 837 1329 873 Ill.
1352 836 1409 871 lib.
1436 835 1580 870 Carmin.
1606 834 1747 881 protulit
1762 832 1791 869 ⁸:

439 889 501 924 Sic
523 894 555 923 et
581 890 726 934 Europe
751 891 887 922 niveum
910 889 1030 921 doloso

443 941 613 975 Credidit
630 945 731 974 tam-0
760 942 870 981 latus,
894 944 926 973 et
951 943 1141 973 scatentem

437 992 558 1026 Beluis
573 997 729 1038 pontum,
756 993 959 1036 mediasque
971 991 1130 1037 fraudes

624 1044 759 1077 Palluit
784 1044 918 1078 audax.

212 1095 247 1128 E
268 1098 377 1128 autem
403 1095 528 1136 vocali,
554 1100 590 1128 ut
616 1100 722 1139 meto,
757 1099 858 1140 peto,
892 1099 924 1128 et
951 1105 970 1127 c
996 1098 1196 1128 consonante
1223 1093 1459 1135 antecedente,
1492 1098 1529 1128 ut
1554 1093 1682 1140 flecto,
1717 1095 1780 1138 tis,
1805 1099 1922 1138 necto,
1949 1095 2011 1137 tis,
2040 1099 2157 1140 pecto,

212 1147 266 1187 tis,
289 1157 309 1179 r
334 1147 479 1179 similiter
508 1147 740 1188 antecedente,
767 1152 803 1179 ut
828 1150 941 1187 verto,
970 1146 1031 1187 tis,
1064 1149 1187 1189 stertu,
1218 1146 1270 1178 tI's.

212 1198 256 1230 tis
272 1194 292 1230 ⁹.

212 1252 338 1293 testor,-
365 1253 400 1282 ut
425 1249 584 1282 Horatius
610 1250 809 1282 Sermonum
834 1250 891 1282 lib.
917 1250 961 1282 1.:

438 1301 536 1333 Licet
563 1302 732 1334 antestari
746 1297 778 1333 ¹¹.

1324 1146 1349 1185 I
1371 1146 1605 1188 antecedente,
1627 1151 1663 1179 ut
1686 1147 1779 1187 sisto,
1802 1147 1863 1188 tis,
1887 1147 1995 1188 mitto,
2025 1146 2156 1193 [2186]

346 1198 384 1230 In
409 1202 465 1231 tor
490 1209 625 1242 quoque
656 1198 836 1231 desinentia
863 1198 1082 1242 deponentia,
1119 1198 1172 1230 vel
1209 1198 1417 1240 communia,
1442 1198 1572 1242 primae
1598 1202 1671 1231 sunt
1684 1195 1719 1240 ¹⁰,
1751 1202 1907 1241 scrutor,
1939 1202 2064 1242 testor,
2091 1209 2156 1233 an—

212 1351 376 1384 Notantur
400 1353 516 1385 tertiae
542 1352 798 1397 coniugationis‚
818 1352 974 1396 plector,
1001 1352 1212 1397 amplector,
1241 1351 1470 1396 complector,
1497 1351 1608 1394 nitor,
1633 1355 1729 1394 utor,
1763 1356 1797 1386 et
1822 1352 1865 1386 ab
1891 1351 1944 1385 his
1960 1348 1985 1369 ¹²
2011 1362 2154 1396 compo-

214 1402 293 1442 sita3
318 1406 436 1436 vertor
463 1414 598 1446 quoque
621 1410 654 1436 et
678 1407 841 1437 revertor.

376 1453 434 1488 16.

485 1455 524 1487 In
550 1466 610 1495 vo,
640 1467 662 1487 v
688 1455 796 1488 vocali
829 1465 893 1498 pro
929 1458 1128 1487 consonante
1161 1457 1236 1486 ante
1269 1464 1288 1486 ο
1321 1454 1447 1498 posita,
1484 1454 1596 1488 omnia
1627 1455 1756 1499 primae
1794 1459 1868 1488 sunt
1902 1453 2154 1498 coniugationis‚

215 1505 377 1548 pleraque
398 1505 483 1538 enim
512 1511 585 1538 sunt
606 1506 772 1546 derivata,
798 1510 834 1538 ut
860 1506 955 1548 levo,
984 1516 1042 1548 as,
1072 1516 1189 1546 servo,
1224 1516 1283 1545 as,
1312 1516 1427 1538 curvo.

1479 1507 1645 1539 Notantur
1669 1507 1784 1540 tertiae
1811 1506 1897 1549 duo,
1931 1506 2026 1549 vivo,
2058 1505 2154 1547 vivis,

215 1556 303 1589 unde
328 1568 450 1590 nomen
475 1562 523 1590 est
549 1557 735 1590 derivatum
760 1557 868 1597 vivus,
896 1561 929 1589 et
955 1557 1052 1598 lavo,
1075 1557 1115 1597 is,
1141 1562 1178 1589 ut
1200 1556 1360 1601 Virgilius
1381 1557 1414 1590 in
1435 1557 1496 1590 X.:

301 1668 326 1698 1)
351 1666 424 1695 Stat.
445 1665 554 1696 Achill.
582 1666 624 1702 ΙΙ,
644 1668 715 1698 342.
742 1675 802 1704 seq.
824 1665 896 1694 Cod.
919 1665 1053 1694 exhibet:
1076 1667 1162 1693 Dum

214 1706 389 1744 pellirlulci
412 1710 537 1735 maritat
554 1709 673 1745 peleon,
698 1708 749 1736 sed
765 1709 938 1746 corr.pelea
955 1713 983 1736 et
998 1709 1162 1747 pelion.—

217 1748 245 1786 2)
268 1749 357 1776 Recte
383 1749 453 1777 Cod.
482 1750 599 1779 Altus.
630 1751 707 1778 Cain.
732 1751 764 1779 P.
797 1751 884 1779 allo-9.
917 1751 992 1778 Tum
1023 1752 1162 1778 maritas

218 1790 288 1818 cod.
311 1801 326 1818 a
351 1802 395 1828 pr.
425 1801 462 1818 m.
488 1793 598 1819 marito
622 1802 698 1821 corr.
726 1794 866 1820 maritat
895 1793 974 1822 Cam.
999 1793 1029 1821 P.
1059 1793 1162 1822 Horat.

217 1832 312 1871 Epod.
334 1833 377 1867 II,
401 1835 431 1863 9.
462 1849 503 1854 —
532 1833 563 1869 3)
587 1834 621 1862 In
646 1834 728 1861 Ibin
752 1835 827 1862 Cam.
856 1835 886 1864 P.
909 1836 998 1863 Recte
1021 1837 1054 1863 in
1080 1835 1163 1864 Ibide

219 1874 290 1903 cod.
312 1875 387 1903 Tum
407 1875 437 1902 in
460 1875 567 1904 Codice
593 1876 730 1903 mendose
759 1876 918 1905 licorciden
942 1882 971 1906 et
993 1877 1161 1906 mendosius

219 1926 296 1946 corr.
312 1917 486 1956 ligorciden.
525 1917 634 1946 Deinde
657 1924 709 1946 nat
718 1929 738 1945 ιι
747 1929 776 1945 m
801 1929 855 1956 pro
877 1925 993 1948 natam
1016 1925 1059 1949 est
1082 1920 1163 1959 apud

218 1959 327 1997 Ovid.‚
350 1960 400 1987 sed
422 1966 540 1987 natam
562 1961 632 1988 cod.
648 1961 726 1988 Cam.
748 1961 778 1989 P.
801 1961 934 1989 Ceterum
952 1963 1024 1991 Cod.
1041 1964 1116 1991 Leto
1134 1967 1163 1992 et

219 2002 332 2032 letavit.
356 2002 433 2030 Cam.
458 2003 486 2030 P.
511 2004 606 2030 Laeto
625 2019 666 2024 —
686 2004 820 2031 laetavit.
851 2003 906 2031 Ov.
928 2004 1002 2033 Ibid.
1022 2008 1091 2037 503,
1120 2022 1163 2028 -

219 2044 249 2082 4)
273 2043 354 2072 Idem
374 2045 406 2072 in
432 2044 485 2073 III.
505 2046 626 2072 stletam.
650 2046 720 2073 Cod.
741 2045 821 2074 Idem
844 2047 874 2072 in
898 2046 952 2074 IV.
977 2047 1042 2077 libr.
1060 2049 1164 2076 ,Heta-

222 2087 339 2125 morplt.
355 2087 433 2115 Cam.
455 2088 486 2116 P.
509 2087 597 2117 Ovid.
619 2088 688 2116 Met.
709 2088 765 2123 HI,
790 2088 842 2120 55.
865 2087 937 2116 Cod.
960 2094 1038 2117 recte
1060 2091 1163 2120 letata.

221 2129 300 2158 Cam.
330 2129 362 2158 P.
399 2129 522 2157 laetata.
566 2146 606 2152 -—-
650 2129 677 2168 5)
705 2130 871 2167 Di-spllaba
901 2130 971 2158 Cod.
995 2131 1164 2169 d1.³.syll(1ha

222 2172 300 2199 Cam.
321 2171 352 2199 P.
381 2187 423 2193 —
451 2174 477 2208 6)
500 2171 603 2200 Etiam
627 2172 740 2200 addunt
764 2174 842 2200 Cani.
864 2173 895 2202 P.
925 2189 966 2194 —
993 2172 1022 2212 7)
1045 2175 1162 2206 Lucret.

220 2214 263 2242 Dc
286 2214 320 2241 R·
343 2213 454 2251 N.V1‚
481 2214 550 2245 598.
578 2230 619 2235 -·
645 2218 671 2249 8)
704 2215 836 2242 Protulit
863 2214 933 2244 Cod.
956 2215 1060 2251 R‘fi'st
1086 2218 1163 2246 Cam.

221 2256 253 2284 P.
278 2256 331 2284 Est
354 2256 456 2284 Horat.
480 2257 567 2284 Odar.
592 2256 649 2293 111,
673 2259 724 2293 27,
748 2258 798 2288 25.
828 2267 909 2295 seqq.
933 2273 975 2278 —
996 2256 1024 2295 9)
1048 2259 1162 2289 Turbae

222 2297 252 2327 h.
268 2298 287 2328 l.
303 2298 334 2325 in
358 2298 428 2327 cod.
453 2308 524 2337 quas
551 2299 626 2326 male
648 2304 794 2327 correctas
817 2299 896 2338 apud
920 2299 1092 2328 Putschium
1114 2302 1163 2329 vi-

224 2341 291 2370 des:
314 2341 346 2368 E
364 2346 462 2369 autem
487 2340 671 2369 antecedente
693 2342 806 2378 vocali,
827 2346 921 2379 pecto,
946 2344 1166 2381 nectohslecto,

225 2389 250 2412 et
265 2383 363 2422 plecte
384 2385 514 2422 antique.
558 2385 589 2412 E
612 2384 692 2411 brevi
715 2383 900 2412 antecedente
929 2383 1007 2421 duo,
1033 2391 1099 2423 pelo
1127 2397 1164 2413 ac

1205 1670 1291 1695 meto.
1336 1667 1365 1694 R
1388 1665 1587 1705 antecedente,
1617 1668 1758 1695 similiter
1785 1666 1866 1703 duo,
1897 1671 1977 1695 verto
2004 1671 2032 1694 et
2053 1670 2154 1694 sterto.

1208 1709 1368 1736 Geminam
1391 1720 1455 1737 vero
1480 1715 1492 1736 t
1513 1716 1583 1738 ante
1599 1721 1629 1747 o,
1654 1721 1767 1747 unam,
1790 1711 1888 1739 mitto.
1931 1710 1974 1737 Et
1997 1709 2154 1736 Santece-

1205 1749 1305 1787 dente,
1328 1752 1467 1779 similiter
1489 1762 1600 1790 unam,
1630 1758 1686 1781 sto.
1729 1753 1763 1780 In
1785 1751 1892 1790 quibus
1912 1751 1998 1789 plura
2025 1750 2154 1779 absurda

1204 1792 1313 1830 inesse,
1340 1798 1428 1832 patet.
1474 1794 1574 1823 Codex
1597 1795 1653 1823 ita:
1675 1795 1708 1823 E
1720 1799 1824 1822 autem
1843 1797 1953 1821 consuti
1977 1791 2154 1821 anteceden-

1230 1856 1257 1870 ne·

1205 1882 1232 1905 te
1250 1878 1355 1905 tertiae
1375 1879 1600 1917 coniugationis
1614 1884 1649 1906 ut
1661 1879 1753 1917 flecto
1775 1879 1816 1905 tia·
1832 1883 1915 1905 necto
1934 1878 1974 1905 tis
1984 1876 2084 1915 plecta
2103 1877 2152 1907 tis,

1204 1930 1230 1949 r.
1244 1921 1384 1949 similiter
1402 1920 1529 1949 antece&⁷
1545 1927 1580 1949 ιιιξ
1592 1927 1672 1949 verto
1688 1922 1738 1956 tis,
1751 1926 1840 1948 stet-to
1857 1921 1905 1948 tis.
1927 1921 2001 1947 sisto
2023 1919 2063 1947 tis
2083 1919 2154 1946 mit-

1205 1967 1235 1991 to
1257 1963 1306 1991 tis.
1330 1963 1365 1991 In
1389 1968 1436 1991 tor
1454 1974 1570 2002 qnoque
1591 1969 1646 1992 cet.
1669 1963 1702 1992 ln
1724 1963 1770 1991 his
1791 1962 1921 2001 primum
1941 1961 2016 1990 illud
2039 1964 2151 1989 consuti

1204 2005 1304 2034 mendi
1318 2005 1460 2043 originem
1482 2006 1592 2044 prodit.
1636 2006 1710 2034 Tum
1725 2005 1814 2035 verba
1832 2006 1938 2033 tertiae
1954 2005 2030 2032 coni.
2045 2013 2153 2042 super-

1205 2058 1334 2076 vacanea
1353 2053 1436 2085 sunt,
1463 2048 1601 2086 quoniam
1619 2048 1651 2077 id
1673 2058 1761 2087 supra
1780 2048 1836 2076 iam
1855 2051 1997 2076 notatum.
2022 2046 2061 2075 Et
2085 2049 2152 2074 ante

1206 2100 1235 2120 v.
1255 2091 1328 2118 sisto
1345 2090 1486 2129 quaedam
1510 2091 1615 2120 omissa
1632 2101 1710 2127 esse,
1733 2090 1918 2128 intelligitur.
1961 2089 2099 2118 Proxime
2115 2088 2153 2116 ad

1207 2133 1360 2162 veritatem
1374 2133 1486 2161 accedit
1509 2133 1589 2163 cam.
1612 2135 1644 2161 E
1656 2139 1754 2161 antem
1770 2133 1884 2170 vocali,
1907 2137 1943 2160 ut
1960 2136 2053 2168 meto,
2071 2135 2152 2169 peto,

1207 2181 1233 2203 et
1248 2186 1264 2203 c
1283 2175 1477 2206 antecedente.
1495 2176 1583 2214 flecto
1605 2177 1651 2211 is,
1673 2182 1755 2204 necto
1780 2177 1822 2213 is,
1839 2179 1926 2213 pecto
1948 2175 1992 2211 is,
2014 2184 2041 2203 r.
2057 2174 2152 2201 simi-

1206 2219 1275 2246 liter
1298 2217 1497 2255 antecedente,
1527 2224 1562 2246 ut
1582 2224 1678 2255 verto,
1705 2220 1798 2254 sisto,
1828 2222 1918 2245 =§terto
1944 2217 1987 2254 is,
2010 2217 2149 2244 immitto.

1205 2260 1276 2290 Fert
1293 2261 1406 2299 aliquid
1422 2260 1526 2289 auxilii
1546 2261 1695 2290 recentior
1710 2270 1815 2289 manus
1836 2260 1868 2289 in
1891 2258 1963 2289 cod.
1985 2268 2060 2297 quae
2080 2259 2150 2296 post

1205 2313 1256 2331 vv.
1278 2308 1385 2341 sterio,
1416 2305 1444 2331 is
1471 2302 1546 2332 haec
1568 2303 1664 2332 addit:
1697 2305 1728 2334 S.
1753 2301 1938 2332 antecedente
1966 2306 2001 2328 ut
2025 2303 2147 2327 mesto

1206 2342 1286 2384 (sic)
1312 2346 1341 2376 .ἰ.
1363 2345 1549 2374 antecedente
1573 2352 1616 2382 ut,
1639 2356 1653 2374 e
1673 2346 1778 2385 quibus
1801 2347 1812 2373 i
1834 2342 2018 2373 antecedente
2037 2345 2070 2368 ut
2097 2349 2147 2368 re·-

1207 2387 1272 2426 cepi
1299 2391 1327 2415 et
1357 2388 1478 2416 lectioni
1506 2389 1724 2419 Cama-arianae
1744 2387 1873 2417 intexui.
1927 2385 1986 2413 Iam
2010 2383 2146 2411 Camera-
