2263 2668
230 170 305 205 378
653 167 996 202 COMMENTARH
1024 167 1071 200 IN
1099 167 1240 202 PAULI
1267 168 1463 203 DIACONI
1489 168 1744 203 EXCERPTA

229 263 335 303 equitis
359 267 438 298 erat,
461 270 526 288 cum
549 269 643 298 equus
666 260 708 288 illi
732 259 850 298 publice
873 258 1068 289 adimebatur.
1097 259 1134 289 Et
1155 259 1213 290 hoc
1235 262 1339 291 Festus
1361 271 1416 301 per
1437 260 1560 291 multam
1583 262 1732 300 intelligit.
1757 262 1847 294 Dae.
1880 264 1923 294 Cf.
1940 265 2077 296 Creuzer.
2092 267 2174 297 Anu.

230 307 311 335 Rom.
334 306 482 343 11ag.322.
507 306 535 329 et
558 302 606 339 qui
629 302 667 330 ibi
692 302 774 330 citati
798 306 875 330 sunt.

393 342 616 376 Coenacula.
660 345 836 384 Superiores
863 344 978 375 aedium
1002 349 1121 383 partes,
1156 345 1299 384 quodibi
1322 351 1488 376 coenarent.
1520 346 1624 381 *Gloss.
1649 345 1844 376 caenaculum
1874 345 2055 391 ὑπερῷον.
2100 351 2174 381 Inde

228 390 353 420 Ennius:

882 427 1045 460 Coenacula
1067 430 1203 460 maxima
1226 428 1307 459 coeli.

228 471 425 502 coenaculum
449 481 534 500 suum
559 470 601 500 sic
625 471 765 501 describit
789 471 930 501 Martialis
953 472 1108 512 (Epignl,
1133 475 1210 509 108,
1235 474 1298 509 7.):

297 525 300 528 ’
879 514 917 543 Et
938 513 1029 544 scalis
1051 514 1151 544 habito
1174 514 1265 544 tribus
1287 512 1338 543 sed
1360 512 1438 543 altis.

226 557 303 586 lnsra
327 553 497 593 legendum:
528 553 607 595 quod
629 554 718 584 scalis
741 554 910 593 scanditur,
942 557 1059 596 putavit
1081 558 1242 586 coenacula
1266 557 1345 585 dicta
1368 556 1452 595 quasi
1475 554 1672 594 scandacula,
1705 556 1776 595 quia
1798 557 1945 597 scriptum
1970 564 2032 588 erat
2054 571 2173 590 scaena-

225 598 302 628 cula.
338 598 479 635 Ignorans
504 598 618 626 scilicet
642 598 765 626 Sabinos
789 599 967 628 scaenacula
991 599 1089 628 dicere
1112 610 1168 639 pro
1193 599 1371 636 coenacula,
1396 603 1427 628 ut
1449 600 1582 628 scoelum
1604 610 1660 638 pro
1683 600 1818 637 coelum,
1841 611 1928 629 scena
1951 612 2008 641 pro
2031 612 2122 631 coena
2145 609 2175 632 et

225 642 341 670 similia.
380 640 453 668 Vide
476 650 599 669 scensas.
624 640 713 670 Dac.
753 641 918 670 Coenacula
942 642 992 671 lib.
1009 644 1057 675 15.
1081 644 1103 680 §.
1119 644 1148 675 5.
1164 642 1193 672 ff.
1216 643 1251 671 de
1274 643 1422 681 pignerat.
1446 647 1475 670 et
1502 641 1611 670 ibidem
1640 640 1863 672 coenacularius
1886 648 1915 672 et
1938 643 2174 674 coenaculariam

227 695 360 713 exercere
383 683 444 713 l.5.
459 682 487 711 ff.
512 683 547 710 de
571 682 633 719 his,
658 683 706 721 qui
729 683 806 712 offic.
855 683 957 714 Goth.

388 724 700 754 Centumvimlia.
746 726 797 755 llla
813 727 919 761 verba,
940 738 1014 767 quae
1035 734 1061 756 et
1084 727 1182 757 curiae
1205 725 1302 756 dictae
1322 733 1403 763 sunt,
1427 736 1487 755 non
1510 736 1571 755 esse
1588 726 1666 755 Festi
1689 726 1836 756 existimo.
1871 727 1945 757 Vide
1964 726 2063 758 Curia.
2086 729 2174 758 Ant.

224 767 317 806 Aug.
357 767 396 795 De
420 766 527 804 quibus
551 768 646 796 causis
670 768 847 797 centumviri
870 769 1083 806 iudicaverint,
1107 770 1195 798 docet
1217 779 1270 798 nos
1294 769 1397 797 Cicero
1420 769 1469 798 lib.
1484 769 1505 799 l.
1529 769 1565 798 de
1588 770 1713 798 Oratore
1737 771 1809 806 (3.):
1837 768 1954 800 lactare
1974 782 2003 799 se
2024 772 2055 799 in
2077 772 2174 800 causis

224 807 493 845 centumviralibus,
530 810 559 839 in
583 809 687 850 quibus
709 812 938 850 usucapionum,
975 810 1146 848 tutelarum,
1179 809 1390 851 gentilismum,
1425 812 1631 851 agnationum,
1667 810 1866 850 alluvionum,
1900 811 2174 850 circumluvionum,

223 862 384 888 nea-orum,
415 852 645 890 mancipiorum,
673 854 835 893 parietum,
860 852 1017 892 luminum,
1040 853 1278 890 stillicidiorum,
1300 861 1536 883 testamentorum
1561 861 1710 894 ruptorum
1734 861 1786 882 aut
1808 862 1937 884 ratorum
1960 862 2175 895 ceterarumque

223 905 315 922 rerum
338 893 592 923 innumerabilium
615 896 680 924 iura
706 904 863 926 versantur.
897 896 987 926 Dac.
1034 896 1116 935 Quae
1144 904 1169 927 et
1199 897 1297 926 curiae
1326 894 1424 926 dictae
1453 903 1527 925 sunt.
1572 897 1628 925 Hic
1652 897 1756 925 Festus
1782 896 1889 926 tribum
1911 902 1940 927 et
1960 898 2074 927 curiam
2095 898 2174 926 idem

223 946 285 965 esse
308 941 448 972 testatur,
474 937 554 975 quod
577 947 680 967 verum
705 943 763 974 est,
787 944 815 967 et
838 944 906 968 ante
919 939 1016 968 Servii
1037 949 1157 977 regnum
1181 938 1254 968 haec
1276 938 1335 967 duo
1358 938 1636 975 confundebantur,
1657 940 1697 968 ita
1719 944 1754 967 ut
1777 939 1828 978 qui
1851 939 1964 969 tribum
1986 944 2103 969 tantum
2124 940 2175 969 vel

223 978 334 1007 curiam
359 979 538 1018 appellaret,
562 980 728 1018 designaret
753 985 917 1020 utramque.
960 982 1086 1012 Pessime
1109 982 1214 1020 igitur,
1245 982 1295 1020 qui
1319 980 1355 1010 de
1377 981 1471 1010 hocce
1493 981 1571 1011 Festi
1593 982 1661 1010 loco
1684 981 1858 1011 dubitavere
1880 993 1914 1011 eo
1936 987 2068 1019 tantum,
2093 983 2172 1021 quod

222 1021 317 1050 tribus
343 1022 442 1051 curias
465 1023 627 1053 vocaverit.
673 1024 712 1051 De
735 1024 872 1053 tribubus
896 1029 924 1054 et
947 1025 1038 1054 curiis
1061 1025 1130 1053 vide
1153 1035 1206 1052 suo
1229 1024 1306 1054 loco.
1337 1021 1447 1053 Idem.
1493 1024 1668 1053 Centumvir·i
1689 1032 1755 1053 sunt
1779 1022 1861 1054 dicti.
1905 1025 1954 1054 Sic
1977 1026 2028 1054 etsi
2053 1025 2172 1063 triginta

222 1065 353 1102 quinque
377 1069 474 1093 essent
497 1065 613 1101 curiae,
638 1075 710 1094 usus
733 1066 880 1103 obtinuit,
903 1071 937 1096 ut
959 1068 1079 1105 triginta
1102 1072 1219 1096 tantum
1242 1066 1419 1096 dicerentur.
1444 1065 1556 1096 Idem.
1595 1065 1821 1096 Centumviralia
1844 1065 1965 1097 iudicia.
2002 1069 2043 1096 ne
2066 1068 2173 1106 quibus

221 1106 289 1135 vide
311 1107 331 1134 l·
348 1108 394 1137 13.
420 1107 438 1135 l.
454 1110 502 1138 17.
517 1107 547 1136 fl'.
572 1108 608 1137 ‹le
631 1109 795 1139 inofficioso
818 1109 836 1138 l.
857 1110 913 1140 ult.
935 1110 1007 1139 cod.
1030 1111 1067 1138 de
1098 1110 1178 1148 petit.
1201 1109 1345 1138 haeredit.
1369 1109 1388 1138 l.
1412 1109 1465 1138 ult.
1489 1110 1561 1140 Cod.
1585 1109 1622 1139 de
1648 1109 1748 1138 liberis
1778 1110 1955 1148 praeteritis.
1997 1110 2105 1139 Tribus
2127 1111 2173 1139 iu-

223 1148 308 1177 terim
332 1158 382 1177 seu
405 1150 502 1178 curias
518 1151 642 1181 XXXV.
662 1152 770 1180 Romae
794 1152 881 1181 fuisse
905 1152 975 1182 hinc
998 1153 1111 1182 observ.
1132 1154 1174 1190 (v.
1192 1152 1311 1181 interim
1330 1152 1536 1189 Crustumina,
1560 1152 1716 1189 Lemonia,
1738 1152 1886 1188 Lucrum,
1910 1153 2038 1189 Maecia,
2062 1153 2173 1182 Oufen-

220 1191 302 1227 tina,
328 1191 461 1230 Papiria,
487 1192 629 1231 Quirina,
653 1194 805 1225 Romulia.
830 1195 983 1231 Sebatina,
1006 1195 1141 1234 Scaptia,
1165 1195 1334 1231 Stellatina,
1357 1195 1512 1231 Titiensis,
1536 1195 1745 1230 Tromentina,
1770 1194 1932 1233 Urbanas).
1982 1194 2088 1225 Goth.

387 1232 632 1266 Centaurion.
683 1235 886 1267 Graveolentia
914 1246 1065 1267 centaurea
1090 1242 1177 1266 vocat
1200 1237 1300 1274 Virgil.
1325 1236 1391 1278 (Ge.
1408 1237 1465 1273 IV,
1490 1237 1593 1275 270),
1630 1238 1726 1266 tristia
1748 1237 1865 1266 Lucret.
1889 1237 1958 1276 (IV,
1983 1235 2067 1278 123.)
2092 1238 2171 1276 quia,

223 1280 254 1304 ut
277 1276 375 1314 addit,
404 1287 457 1304 suo
481 1287 578 1306 acrem
600 1288 636 1306 ex
661 1288 790 1318 corpore
812 1279 932 1308 odorem
957 1281 1097 1319 exspirat.
1144 1280 1193 1308 Est
1216 1279 1325 1308 herbae
1347 1290 1437 1317 genus
1460 1290 1476 1308 a
1500 1279 1629 1309 Chirone
1653 1284 1795 1308 centauro
1819 1285 1983 1319 repertum,
2014 1281 2094 1309 unde
2114 1292 2173 1320 χει-

221 1316 331 1356 ρώιίον
354 1323 382 1347 et
405 1317 580 1358 κενταύριον
604 1321 780 1350 nominatur.
824 1322 918 1351 Huius
948 1323 977 1351 in
1008 1322 1147 1351 curandis
1175 1322 1348 1351 vulneribus
1375 1327 1458 1351 tanta
1486 1322 1548 1359 vis,
1585 1327 1619 1351 ut
1642 1321 1850 1352 cohaerescere
1874 1323 1959 1352 etiam
1983 1333 2086 1352 carnes
2109 1329 2171 1352 tra-

221 1361 310 1398 dant,
334 1361 356 1389 si
381 1368 549 1399 coquantur
571 1363 666 1392 simul.
698 1364 772 1394 Ptin.
795 1364 845 1393 lib.
858 1366 953 1394 XXV.
975 1376 1038 1404 cap.
1052 1367 1082 1396 9.
1120 1364 1194 1393 Vide
1217 1365 1372 1393 Galenum.
1418 1364 1507 1394 Dae.

388 1411 548 1442 Censere.
596 1414 685 1443 Modo
706 1422 808 1454 putare
832 1416 877 1445 vel
900 1415 1049 1446 arbitrari.
1093 1417 1211 1445 Terent.
1230 1415 1354 1454 Adelph.
1369 1415 1424 1452 lV,
1447 1419 1481 1452 2,
1506 1415 1595 1452 (40.):

802 1466 916 1495 Censen'
940 1465 1083 1495 hominem
1107 1478 1152 1495 me
1173 1465 1255 1496 esse?

221 1512 307 1540 modo
332 1513 500 1549 aestimare,
534 1514 564 1541 in
587 1526 700 1544 censum
725 1515 846 1557 referre,
880 1522 912 1545 ut
936 1528 1047 1545 censere
1066 1515 1217 1556 populum.
1261 1517 1333 1545 Inde
1360 1528 1476 1553 censor,
1514 1517 1567 1555 qui
1592 1516 1732 1545 familiam
1756 1521 1783 1545 et
1806 1517 1881 1545 hona
1905 1516 2014 1545 civium
2038 1523 2171 1546 recenset

220 1559 249 1582 et
271 1556 362 1583 ret'eit
386 1556 413 1583 in
439 1556 553 1584 tabulas
577 1557 720 1595 publicas.
759 1559 831 1587 Item
856 1558 1012 1588 decernere.
1052 1560 1126 1587 Nam
1157 1559 1275 1587 decreta
1307 1569 1360 1597 per
1384 1559 1506 1587 verbum
1532 1570 1629 1587 censeo
1654 1559 1852 1588 declarantur.
1890 1559 1994 1587 Cicero
2012 1559 2061 1588 Ill.
2085 1560 2169 1590 Catil.

221 1597 268 1633 (6,
296 1596 372 1636 13.):
409 1596 556 1634 Quoniam
581 1598 709 1628 nondum
734 1608 774 1629 est
794 1602 1006 1640 praescriptum
1030 1609 1144 1629 senatus
1166 1599 1348 1637 consultum,
1371 1611 1412 1630 ex
1433 1602 1573 1630 memoria
1595 1600 1693 1637 vobis,
1720 1600 1864 1639 Quirites,
1887 1600 1959 1642 quid
1975 1609 2089 1631 senatus
2106 1614 2170 1632 cen-

221 1640 321 1675 suerit,
351 1650 508 1678 exponam.
553 1641 658 1671 Horat.
678 1642 770 1682 Epist.
790 1646 837 1674 17.
864 1643 904 1679 (l,
930 1646 985 1680 17,
1008 1642 1066 1683 3·)2

224 1729 250 1757 D
797 1691 873 1723 Ecce
896 1692 1044 1723 docendus
1065 1692 1180 1731 adhuc,
1205 1705 1278 1734 quae
1300 1700 1394 1724 censet
1416 1692 1571 1725 amiculus.

257 1741 308 1760 ac.

387 1773 518 1804 Censio
547 1774 730 1806 hastaria.
774 1777 849 1808 Vide
873 1778 1037 1808 censionem
1056 1777 1167 1820 facere.

385 1825 589 1866 Cercolips.
634 1826 807 1868 Cercolopis.
834 1828 1003 1867 Legendum
1027 1830 1090 1859 sine
1113 1830 1173 1859 ulla
1195 1829 1400 1859 controversia
1415 1827 1577 1869 Cercolips,
1600 1828 1658 1858 hoc
1682 1834 1725 1857 est
1748 1828 1841 1864 simia,
1866 1837 1942 1867 quae
1963 1828 2088 1858 caudam
2110 1839 2171 1860 non

224 1861 319 1892 babet.
363 1866 502 1897 Martialis
526 1869 626 1907 (XIV,
650 1870 755 1908 202.):

798 1911 834 1942 Si
856 1912 928 1943 mihi
951 1911 1048 1943 cauda
1067 1912 1163 1954 foret,
1187 1913 1401 1953 cercopithecus
1423 1924 1510 1943 eram.

227 1946 373 1988 Cercolips
400 1951 489 1987 igitur
518 1954 681 1992 opponitur
711 1955 938 1994 cercopitheoe,
975 1961 1004 1984 et
1026 1956 1182 1995 proprium
1206 1957 1340 1986 Latinum
1371 1966 1477 1985 nomen
1500 1955 1587 1984 habet
1612 1954 1710 1984 cluna.
1756 1955 1794 1983 At
1816 1954 1921 1984 Festus
1943 1953 1992 1983 hio
2015 1955 2169 1985 manifesto

227 1994 322 2023 errat,
360 1993 407 2028 qui
432 1999 512 2031 putat
537 2006 552 2024 a
575 1997 681 2033 κέρκος
706 2002 734 2027 et
757 1999 843 2033 λίπος
866 1999 992 2035 sactum,
1029 1999 1096 2028 ideo
1126 1999 1204 2037 quod
1235 2009 1362 2028 crassam
1393 2004 1422 2028 et
1449 1998 1585 2026 villosam
1610 1998 1746 2027 ultimam
1769 1997 1879 2026 caudae
1901 2002 2015 2036 partem
2038 1996 2169 2027 baberet.

229 2030 316 2067 Atqui
341 2033 409 2061 talia
435 2037 550 2065 nomina
578 2049 635 2067 non
660 2039 696 2068 ab
720 2040 784 2069 aliis
807 2041 995 2077 nominibus,
1033 2041 1084 2071 sed
1107 2052 1122 2069 a
1145 2041 1243 2070 verbis
1267 2045 1504 2080 componuntur,
1544 2045 1578 2069 ut
1598 2041 1715 2080 αἰγίλιψ
1738 2038 1819 2079 παρὰ
1841 2039 1874 2070 τό
1897 2040 2054 2071 λείπεσθαι
2075 2038 2168 2081 αἰγός,

227 2073 306 2119 quod
330 2084 417 2112 capra
441 2084 546 2106 careat.
583 2080 662 2115 Quin
686 2087 713 2110 et
734 2083 851 2112 nullum
874 2088 918 2113 est
940 2093 1032 2121 genus
1056 2084 1158 2114 talium
1182 2084 1344 2114 simiarum.
1387 2084 1522 2113 Catullus
1545 2093 1662 2121 quoque
1686 2083 1790 2112 harum
1814 2082 1968 2113 simiarum
1991 2083 2168 2112 mentionem

227 2115 297 2144 sac1t
320 2115 348 2143 in
372 2117 575 2156 epigrammate
597 2125 666 2159 (93,
688 2125 753 2163 3.):

388 2199 392 2204 ⁵
795 2165 832 2195 Et
855 2166 984 2206 trepidas·
1005 2166 1113 2207 lingere
1136 2167 1305 2207 cercolipas.

228 2197 322 2245 Qffi'am
347 2209 424 2228 emm
447 2206 565 2238 aPss'l‘tus
588 2214 705 2243 sensus,
728 2219 829 2237 omnes
852 2210 965 2239 vident.
1004 2211 1083 2246 Quid
1107 2211 1183 2239 enim
1208 2211 1338 2247 foedius,
1363 2220 1449 2248 quam
1471 2214 1554 2239 nates
1577 2209 1694 2245 simiae,
1718 2209 1892 2247 praesertim
1915 2209 2092 2248 cercolipis'?
2113 2208 2166 2237 Po-

227 2241 343 2268 llllanus
366 2246 463 2270 tamen
486 2244 588 2271 maluit
610 2247 789 2279 Carbatinas.
819 2252 908 2287 Quod
932 2252 996 2291 ipse
1020 2264 1078 2282 non
1101 2253 1289 2291 excogitavit,
1324 2252 1380 2281 Sed
1404 2252 1443 2280 ita
1466 2252 1496 2280 in
1521 2252 1731 2290 manuscriptis
1754 2252 1879 2281 viderat.
1912 2251 1956 2280 Ita
1979 2252 2055 2281 enim
2078 2250 2166 2279 hahet

227 2283 446 2331 manuscriptus
470 2285 602 2314 Catullus
623 2289 733 2318 clariss.
757 2297 784 2320 et
807 2294 996 2323 eruditissimi
1018 2296 1145 2332 Cuiacii,
1168 2296 1190 2324 1.
1209 2296 1239 2324 C.
1263 2306 1297 2324 ac
1318 2295 1460 2325 senatoris
1483 2294 1664 2332 amplissimi.
1699 2294 1756 2323 Sed
1779 2305 1838 2323 non
1861 2294 2035 2330 defuerunt,
2059 2292 2109 2331 qui
2132 2288 2164 2319 in

228 2325 371 2372 Politiano
394 2326 551 2374 candorem
576 2329 662 2357 animi
685 2333 875 2369 requirerent.
921 2337 1009 2373 Quod
1032 2338 1089 2367 viri
1113 2338 1193 2367 docti
1216 2337 1264 2366 hic
1288 2338 1470 2366 substituunt
1497 2335 1677 2376 Cermlopex
1699 2347 1755 2375 pro
1780 2335 1941 2375 Cercolips,
1965 2342 1996 2364 ut.
2019 2333 2097 2373 quod
2119 2334 2163 2361 in-

226 2376 345 2403 g⁰¹¹¹⁰se
374 2374 573 2407 excognatum
604 2371 639 2399 Sit
671 2372 839 2410 laudamus,
876 2378 914 2406 ita
943 2379 1021 2417 quod
1052 2380 1179 2409 alienum
1202 2391 1216 2409 a
1240 2380 1317 2408 Festi
1347 2379 1491 2409 sententia
1523 2379 1682 2409 reficimus.
1713 2378 1815 2409 Soal.
1861 2379 1893 2407 lu
1918 2377 2004 2406 cuius
2033 2375 2162 2405 editione

226 2409 329 2438 lemnia
352 2415 395 2439 est
418 2410 598 2452 CercolopiS,
619 2423 747 2452 quocum
769 2421 915 2448 consentit
937 2421 1004 2450 nac.
1045 2422 1108 2451 Non
1132 2422 1237 2460 igitur,
1261 2422 1342 2460 quod
1366 2423 1394 2451 in
1417 2432 1496 2451 varr.
1520 2421 1596 2450 lectt.
1620 2421 1766 2457 diximus,
1789 2420 1872 2449 abent
1892 2419 1997 2457 glossa.
