2263 2668
516 133 581 166 DE
608 130 994 166 SlGNlFICATIONE
1023 131 1306 170 VERBORUM.
1360 135 1504 168 LIBER
1531 135 1621 168 XVI.
1968 138 2043 173 645

257 226 340 254 Rem
352 235 439 254 ores.
484 224 528 252 Ad
551 235 682 253 remores
706 235 773 253 aves
796 222 958 262 respexisse
983 223 1100 253 videtur
1124 225 1262 264 Plautus,
1287 237 1353 255 cum
1377 228 1512 267 scripsit:
1542 228 1594 257 An
1618 228 1779 267 auspicium
1803 226 1926 268 aliquod
1948 243 2043 262 remo-

93 276 186 298 ratum
211 268 277 298 est?
301 267 385 297 Dac.
425 267 563 295 Bomoi-es
586 278 660 295 aves.
694 269 834 295 uerum-ae
858 276 936 294 aves,
984 264 1088 295 Goth.

257 310 412 339 Rimari.
458 309 531 337 Vide
554 310 682 337 Nonium
708 310 832 348 (p.382.
857 308 968 346 Mem).
1004 309 1201 340 Glossarium:
1233 311 1379 348 Dirimat‚
1401 315 1577 354 κατερευιᾷ.
1616 313 1771 348 Rimatur,
1794 312 1908 355 ἐρευνᾷ,
1941 314 2042 346 δεαῖ,

91 353 175 381 Bima
199 358 242 381 est
265 365 280 381 a
305 353 419 391 ῥῆγμα,
443 351 563 387 fissura,
588 352 656 379 inde
680 353 796 387 rimari,
822 352 851 379 in
875 351 956 379 rimis
981 361 1141 388 quaerere,
1171 355 1293 392 proprie
1317 355 1352 382 de
1375 355 1492 391 suibus,
1517 356 1567 393 qui
1591 355 1711 393 glandes
1736 355 1880 384 rimantur
1903 356 1939 385 de
1961 358 2043 387 rimis

90 401 247 425 terrarum.
302 395 381 423 Unde
410 399 438 422 et
466 396 594 423 sumitur
624 405 679 432 pro
707 395 801 433 pasci.
854 394 985 427 Rimari,
1024 405 1164 433 quaerere.
1217 396 1296 424 llaec
1327 396 1364 425 ad.
1395 397 1631 436 desperationem
1662 398 1766 425 mutila
1797 403 1866 426 sunt
1895 401 1924 428 in
1954 410 2043 430 versu

90 438 196 467 Ennii;
218 455 260 459 --
282 438 425 466 rimantur
447 438 568 477 utrique.
613 438 647 464 Et
677 437 712 464 de
737 437 872 474 Hispanis
902 437 1001 464 forsan
1025 437 1202 475 loquebatur
1225 439 1353 475 Ennius,
1391 442 1440 477 qui
1465 451 1480 468 a
1504 441 1613 468 Catone
1636 441 1667 468 in
1690 441 1788 477 sugam
1813 441 1891 469 versi
1915 442 2042 472 latebras

90 485 120 508 et
150 490 257 519 specus
286 480 477 508 rimabantur.
530 480 601 507 Nam
632 484 657 508 et
690 480 830 508 continuo
861 478 1040 517 sequebatur
1071 481 1150 518 apud
1182 482 1325 510 Ennium:
1366 482 1439 511 Alte
1468 481 1544 511 eluta
1576 494 1677 522 specus
1706 483 1852 522 petrisque
1884 485 2041 523 ingentibu'

89 530 175 552 tecta.
222 523 306 551 Duc.

253 563 462 593 Remillum.
506 564 528 592 A
553 565 659 599 Remo,
698 563 858 599 remilium,
896 564 1059 602 repandum
1090 566 1182 594 instar
1212 567 1301 602 remi,
1339 566 1388 605 qui
1418 568 1547 596 reflexus
1580 567 1699 596 videtur
1727 567 1756 595 in
1782 577 1866 605 aqua.
1914 569 2040 606 Periere,

88 617 164 645 quae
186 607 263 636 infra
287 617 301 634 e
325 607 440 635 Lucilio
464 612 489 635 et
516 607 637 635 Afranio
662 607 764 635 Festus
788 606 937 635 laudabat.
978 607 1012 635 Et
1037 608 1076 636 nil
1100 608 1202 638 iuvant
1226 609 1368 638 Scliedae.
1413 609 1503 639 Dae.

252 649 530 678 Remorbescut.
577 650 685 678 lterum
711 649 883 678 niorbescat.
929 649 1073 680 mussan:
1099 651 1291 688 rcmorbesco,
1317 649 1481 682 οἷνανοσέω.
1526 652 1612 681 Dae.

251 691 445 732 Refutare.
489 692 523 720 In
548 692 625 720 Festi
649 692 746 720 verbis
771 697 832 720 erat
855 692 974 719 Pacuvii
998 694 1181 731 exemplum,
1208 699 1237 722 et
1261 695 1342 732 quod
1359 694 1393 722 :1
1412 694 1441 722 in
1467 695 1494 722 U
1510 699 1693 729 verteretur,
1719 693 1947 731 ostendebatur,
1973 705 2039 724 cum

87 746 103 763 a
126 734 234 762 claudo
257 734 411 762 recludere
434 735 473 763 sit
496 735 702 773 compositum.
748 735 805 763 Sed
828 734 875 762 hic
898 734 932 763 A
954 735 1084 769 tollitur,
1114 747 1172 764 non
1197 742 1342 773 mutatur,
1374 737 1421 765 vel
1445 748 1502 765 non
1528 738 1589 765 sola
1613 741 1764 774 mutatur,
1796 736 1846 764 sed
1868 736 1935 766 AU
1956 738 1987 766 in
2015 737 2042 766 U

85 778 206 815 longum
230 777 367 806 vertitur.
391 776 481 805 Ant.
504 777 603 816 Aug.
650 778 766 806 Citabat
789 777 958 815 exemplum
982 777 1102 806 Pacuvii
1126 779 1155 806 in
1180 779 1350 809 Hermiona.
1383 779 1536 813 Addebat,
1567 780 1595 808 in
1618 780 1759 808 Refutare
1781 778 1815 807 A
1837 778 1867 806 in
1895 778 1925 806 U
1942 784 2040 808 muta-

84 825 165 856 tum,
200 819 312 848 dictum
338 820 415 848 enim
441 830 503 848 esse
527 831 541 847 a
567 820 674 855 sunder,
713 820 839 858 proinde
862 830 897 848 ac
919 820 949 847 in
974 818 1061 849 cludo
1084 820 1118 849 A
1140 821 1169 849 in
1198 822 1225 850 U
1246 828 1389 851 mutatum
1415 827 1467 851 est.
1512 822 1568 850 Sed
1592 822 1647 850 ista
1671 826 1739 850 sunt
1764 822 1962 850 Grammatica
1984 822 2040 850 ita-

86 873 145 901 que
168 863 275 901 inepta.
320 863 452 890 Primum
483 863 673 891 obliviscitur
702 863 828 901 simplex
852 873 913 891 esse
938 861 1044 890 Fumre
1066 874 1155 902 supra
1179 865 1289 893 dictum
1315 877 1329 893 a
1355 866 1472 894 Catone.
1519 865 1629 893 Deinde
1650 865 1770 902 ignorat
1792 873 1855 892 esse
1879 864 2039 893 deductum

86 906 122 934 ab
153 905 236 940 ollis,
274 915 349 943 quae
379 915 445 933 cum
476 906 625 934 ferventes
656 906 758 944 paullo
787 905 854 944 plus
885 905 1062 940 exuberant,
1101 907 1196 936 solent
1224 908 1286 936 fnto
1311 918 1378 937 vaso
1401 908 1438 936 ad
1462 907 1520 935 hoc
1544 912 1613 946 apto
1637 908 1755 936 inversa
1779 916 1854 945 aqua
1880 908 2039 946 compesci,

85 948 166 986 quod
190 947 302 977 dicitur
326 948 422 977 futare
445 953 475 977 et
498 949 653 976 confutare
676 948 773 976 ollam.
818 947 946 976 Titinius
969 948 1086 976 Setina:

580 997 695 1039 Coquos
717 998 855 1035 ahenum,
884 997 1003 1039 quando
1017 998 1129 1041 fervit,
1157 997 1261 1037 paulla
1287 998 1422 1040 confutat
1446 1007 1520 1030 iruo.

82 1050 126 1078 De
154 1049 220 1079 suto
251 1060 322 1078 vase
354 1055 381 1078 et
406 1060 494 1088 snpra
520 1050 664 1086 diximus,
700 1055 729 1078 et
754 1050 846 1078 Varro
870 1050 1018 1087 meminit,
1055 1056 1083 1079 et
1105 1060 1159 1078 nos
1183 1049 1219 1077 ad
1243 1049 1406 1079 Varronem
1431 1051 1573 1090 quaedam
1598 1049 1678 1079 olim.
1710 1048 1807 1079 Scal.
1852 1049 1926 1079 Vide
1948 1061 2037 1090 supra

82 1091 200 1122 Futare.
229 1091 335 1123 Goth.
380 1092 488 1121 Futare
511 1093 586 1121 nilnl
610 1099 667 1128 est,
693 1093 748 1120 nisi
773 1093 1024 1131 frequentativum
1049 1091 1216 1133 asumlere.

248 1144 559 1174 Renunciscitur.
606 1144 709 1171 Melius
732 1145 929 1180 Renuncitur,
961 1149 991 1172 ut
1014 1145 1042 1172 in
1068 1144 1146 1172 MSS.
1172 1143 1254 1171 Pauli
1279 1144 1422 1182 scniptum
1448 1149 1571 1173 testatur
1595 1143 1676 1174 Voss.
1696 1144 1874 1172 Renuncitur
1896 1154 1913 1171 a
1935 1156 2038 1173 renon-

82 1186 146 1215 οἱον
168 1191 202 1215 ut
224 1186 254 1214 in
278 1186 342 1215 XII.
367 1186 437 1216 Tab.
461 1187 605 1216 nancitor.
631 1186 720 1222 Quod
745 1186 812 1215 vide
836 1197 888 1216 suo
911 1187 986 1216 loco.
1011 1187 1099 1217 Dac.
1137 1185 1340 1226 Reprehenclit.
1368 1187 1578 1226 Uepiehendit.
1608 1186 1807 1216 Nonciscitur.
1839 1186 1924 1215 Adde
1946 1197 2037 1225 supra

81 1228 237 1258 Nancitor.
284 1227 392 1258 Goth.

246 1271 350 1300 Reor.
395 1272 488 1306 Reor,
518 1271 615 1310 inquit
638 1272 759 1308 Festus,
792 1272 938 1307 significat
961 1273 1115 1308 existimo,
1146 1277 1174 1300 et
1197 1271 1311 1308 omnia,
1340 1282 1414 1310 <luae
1438 1272 1473 1300 ab
1499 1283 1531 1300 eo
1556 1271 1758 1305 declinantur,
1783 1276 1814 1299 ut
1836 1270 1933 1307 rebar,
1956 1278 2037 1299 ratus

81 1324 153 1350 sum,
175 1318 230 1342 etc.
257 1314 391 1348 Quorum
411 1314 527 1352 passiva
544 1319 586 1342 est
603 1315 772 1344 auctoritas.
807 1315 870 1350 Ubi,
896 1326 983 1352 quam
1002 1327 1055 1344 nos
1074 1315 1304 1343 terminationem
1323 1314 1464 1352 dicimus,
1488 1315 1590 1343 Festus
1608 1317 1811 1343 auctoritatem
1829 1318 1925 1343 vocat.
1948 1312 2035 1342 Dac.

243 1355 429 1386 Remulco.
475 1356 542 1384 Non
571 1357 642 1385 satis
665 1357 805 1395 exponit,
843 1358 914 1395 quid
940 1360 978 1386 sit
1001 1357 1159 1394 amulcus-5
1198 1367 1292 1394 neque
1316 1358 1392 1385 enim
1416 1358 1456 1386 ita
1480 1357 1591 1385 dicitur
1614 1368 1629 1385 a
1652 1357 1741 1385 remis
1764 1355 1909 1394 scaphae,
1946 1355 1997 1384 sed
2020 1365 2035 1383 a

79 1398 177 1436 ῥῦμα,
208 1397 269 1426 sive
292 1395 403 1437 ῥὐμός,
434 1410 541 1435 remus,
568 1400 649 1437 quod
674 1404 717 1427 est
740 1398 852 1435 lorum,
876 1401 956 1429 unde
980 1405 1007 1428 et
1031 1412 1124 1428 remus
1146 1400 1235 1428 tubae
1257 1400 1354 1428 lorum
1378 1400 1505 1438 dicitur,
1529 1401 1724 1438 ῥυμουλκεῖν,
1749 1398 1818 1426 sune
1840 1397 1974 1434 trahere,
1998 1397 2035 1426 de

78 1439 204 1477 scapha,
231 1450 305 1478 quae
329 1441 516 1478 grandiorem
540 1442 639 1470 navim
663 1442 733 1471 fune
757 1441 864 1479 trahit,
897 1453 969 1481 quae
993 1443 1076 1471 navis
1099 1443 1232 1471 remulco
1256 1442 1332 1470 trahi
1355 1442 1476 1471 dicitur.
1521 1443 1623 1471 Isidor.
1648 1441 1698 1470 lib.
1712 1441 1792 1469 XIX.
1816 1451 1880 1479 cap.
1893 1442 1940 1472 4.:
1969 1440 2035 1468 Re-

77 1481 222 1519 muloum,
243 1483 346 1522 funis,
377 1495 435 1524 qua
458 1482 589 1522 deligata
613 1485 696 1513 navis
717 1483 844 1512 trahitur
866 1486 928 1514 vice
951 1486 1028 1513 remi.
1075 1486 1155 1513 Caes.
1179 1485 1252 1512 Bell.
1277 1486 1337 1512 Civ.
1355 1485 1410 1521 Ill,
1434 1487 1524 1522 (40.):
1553 1483 1609 1513 Ad
1635 1483 1753 1512 Oricum
1776 1483 1869 1518 venit,
1897 1481 2033 1511 submer—

76 1536 197 1565 samque
218 1526 315 1554 navim
340 1524 467 1555 remulco
491 1525 647 1566 multisque
667 1525 842 1555 contendens
854 1526 986 1568 funibus
1002 1525 1132 1555 reduxit.
1157 1527 1199 1555 Ita
1217 1527 1316 1554 Livius
1333 1538 1393 1555 non
1409 1528 1515 1565 semel,
1538 1532 1567 1556 et
1585 1528 1615 1556 C.
1634 1526 1754 1564 Valgius
1771 1525 1912 1564 antiquus
1931 1528 2030 1564 poeta:

657 1576 720 1605 Hic
742 1588 805 1605 mea
827 1588 872 1604 me
893 1575 981 1616 longo
1003 1575 1160 1605 succedens
1179 1587 1269 1615 prora
1292 1576 1420 1606 remulco

696 1619 869 1647 Lactantem
890 1620 986 1658 gratis
1008 1619 1083 1647 sistit
1106 1619 1136 1647 in
1159 1618 1302 1657 hospitiis.

72 1668 274 1710 Ῥυμουλκεῖν.
314 1671 409 1699 Latini
432 1671 535 1701 dixere
559 1668 725 1699 remulcare.
757 1669 842 1700 Dae.
889 1669 1050 1707 Remulco,·
1082 1669 1160 1698 unde
1182 1670 1360 1699 Remulcare
1384 1669 1479 1699 Nonio
1504 1668 1585 1710 (pag.
1600 1672 1651 1702 57.
1675 1669 1791 1711 Mero).
1837 1669 1921 1698 Adde
1943 1678 2032 1707 supra

73 1712 242 1743 Promulco.
289 1711 395 1742 Goth.

238 1755 426 1795 Rigidum.
472 1756 599 1793 Proprie
623 1755 748 1791 durum,
780 1755 862 1794 quod
885 1754 1006 1784 curvari
1029 1765 1087 1783 non
1111 1760 1226 1794 potest,
1251 1759 1279 1782 et
1301 1754 1370 1783 inde
1393 1764 1449 1794 pro
1473 1754 1598 1792 frigido,
1622 1754 1704 1792 quod
1727 1763 1803 1792 quae
1825 1753 1892 1791 gelu
1915 1757 2033 1782 tentan-

73 1803 125 1826 tur
146 1797 240 1836 rigida
263 1803 342 1828 sunt.
383 1799 493 1827 Gloss.:
523 1796 682 1837 Rigiclum‚
706 1796 855 1837 οἶκαμπὲς,
881 1797 1026 1836 σκληρόν,
1051 1795 1188 1837 ἰσχυρόν,
1213 1795 1368 1837 στρυφνὸν
1390 1798 1440 1828 καὶ
1460 1795 1591 1836 ψυχρόν.
1635 1797 1692 1825 Hic
1715 1797 1792 1825 forte
1814 1795 1955 1824 laudabat
1975 1795 2033 1824 Fe-

73 1846 137 1869 stus
161 1841 304 1879 aliquem,
334 1842 387 1880 qui
410 1842 530 1870 dixerat
553 1839 650 1879 rigido
664 1839 770 1882 ser-ro,
799 1845 833 1869 ut
856 1840 994 1878 Virgilius
1018 1841 1094 1869 dixit
1117 1839 1214 1878 rigido
1237 1851 1316 1876 ense,
1340 1840 1417 1868 forte
1441 1844 1470 1868 et
1492 1840 1660 1869 adduxerat
1683 1840 1784 1868 locum
1807 1838 1923 1876 Virgilii
1946 1837 2031 1875 (Aen.

72 1883 148 1919 XII,
170 1884 273 1921 304.):
297 1883 350 1913 Sic
372 1883 469 1923 rigido
493 1883 571 1912 latus
593 1894 657 1911 ense
671 1882 758 1924 ferit.
789 1883 863 1912 Item
887 1884 1012 1911 alterum
1037 1883 1102 1911 ubi:
1129 1883 1203 1911 Tum
1217 1882 1301 1923 ferri
1324 1883 1418 1922 rigor,
1442 1893 1497 1922 pro
1521 1881 1618 1922 rigido
1635 1881 1730 1924 ferro.
1752 1881 1840 1911 Dac.
1878 1877 2030 1919 Frigidum

72 1933 98 1954 el
119 1933 186 1965 post
210 1924 325 1954 durum.
371 1927 452 1955 Idem
476 1926 591 1955 Nonius
615 1924 694 1963 (pag.
707 1927 780 1956 380.
806 1925 906 1964 Merc.)
930 1926 960 1954 in
981 1924 1133 1965 Rigidum.
1181 1923 1285 1954 Goth.

237 1967 496 2010 Regifugium.
542 1968 590 1997 Vl.
612 1968 678 1996 Kal.
701 1968 785 1997 Mart.
810 1968 998 2007 Regifugium
1028 1968 1118 1997 fuisse
1144 1977 1181 1996 ex
1207 1967 1288 1996 fastis
1312 1977 1348 1995 ex
1372 1966 1483 1995 Ovidio
1507 1967 1557 1996 lib.
1570 1967 1607 1995 Il.
1630 1966 1709 1995 Fast.
1732 1966 1817 2005 (685.
1831 1964 1928 2002 seqq.)
1952 1973 2027 1992 con-

71 2014 138 2039 stat.
175 2010 347 2039 Macrobius
368 2017 467 2040 tamen
491 2011 541 2040 lib.
556 2011 578 2041 I.
603 2011 699 2039 Satur.
723 2013 841 2048 (c.12.)
864 2012 955 2040 refert
979 2010 1122 2049 quosdam
1147 2010 1344 2045 existimasse,
1369 2009 1487 2038 Iunium
1510 2020 1640 2038 mensem
1663 2009 1738 2044 dici,
1765 2007 1845 2047 quod
1868 2007 1906 2036 M.
1926 2006 2028 2034 Iunius

69 2053 182 2082 Brutus
206 2054 317 2081 exactis
340 2054 458 2091 regibus
476 2054 588 2083 Carnae
612 2053 683 2082 deae
707 2064 824 2082 sacrum
846 2054 876 2082 in
894 2053 993 2082 Coelio
1018 2058 1117 2081 monte
1141 2053 1267 2081 fecisset.
1302 2053 1402 2080 Cetera
1427 2052 1518 2081 verba
1535 2052 1614 2081 Festi
1636 2062 1696 2080 non
1720 2050 1920 2088 assequimur,
1943 2058 2029 2087 prae-

70 2101 117 2124 ter
140 2106 189 2131 ea,
217 2105 292 2134 quae
314 2096 421 2125 Paulus
445 2101 536 2125 notat.
582 2096 616 2124 In
640 2096 734 2124 Fastis
757 2101 856 2124 autem
880 2096 929 2124 hic
952 2096 1015 2124 dies
1039 2100 1084 2124 est
1108 2100 1187 2123 totus
1210 2095 1351 2124 nefastus.
1391 2095 1537 2124 Videntur
1561 2095 1648 2123 etiam
1671 2092 1817 2122 nonnulla
1838 2091 1888 2121 hic
1910 2091 1947 2120 ad
1971 2091 2027 2120 alia

69 2138 161 2167 verba
185 2139 343 2176 pertinere.
366 2138 452 2168 Ant.
472 2138 567 2177 Aug.
601 2138 754 2176 Agebatur
777 2139 813 2168 de
836 2139 1007 2176 Regifugio‚
1032 2138 1112 2176 quod
1138 2138 1185 2166 VI.
1209 2137 1274 2166 Kal.
1297 2137 1418 2166 Martias
1441 2137 1471 2166 in
1495 2138 1590 2166 Fastis
1612 2140 1749 2165 notatum
1772 2139 1851 2171 erat,
1874 2144 1968 2173 usque
1990 2133 2026 2160 ad

69 2181 120 2209 illa
146 2203 151 2208 .
177 2202 182 2208 .
205 2202 211 2209 .
236 2204 241 2209 .
266 2182 367 2209 truria.
413 2181 483 2210 Mox
513 2181 592 2209 aliud
621 2186 727 2220 caput:
765 2180 956 2221 Regifugium
987 2179 1047 2209 dies
1070 2179 1143 2209 Kal.
1168 2179 1262 2209 Iuniis
1289 2180 1318 2208 in
1342 2179 1441 2208 Fastis
1467 2187 1493 2208 et
1521 2179 1619 2209 nomn·
1640 2186 1666 2207 et
1689 2177 1747 2217 legi
1769 2176 1850 2206 debet
1873 2188 1937 2206 cum
1960 2173 2023 2211 NP,

68 2221 150 2264 quod
171 2221 222 2252 ille
245 2221 305 2251 dies
328 2224 364 2252 sit
387 2235 402 2252 e
424 2223 539 2265 nefasto
556 2223 667 2265 fastus.
712 2224 756 2252 Ex
782 2225 889 2262 quibus
913 2228 1051 2262 apparet,
1089 2223 1173 2251 Festo
1201 2227 1252 2251 aut
1275 2222 1378 2251 Verrio
1404 2221 1591 2260 displicuisse
1614 2221 1765 2258 vulgatam
1788 2220 1943 2249 lectionem
1966 2217 2023 2244 Fa-

68 2272 201 2301 storum,
225 2276 300 2304 quae
323 2266 411 2304 plane
434 2276 491 2295 non
514 2276 569 2305 per
592 2266 656 2303 NP,
680 2266 730 2294 sed
754 2276 807 2305 per
831 2267 869 2301 N,
895 2266 977 2304 quasi
1001 2270 1082 2294 totus
1104 2266 1235 2293 nefastus
1259 2266 1310 2301 sit,
1342 2264 1423 2293 hunc
1446 2265 1523 2293 diem
1548 2264 1737 2303 conciperet,
1762 2266 1790 2291 et
1813 2259 2022 2290 Kalendarium

66 2319 267 2338 marmoreum
291 2309 331 2336 ita
355 2308 443 2337 habet
464 2319 519 2347 per
541 2309 582 2345 N,
610 2318 670 2337 non
693 2319 748 2348 per
767 2309 825 2337 NP.
850 2307 947 2338 Scal.
988 2308 1037 2337 Ait
1060 2309 1180 2344 Festus,
1209 2307 1385 2345 regifugium
1410 2307 1490 2345 quod
1513 2311 1638 2335 notatur
1660 2306 1690 2334 in
1708 2306 1784 2334 Fast.
1801 2304 1848 2333 VI.
1864 2302 1926 2330 Kal.
1943 2301 2021 2348 Mar-

67 2352 124 2381 tias
147 2352 183 2380 de
203 2351 358 2389 Tarquinii
382 2352 448 2389 fuga
472 2362 533 2379 non
557 2361 618 2379 esse
641 2351 882 2389 intelligendum,
919 2350 970 2379 sed
999 2351 1035 2379 de
1063 2351 1139 2388 regis
1167 2360 1321 2379 sacrorum
1346 2350 1415 2388 fuga
1438 2359 1453 2378 e
1477 2349 1616 2378 Comitio·
1662 2349 1795 2377 Alterum
1818 2355 1896 2391 vero*
1911 2342 2022 2380 regifu-

68 2396 147 2432 gium
175 2394 256 2432 quod
280 2394 422 2424 Kalendis
447 2394 552 2431 Iuniis,
589 2394 638 2423 vel
669 2399 700 2423 ut
728 2395 757 2423 in
787 2394 880 2424 veteri
903 2393 1084 2423 Kalendario
1107 2394 1158 2423 IX.
1183 2392 1307 2422 Kalend.
1331 2392 1394 2422 Iun.
1416 2397 1556 2429 notatur,
1595 2391 1632 2421 de
1655 2388 1807 2428 Tarquinii
1836 2395 1913 2424 regis
1943 2385 2020 2423 suga.
