2263 2668
234 197 310 232 574
661 184 1007 221 COMMENTARII
1034 186 1085 219 IN
1109 184 1252 218 PAULI
1276 183 1474 219 DIACONI
1499 184 1756 221 EXOERPTA

235 289 323 320 etiam
346 287 527 318 dicerentur,
566 279 647 318 quod
676 289 782 317 aquam
811 278 966 307 frumentis
995 288 1104 307 nocere
1131 277 1342 317 prohiberent,
1377 278 1428 307 sed
1451 277 1545 307 huius
1563 279 1604 307 rei
1628 281 1764 320 exempla
1788 280 1934 309 desidero.
1962 279 2050 310 Duc.
2094 282 2187 311 Aliud.

237 337 358 372 etymon
380 339 408 356 v.
433 324 510 363 apud
537 322 697 351 varronem
720 321 772 350 tib„
784 321 837 349 lv.
858 322 896 349 de·
915 322 946 351 L.
968 321 1000 349 L.
1024 323 1111 351 nn4.
1137 322 1194 359 (V,
1217 324 1347 360 paga-39.
1371 321 1448 359 SPO·
1491 322 1666 351 accuratum
1690 323 1817 355 L24.ff.
1842 324 1878 352 de
1902 333 1978 361 aqu-”1
2001 323 2065 361 plu.
2101 325 2187 354 Adde

237 374 363 404 Nonium
386 367 465 408 (pag.
478 369 528 397 61.
554 365 656 404 Mero.)
681 368 708 395 1.
733 365 844 395 [ιη-(304.
869 369 899 393 et
920 368 948 396 2.
975 362 1055 402 (pag.
1072 364 1141 395 152.
1165 364 1270 402 Mero.)
1295 374 1321 392 u.
1336 365 1408 395 696.
1456 362 1560 393 Goth.

399 427 690 462 Postliminium.
736 427 872 456 Glossae:
906 425 1073 456 Postilimen
1097 424 1251 463 ἐπάνοδος.
1298 427 1415 454 Falsum
1440 432 1501 463 est,
1531 428 1612 466 quod
1636 427 1828 457 vetustissimi
1853 427 2061 456 Iurisconsulti
2085 428 2187 467 pmdi-

236 478 320 512 dere,
342 474 373 503 in
396 472 515 503 nomine
539 470 754 500 postliminium
777 470 904 510 spectari
927 475 1042 498 tantum
1066 471 1315 510 praepositionem
1338 474 1420 507 post,
1449 470 1597 508 reliquum
1620 472 1827 510 productionis
1851 481 1914 499 esse
1938 471 2079 507 caudam,
2106 471 2187 500 Hmi-

235 519 329 550 nium.
370 517 443 545 Nam
473 513 686 554 postliminium
711 518 792 542 recte
822 524 859 542 ex
882 512 976 541 Latini
1004 514 1147 541 sermonis
1176 512 1370 552 proportione
1400 511 1511 540 dicitur
1533 510 1558 552 ἤ
1576 513 1740 551 ἐπάνοδος,
1782 519 1813 542 ut
1843 518 1946 541 contra
1973 513 2142 542 Eliminium
2165 511 2186 553 ἦ

235 562 347 599 ἔξοδος.
390 557 566 589 Postliminii
595 556 641 584 ius
672 560 700 584 et
728 555 828 593 religio
858 566 895 584 ex
919 554 1140 584 Atheniensium
1165 556 1295 584 fontibus
1319 554 1490 591 derivatur,
1529 560 1561 584 ut
1583 557 1725 596 pleraque
1750 558 1951 584 Romanorum
1975 555 2045 591 alia,
2083 557 2186 585 eodem

234 605 300 634 iure
322 602 402 641 apud
425 602 571 630 Romanos
595 603 694 634 erant,
731 598 782 636 qui
803 598 984 637 postliminio
1009 598 1044 626 ab
1067 597 1203 627 hostibus
1226 597 1466 634 revertebantur,
1505 608 1564 636 quo
1588 599 1668 638 apud
1693 598 1887 627 Athenienses
1910 598 1948 635 ii,
1980 599 2030 636 qui
2053 596 2185 638 δευτερό-

235 657 344 684 ποτμοι
367 644 416 675 καὶ
438 640 654 680 damnauerunt.
677 640 861 669 dicebantur.
907 641 1030 669 Romani
1050 641 1190 669 nolebant
1213 651 1294 675 euni,
1332 640 1379 667 cui
1410 644 1550 678 tanquam
1580 647 1697 670 mortuo
1725 642 1803 670 iusta
1828 641 1964 669 funerum
1987 641 2066 670 facta
2090 645 2185 678 erant,

234 689 377 720 reducem
399 687 487 716 limen
510 684 662 719 insistere,
686 683 755 722 quia
779 684 921 712 funestari
946 693 979 711 eo
1001 683 1146 722 putabant
1168 688 1226 712 tam
1250 683 1340 711 limen
1364 686 1522 721 utrumque
1546 688 1574 711 et
1597 694 1739 724 superum
1763 689 1790 712 et
1814 683 1956 719 inferum,
1980 684 2003 712 si
2026 695 2042 711 a
2065 688 2185 712 mortuo

236 732 420 764 calcamur,
447 738 534 766 quam
558 732 589 756 et.
608 726 757 755 hominem
781 726 888 766 ipsum.
933 726 1007 754 Nam
1031 731 1058 755 et
1082 726 1191 754 mortui
1213 726 1242 753 in
1266 726 1365 753 limine
1390 726 1632 763 collocabantur,
1658 728 1737 766 quod
1763 727 1883 755 Graecis
1906 726 2018 754 dicitur
2040 723 2189 766 πρόθεσις

235 775 355 812 νεκροῦ.
398 771 513 799 iccirco
537 775 614 799 tecto
637 769 790 808 perforato
813 770 841 797 in
865 769 950 797 aedes
974 768 1202 805 admittebatur,
1234 778 1270 796 ne
1293 768 1459 796 ominosum
1484 773 1560 797 esset
1583 769 1625 797 illi
1649 780 1704 808 per
1724 770 1844 797 ianuam
1868 768 1998 806 ingredi,
2021 779 2074 807 per
2097 778 2185 807 quam

235 809 376 853 tanquam
406 814 502 842 elatus
531 817 602 843 erat.
649 812 738 848 Quod
768 812 844 840 enim
872 811 918 839 illi
948 811 1024 839 iusta
1053 812 1128 839 sacta
1155 816 1252 846 erant,
1289 810 1327 838 ob
1351 810 1382 838 id
1406 815 1545 848 tanquam
1570 811 1662 840 elatus
1685 812 1862 849 fingebatur.
1909 811 2102 840 Athenienses
2125 820 2185 848 eos,

236 858 345 897 quibus
368 855 539 885 absentibus
564 856 652 884 funus
675 855 784 883 sactum
809 858 882 889 erat,
904 864 964 882 non
988 853 1070 892 prius
1094 853 1181 882 aedes
1204 853 1318 890 ingredi
1341 853 1540 892 patiebantur,
1566 864 1653 892 quam
1676 865 1730 894 per
1746 855 1844 882 sinum
1866 854 1950 882 laxae
1970 854 2061 882 stolae
2080 853 2189 882 mulier

236 911 304 930 eum
321 899 507 935 demitteret,
529 903 671 936 tanquam
696 897 792 925 denuo
815 897 928 925 renasci
952 896 1113 925 videretur.
1147 896 1227 924 Unde
1249 893 1479 934 δευτερόποτμοι
1501 895 1559 925 hoc
1583 903 1624 925 est
1647 899 1879 937 ὄευτερογενεῑς,
1904 894 2018 935 πότμος
2041 897 2118 924 enim
2141 896 2186 924 fa-

234 949 301 973 tum
321 941 486 971 nascentis..
527 940 587 976 Qui
610 940 686 968 enim
709 940 798 968 semel
821 950 856 967 ex
880 939 1003 967 aedibus
1027 939 1094 967 elati
1119 943 1202 974 sunt,
1240 948 1392 976 nunquam
1421 943 1523 977 postea
1552 949 1600 967 eas
1625 939 1844 977 ingrediuntur.
1889 938 1960 967 Inde
1989 939 2117 976 sactum,
2153 942 2189 966 ut

235 995 310 1025 quos
333 989 465 1013 mortuos
489 987 680 1022 putaverant,
705 987 756 1011 aut
778 992 852 1020 quos
876 992 1026 1020 nunquam
1048 982 1197 1010 redituros
1221 981 1395 1019 sperabant,
1419 991 1484 1009 cum
1508 987 1745 1019 reverterentur,
1769 992 1805 1010 ex
1830 991 1900 1009 orco
1924 991 1973 1009 eos
1995 981 2117 1010 rediisse
2140 980 2191 1009 di-

235 1032 346 1057 cerent.
393 1026 615 1055 Artemidorus:
651 1023 703 1055 τὸν
732 1023 813 1061 παρὰ
841 1025 1028 1063 προσδοκίαν
1053 1025 1186 1054 σωθέντα
1209 1023 1308 1061 φαμὲν
1331 1024 1360 1059 ἐξ
1384 1020 1460 1064 ᾅδου
1483 1019 1710 1064 ἆναβεβηκέναι.
1758 1024 1900 1062 Apuleius
1923 1023 2038 1053 Iib.X[.
2059 1024 2100 1062 (p.
2113 1023 2186 1059 265,

235 1071 314 1107 30.);
346 1067 506 1109 Confestim
531 1067 652 1107 denique
665 1066 842 1109 familiares
865 1078 902 1095 ac
924 1065 1075 1102 vernulae,
1101 1067 1207 1106 quique
1228 1065 1301 1094 mihi
1319 1066 1462 1104 pro-‘rimo
1486 1078 1566 1095 nexu
1588 1068 1740 1106 sanguinis
1762 1065 1968 1102 cohaerebant,
1993 1065 2074 1095 luctu
2097 1065 2187 1105 depo-

234 1113 308 1148 sito,
338 1122 421 1151 quem
445 1109 480 1139 de
497 1122 575 1138 meae
596 1111 699 1138 mortis
710 1108 801 1149 falso
825 1110 927 1138 nuntio
949 1116 1149 1147 susceperant,
1187 1109 1334 1148 repentino
1358 1106 1462 1137 laetati
1480 1107 1609 1147 gaudio,
1639 1111 1720 1138 varie
1743 1110 1864 1150 quisque
1885 1107 2115 1144 munerabundi,
2146 1105 2188 1135 ad

233 1165 327 1183 meum
347 1153 490 1192 festinant
512 1151 595 1181 illico
619 1150 778 1187 diutinum,
817 1150 1005 1190 reducemque
1026 1150 1063 1178 ab
1086 1150 1188 1190 inferis
1211 1157 1405 1189 conspectum.
1451 1151 1510 1186 Qui
1539 1151 1624 1180 l'ocus
1655 1152 1743 1191 plane
1771 1152 1809 1180 ad
1833 1151 1914 1179 hunc
1936 1161 2050 1179 morem
2073 1150 2185 1179 allusit.

236 1195 338 1226 Scal.
378 1194 593 1225 Postliminium
615 1201 655 1222 esi
679 1205 697 1221 a
719 1192 819 1222 limine
842 1201 867 1223 et
888 1201 973 1233 post;
1011 1191 1087 1221 unde
1109 1205 1188 1229 eum,
1225 1194 1277 1233 qui
1298 1192 1336 1221 ab
1359 1192 1490 1222 hostibus
1513 1202 1617 1233 captus
1640 1195 1670 1222 in
1688 1195 1770 1234 fines
1792 1201 1906 1222 nostros
1926 1200 2028 1232 postea
2047 1193 2186 1232 pervenit,

233 1237 416 1278 postliminio
440 1248 580 1266 reversum
604 1243 678 1265 recte
700 1235 834 1265 dicimus.
878 1235 957 1264 Nam
981 1234 1085 1263 limina
1108 1236 1183 1264 sicut
1205 1236 1235 1263 in
1258 1234 1393 1264 domibus
1404 1236 1500 1275 finem
1523 1235 1667 1276 quendam
1687 1237 1823 1277 faciunt,
1851 1237 1896 1265 sic
1917 1243 1943 1264 et
1965 1236 2080 1274 imperii
2091 1235 2187 1274 finem

235 1280 323 1310 limen
345 1291 403 1309 esse
423 1287 527 1308 veteres
549 1277 709 1309 voluerunt.
754 1277 838 1307 Hinc
860 1285 886 1306 et
909 1276 996 1306 limen
1019 1276 1114 1306 dictus
1137 1285 1177 1306 est
1200 1278 1286 1318 quasi
1296 1278 1374 1317 finis
1396 1277 1518 1318 quidam
1542 1285 1568 1307 et
1590 1280 1736 1308 terminus.
1777 1277 1830 1308 Ab
1853 1289 1885 1307 eo
1905 1276 2117 1317 postliminium
2142 1275 2187 1305 di-

236 1330 335 1360 etum,
368 1323 438 1362 quia
461 1320 559 1351 eodem
582 1320 682 1350 limine
704 1319 910 1357 revertebatur,
946 1330 1002 1360 quo
1026 1320 1150 1348 amissus
1163 1319 1279 1361 fuerat.
1319 1320 1398 1348 Haec
1422 1321 1574 1350 Iustinian.
1606 1321 1690 1351 Dac.
1737 1319 1952 1351 Postliminium
1975 1327 2117 1360 receptum
2141 1319 2188 1348 iis.

236 1365 336 1395 Facile
359 1365 509 1393 crederem
531 1364 604 1393 haec
627 1363 718 1392 verba
741 1363 816 1391 male
839 1362 898 1391 huc
920 1362 1076 1400 irrepsisse
1099 1373 1114 1390 e
1138 1363 1313 1399 glossemate
1337 1362 1457 1392 scilieet.
1490 1364 1549 1392 Sed
1572 1364 1733 1403 occupavit
1756 1362 1946 1391 doctissimus
1969 1362 2107 1390 Cuiacius
2126 1361 2188 1390 Ob-

238 1412 346 1438 servat.
369 1407 468 1436 lib.11.
494 1417 557 1446 cap.
568 1408 621 1438 23.
645 1404 758 1434 Idem.
797 1404 879 1444 Quae
901 1406 1032 1433 nationes
1054 1405 1084 1433 in
1107 1406 1251 1444 opinione.
1285 1406 1369 1440 Quae
1394 1405 1500 1433 desunt
1523 1406 1551 1433 in
1574 1406 1631 1433 fine
1654 1416 1713 1434 non
1738 1415 1894 1444 possumus
1917 1405 2040 1441 assequi.
2076 1404 2186 1432 Forsan

236 1450 353 1480 dixerat
375 1450 479 1479 Festus
501 1455 611 1478 ceteras
634 1449 768 1477 nationes
792 1448 822 1476 in
845 1447 901 1476 hac
925 1447 1064 1486 opinione
1087 1447 1192 1483 fuisse,
1215 1457 1280 1475 cum
1304 1448 1339 1475 iis
1363 1449 1465 1476 eadem
1489 1448 1600 1476 utilitas
1621 1450 1799 1487 perveniret.
1832 1447 1959 1476 Putabat
1981 1446 2103 1475 Fulvius
2129 1447 2186 1474 Ur-

236 1493 319 1522 sinus
342 1503 400 1531 prov
421 1493 556 1532 opinione
578 1491 668 1520 scribi
691 1491 797 1519 debere
820 1489 938 1518 ditione.
984 1489 1017 1517 In
1048 1490 1211 1528 fragmento
1235 1490 1377 1518 Serviliae
1407 1491 1477 1527 legis
1501 1491 1543 1518 si'c
1567 1496 1627 1519 est:
1666 1489 1805 1529 QUIVE
1831 1488 1882 1517 IN
1907 1487 2186 1518 ARBITRATU.

235 1533 428 1564 DITIONE.
457 1532 722 1563 POTESTATE.
750 1531 969 1562 AMICITIA
991 1537 1046 1571 ete.
1090 1532 1248 1570 Scripserit
1271 1532 1363 1570 igitur
1385 1533 1507 1561 Festus:
1544 1532 1626 1571 Quae
1648 1534 1780 1561 narianes
1802 1532 1831 1560 in
1855 1530 1965 1560 ditione
1986 1538 2087 1560 nostra
2109 1538 2185 1567 sunt,

237 1589 302 1607 cum
324 1576 370 1606 his
389 1578 476 1605 etiam
497 1574 711 1616 postliminium
735 1576 931 1604 constitutum.
963 1572 1072 1602 Idem.
1120 1573 1344 1603 Postliminium.
1378 1574 1570 1604 Postliminio.
1610 1576 1724 1603 Closs-is
1747 1574 1907 1602 P‘ostlinien
1935 1583 2053 1612 quoque
2077 1573 2188 1602 dicitur

237 1617 388 1655 ἐπάνοδος
410 1616 468 1649 ἀπὸ
491 1621 546 1649 τοῦ
567 1618 715 1656 πολέμου,
739 1618 820 1656 quod
846 1617 917 1656 quid
940 1616 975 1644 sit
1000 1626 1026 1646 v.
1045 1616 1076 1644 in
1100 1617 1118 1645 l.
1141 1616 1358 1645 Postliminium
1384 1619 1430 1647 19.
1448 1617 1477 1647 ff.
1501 1618 1538 1645 de
1561 1618 1686 1655 captivis
1709 1622 1738 1645 et
1760 1616 1941 1655 postliminio
1964 1616 2092 1645 reversis
2115 1617 2139 1653 §.
2155 1618 2185 1648 5.

236 1661 306 1691 Inst.
330 1662 437 1701 quibus
459 1661 553 1689 modis
575 1661 621 1689 ius
644 1660 755 1698 patriae
778 1659 941 1697 potestatis.
970 1657 1074 1689 Goth.
1111 1658 1237 1688 Diciwr.
1267 1659 1326 1688 Est.
1350 1658 1457 1688 Idem.
1498 1658 1723 1689 Postliminium.
1754 1659 1948 1688 Postliminio.
1971 1657 2079 1686 Idem.
2115 1656 2187 1686 Item

238 1706 289 1744 qui
309 1715 414 1733 servus.
444 1704 576 1741 itemque
599 1713 712 1732 servus.
748 1702 842 1730 Etiam
866 1712 970 1730 servus
994 1701 1176 1740 postliminio
1199 1702 1277 1730 redit
1299 1702 1319 1730 l.
1335 1701 1406 1733 Lff.
1430 1702 1466 1731 de
1490 1702 1625 1741 captivis.
1646 1702 1663 1730 l.
1678 1705 1708 1732 2.
1732 1702 1750 1732 l.
1764 1704 1814 1732 20.
1840 1701 1911 1729 Cod.
1935 1700 1971 1729 de
1990 1700 2187 1729 Postliminio:

239 1746 290 1777 34.
314 1747 414 1784 Eclog.
435 1749 462 1777 1.
488 1745 594 1775 Idem.
631 1743 715 1774 Muli
737 1749 766 1773 et
788 1745 857 1783 equi
879 1745 941 1776 1.2.
956 1744 984 1774 ff.
1009 1743 1046 1772 de
1070 1744 1203 1782 captivis.
1240 1745 1311 1772 Muli
1336 1745 1456 1782 inquam
1480 1744 1645 1781 clitellarii,
1670 1745 1749 1772 Tuti.
1771 1743 1865 1772 huius·
1884 1744 1961 1772 enim
1986 1742 2138 1772 bellitante
2159 1752 2189 1772 va

239 1788 259 1816 l.
274 1790 304 1819 9.
328 1788 436 1817 Idem.
473 1788 576 1817 Navis.
607 1788 684 1816 Vide
705 1793 801 1815 tamen
824 1786 928 1819 1‚2.ff.
953 1787 989 1815 de
1013 1787 1147 1825 captivis.
1172 1785 1282 1817 Idem.
1320 1785 1390 1815 Cum
1413 1786 1532 1827 populis
1554 1786 1661 1816 liberis.
1693 1787 1726 1816 V.
1750 1787 1810 1818 ].5.
1834 1788 1857 1824 §.
1882 1787 1900 1814 l.
1917 1789 1964 1818 19.
1978 1786 2006 1815 ff.
2033 1785 2070 1813 de
2093 1786 2188 1824 capti-

240 1830 296 1858 vis.
320 1830 428 1859 Idem.
474 1829 544 1860 Cum
566 1829 728 1870 foederatis
750 1837 776 1857 et
799 1841 864 1858 cum
888 1828 1003 1869 regibus
1021 1828 1235 1867 postliminium
1259 1828 1345 1857 nobis
1367 1837 1407 1858 esi
1430 1831 1489 1866 ita,
1522 1837 1558 1858 ut*
1577 1840 1644 1857 cum
1664 1828 1805 1858 hostibus.
1849 1829 1911 1856 lmo
1935 1838 1996 1857 nou
2020 1832 2063 1856 est
2086 1828 2105 1856 l.
2129 1838 2189 1856 non

244 1871 346 1900 dubito
367 1877 396 1904 7.
415 1873 444 1902 ff.
469 1873 505 1901 de
528 1872 663 1912 captivis.
687 1871 796 1901 I‘d‘em.
837 1870 908 1901 Cum
932 1871 989 1901 hio.
1025 1872 1114 1909 Lege:
1137 1883 1202 1901 cum
1224 1872 1267 1901 sic
1287 1870 1506 1911 postliminium
1524 1883 1581 1901 non
1605 1879 1654 1900 est.
1699 1870 1810 1900 Idem.

406 1937 605 1967 Pus-ticum.
652 1935 715 1966 Liv.
731 1935 816 1965 h'b..I.
835 1935 972 1973 (c.18.):
994 1933 1141 1973 Regiones
1162 1933 1199 1963 ab
1223 1936 1330 1963 oriente
1352 1934 1393 1963 ad
1415 1946 1553 1965 occasum
1577 1933 1794 1971 determinavit,
1817 1932 1956 1962 dexteras
1977 1931 2020 1961 ad
2040 1931 2188 1962 meridiem

243 1983 354 2014 paries,
387 1976 538 2019 laevesque
560 1977 601 2009 ad
623 1979 771 2007 sinistram
794 1989 852 2006 esse
874 1976 964 2007 dixit.
1010 1978 1048 2005 At
1071 1977 1164 2005 Varro
1187 1977 1236 2006 lib.
1252 1978 1300 2006 VI.
1324 1976 1406 2015 (VH,
1431 1988 1494 2016 pag.
1507 1979 1579 2008 289.
1604 1976 1683 2016 Sp.):
1719 1976 1790 2005 Eius
1812 1973 1913 2015 templi
1932 1983 2030 2016 partes
2052 1983 2189 2016 quatuor,

244 2017 362 2045 sinistra
384 2019 420 2047 ab
443 2022 564 2057 oriente,
601 2020 709 2049 dextra
738 2019 775 2050 ab
804 2031 924 2056 occasu,
961 2020 1065 2049 antica
1091 2018 1132 2047 ad
1160 2018 1325 2057 meridiem,
1357 2021 1475 2059 postica
1504 2018 1546 2047 acl
1566 2020 1794 2059 septentrionem.
1837 2018 2033 2049 Plin.1ib.11.
2057 2028 2123 2057 cap.
2135 2018 2187 2050 54.

245 2057 345 2087 Fulv.
374 2060 447 2090 Urs.
488 2063 678 2092 Grammatici
701 2063 809 2092 Graeci
830 2061 995 2101 παράθυρα
1018 2062 1066 2092 καὶ
1088 2060 1296 2102 παραθύριον·
1326 2063 1376 2092 καὶ
1398 2061 1564 2100 παράθυρα
1584 2059 1710 2092 κατόπιν
1733 2064 1787 2091 τοῦ
1809 2062 1904 2092 οἴκου.
1937 2058 2036 2090 Scal.
2076 2060 2188 2089 Distin-

246 2111 322 2139 guo‚
343 2103 500 2139 posticum,
523 2106 624 2133 ostium
646 2110 699 2134 etc.
724 2105 837 2134 dicitur
858 2105 1002 2143 posticum
1027 2110 1054 2133 et
1077 2105 1211 2143 postica,
1234 2105 1308 2133 illud
1332 2105 1581 2142 subintelligendo
1604 2105 1725 2133 ostium:
1747 2103 1805 2132 hoc
1827 2102 2077 2141 subintelligendo
2098 2103 2189 2131 ian-ua

247 2143 310 2171 sive
330 2150 424 2182 porta.
469 2146 565 2179 Quare
588 2147 678 2175 falsus
701 2153 744 2176 est
766 2149 903 2185 Servius,
935 2148 985 2185 qni
1008 2148 1125 2185 putavit
1147 2158 1265 2186 semper
1285 2148 1315 2175 in
1340 2153 1446 2176 neutro
1468 2148 1598 2175 anticum
1622 2151 1650 2175 et
1671 2147 1816 2185 posticum
1839 2146 1918 2181 dici,
1949 2146 2005 2174 nisi
2029 2155 2096 2173 cum
2119 2150 2189 2173 sunt

247 2195 335 2233 voces
358 2194 518 2221 augurum,
556 2188 604 2225 qui
625 2190 768 2226 posticam
792 2190 1053 2229 septentrionalem
1084 2190 1188 2218 mundi
1210 2195 1338 2229 partem,
1371 2191 1501 2218 anticam
1525 2200 1595 2217 vero
1618 2189 1844 2217 meridionalem
1862 2189 1978 2217 dicunt.
2020 2188 2059 2216 In»
2078 2187 2189 2216 Glossis

248 2237 325 2256 0¹¹¹OE
345 2228 460 2266 P⁰⁸¹iffl
482 2227 644 2266 παῼᾶθυῡα
666 2230 791 2261 κατόπιν
813 2235 867 2263 τοῦ
890 2233 992 2267 οἴκου,
1019 2233 1112 2270 vulgo*
1128 2240 1211 2271 porte
1234 2232 1270 2261 de
1291 2231 1421 2261 derriere.
1445 2232 1532 2261 Dae.
1572 2231 1612 2260 Et
1633 2230 1776 2260 dextram
1795 2232 1948 2267 amicam„
1963 2230 2112 2259 sini-stram
2133 2240 2188 2269 po-

247 2270 362 2317 sticam.
397 2269 505 2298 Dextra
529 2275 558 2298 et
579 2271 697 2299 sinistra
719 2275 820 2302 mundi
843 2285 911 2313 pars
934 2276 1015 2303 varie
1038 2275 1194 2314 accipit-ur.
1226 2276 1299 2303 Nam
1323 2275 1485 2312 auguribus
1508 2279 1537 2303 et
1560 2274 1717 2311 astrologis
1740 2274 1858 2302 sinistra
1879 2279 1923 2302 est
1945 2274 2061 2308 oriens,
2082 2271 2190 2301 dextra

249 2311 404 2348 occidens,
426 2312 505 2340 unde
526 2312 634 2340 factum
659 2319 720 2348 est,
742 2321 774 2343 ut
795 2317 830 2345 iis
851 2318 969 2346 sinistra
993 2318 1124 2355 auspicia
1149 2318 1260 2346 dextris
1284 2318 1403 2346 meliora
1427 2327 1542 2356 semper
1563 2316 1670 2345 hahita
1686 2317 1754 2345 siut.
1798 2315 1983 2354 Geographis
2005 2315 2121 2343 sinistra
2144 2319 2188 2343 est

250 2353 404 2391 occidens,
431 2353 533 2383 dextra
557 2356 663 2382 oriens.
709 2356 803 2384 Poetis
825 2365 920 2388 ortum
945 2364 1093 2388 astrorum
1116 2360 1342 2389 observantibus
1364 2361 1487 2388 sinistra·
1506 2364 1547 2388 est
1569 2359 1752 2398 septentrio,
1777 2358 1886 2387 <textum
1905 2357 2057 2393 meridies,
2078 2355 2191 2385 eisdem

251 2406 374 2425 occasus
396 2395 527 2425 siderum
549 2396 752 2436 spectantibus
774 2399 890 2428 sinistra
914 2406 957 2429 est
979 2402 1099 2437 Auster,
1134 2403 1240 2431 dextra
1264 2403 1381 2431 Boreas.
1406 2401 1516 2431 Idem.
1563 2401 1616 2430 Sic
1637 2402 1723 2430 etiam
1747 2412 1780 2429 ea
1802 2399 1877 2429 coeli
1894 2410 1974 2439 pars.
2017 2397 2189 2435 Auguribus

251 2439 389 2468 meridies
411 2439 522 2476 antica,
553 2439 666 2478 postica
690 2442 852 2477 septentrio
874 2443 999 2478 dicitur,
1032 2444 1104 2480 quia
1124 2445 1146 2471 ii
1168 2444 1321 2473 meridiem
1345 2449 1501 2483 spectant,
1521 2444 1563 2472 ita
1585 2448 1619 2472 ut
1640 2443 1678 2472 ad
1699 2443 1846 2472 sinistram
1870 2442 2028 2477 orientem,
2049 2440 2087 2469 ad
2111 2440 2188 2470 dex-
