2263 2668
231 184 305 218 532
662 176 1005 213 COMMENTARII
1032 180 1080 214 IN
1106 179 1250 214 PAULI
1277 178 1472 213 DIACONI
1497 180 1749 216 EXCERPTA

232 277 313 306 Haec
335 276 445 304 Festus,
489 273 522 300 In
546 269 653 308 quibus
677 270 840 298 notandum
863 281 977 300 numere
999 282 1053 311 per
1075 285 1103 309 e,
1127 273 1278 312 praesenti
1300 277 1432 310 tempore
1455 274 1595 311 usurpari
1619 274 1754 310 solitum3
1783 286 1901 305 numero
1925 286 1979 314 per
2002 287 2033 312 ο,
2062 283 2179 316 praete-

232 320 300 348 rito.
345 319 392 346 Sic
416 315 564 353 diequarte
585 313 614 340 in
639 313 742 340 futuro
766 318 792 341 et
816 315 983 351 praesenti,
1013 314 1164 355 diequarte
1188 317 1217 344 in
1240 316 1401 354 praeterito
1425 316 1620 354 usurpabant.
1664 317 1713 345 Sic
1732 319 1926 358 praefiscine,
1960 320 2129 357 praefiscine
2150 325 2180 349 et

232 361 346 390 similia.
389 359 421 385 In
445 355 574 383 secundo
599 355 734 393 exemplo
759 355 869 383 dicium
893 357 950 384 isso
973 367 1027 395 pro
1052 359 1128 386 ivero
1152 363 1184 386 ut
1208 359 1286 387 iusso
1311 368 1363 395 pro
1388 357 1512 394 iussero,
1550 369 1655 398 capso,
1693 371 1803 398 cepero.
1849 361 1906 388 Sed
1930 361 2034 389 melius
2056 362 2179 398 legetur,

233 402 341 441 istoqui
361 409 485 435 exeam‚·
507 399 617 437 istoqui
639 402 671 425 ut
693 397 823 437 alioqui,
848 403 876 426 et
899 408 1003 427 verum
1028 405 1080 428 est.
1105 399 1203 429 Scal.
1250 400 1322 428 Vide
1346 400 1423 429 Gell.
1447 400 1497 430 lib.
1511 401 1547 429 X.
1573 411 1637 439 cap.
1652 402 1701 433 24.
1738 402 1811 430 ista:
1836 403 1908 431 Esse
1930 403 2004 431 enim
2028 404 2070 431 ita
2094 402 2179 432 locu-

234 452 293 472 tum
318 442 436 470 nimium
460 451 511 468 vos
534 441 600 468 estis
624 445 697 475 ete,
734 441 796 468 sine
820 440 909 469 dubio
940 448 1082 481 corrupta
1113 448 1191 472 sunt.
1236 443 1340 470 Forte:
1379 442 1452 470 Esse
1473 443 1547 471 enim
1570 445 1612 472 ita
1636 442 1764 473 locutum
1790 445 1916 473 Ennium
1939 456 1997 473 vos.
2011 446 2092 482 estis,
2122 450 2179 476 etc.

232 486 303 514 Nam
336 493 458 521 quoquo
482 482 569 510 modo
593 482 666 510 illud
690 483 810 510 nimium
832 484 863 511 in
886 489 990 522 poetae
1012 495 1119 513 nomen
1142 484 1383 514 convertendum.
1428 484 1505 521 Ista,
1546 486 1571 513 si
1594 486 1651 515 isso
1673 487 1724 526 qui
1746 498 1866 524 exeam,
1897 493 1950 516 etc.
1975 487 2090 525 legebat
2111 489 2181 516 Sca-

233 528 307 564 liger
330 527 356 554 si
380 525 488 565 istoqui
509 536 623 553 exeam.
669 525 727 553 Sed
751 526 793 553 sic
816 526 902 554 etiam
927 536 960 555 ea
983 538 1041 556 non
1066 527 1137 556 mihi
1160 528 1256 556 miuus
1280 531 1417 566 suspecta
1441 532 1518 556 sunt.
1563 528 1634 556 Nam
1665 539 1739 567 quae
1766 535 1932 568 sequuntur
1955 530 2050 559 Plauti
2073 534 2142 559 sunt
2164 540 2180 559 e

233 569 361 598 Poenulo
385 568 441 606 (V,
463 570 498 604 4,
525 567 624 605 102):

666 627 704 631 --
748 626 790 632 —
832 627 873 632 —
916 623 932 640 ο
956 611 1085 652 Apollo,
1119 624 1136 641 ο
1161 613 1275 641 Zeuxis
1296 613 1392 651 pictor

669 650 726 681 Cur
748 664 864 681 numero
889 655 956 682 estis
980 656 1100 690 mortui,
1126 654 1181 684 hoc
1203 654 1338 694 exemplo
1362 663 1392 683 ut
1413 654 1577 694 pingeretis.

231 695 265 723 In
288 695 455 734 impressis:
490 693 573 723 Hinc
595 693 760 734 exemplum
784 703 814 723 ut
834 697 998 735 pingeretis.
1044 698 1254 733 Quaerendum
1283 698 1374 735 igitur
1397 707 1455 735 quo
1479 697 1568 725 modo
1590 697 1642 726 illa
1664 699 1690 727 si
1711 699 1820 738 istoqui
1842 709 1945 728 exeam
1969 699 2026 727 sint
2049 707 2177 727 couver-

232 738 331 767 tenda,
377 737 499 765 Plautus
522 737 552 764 in
577 737 679 766 Casina
704 740 804 768 act.3.
830 749 868 766 se.
881 740 910 769 5.
936 740 1136 779 (V.20.seq.):

667 796 704 801 -
751 797 790 801 —
836 780 891 808 Ere
913 783 968 820 mi‚·
1002 782 1074 823 quid
1095 784 1139 811 vis
1161 793 1223 810 mea
1247 780 1385 812 ancilla?
1415 781 1543 811 Nimium
1567 783 1668 811 saevis.

664 821 789 851 Numero
813 821 895 853 dicis.

230 863 284 892 Ere
313 873 367 902 pro
395 863 467 891 ltere.
513 864 560 891 Sic
589 864 666 892 infra
697 876 733 894 ex
757 866 883 893 Caecilio
907 867 932 894 ei
953 877 1007 905 pro
1030 866 1082 896 liei.
1126 868 1277 895 Postrema
1308 867 1398 895 verba
1423 867 1496 895 Attii
1527 868 1555 896 in
1580 867 1731 896 Oenomao
1760 868 1841 907 apud
1869 867 1998 897 Nonium
2028 868 2176 906 leguntur.

230 907 323 942 Lege,
346 913 426 934 tuam
448 906 520 944 petii
539 914 661 945 gnatam
686 913 740 936 etr.
784 907 971 937 Aethi-ionem
996 910 1113 937 Caecilii
1137 910 1237 938 laudat
1261 909 1345 938 etiam
1370 910 1447 938 infra
1469 910 1500 938 iu
1525 920 1596 938 voce
1619 911 1751 940 sentinat.
1791 910 1848 939 Sed
1871 911 1902 939 in
1926 921 2000 939 voce
2022 920 2091 946 ora,
2116 909 2177 938 Ae-

229 948 404 976 schrionem.
436 948 544 976 Eadem
564 954 658 977 tamen
679 951 796 978 videtur
813 951 928 986 sabula,
951 961 1040 990 quare
1057 953 1167 990 ubique
1184 953 1231 980 vel
1246 952 1426 981 Aeschrione
1442 952 1598 990 legendum
1619 953 1667 981 vel
1683 952 1858 989 Aethrione,
1882 958 1916 981 ut
1932 958 1976 982 est
1992 953 2079 982 etiam
2096 951 2176 991 apud

229 990 365 1019 Nonium.
398 988 491 1018 Verba
517 992 628 1020 Afranii
652 994 693 1020 sic
717 994 853 1030 legenda:
877 992 962 1022 Enim
986 1006 1048 1023 sera
1071 1006 1186 1023 numero
1211 1005 1247 1022 ac
1270 996 1462 1034 nequicquam
1486 996 1531 1034 egi
1550 996 1675 1034 gratias.
1709 996 1741 1023 ln
1766 996 1866 1023 verbis
1890 996 2007 1024 Caecilii
2020 994 2098 1036 juce
2120 1004 2174 1032 pro

227 1032 306 1071 fuge.
332 1033 384 1061 Da
394 1044 419 1061 c.
454 1032 579 1061 Numero
603 1041 629 1062 te
651 1043 796 1074 expurgat
820 1037 915 1064 timor.
946 1037 1073 1065 Numero
1096 1042 1124 1065 te
1147 1038 1327 1075 expurgasti.
1361 1038 1403 1065 lla
1427 1038 1532 1075 legitur
1555 1038 1635 1076 apud
1660 1038 1787 1066 Nonium
1811 1040 1841 1066 in
1856 1037 2012 1066 Numerum
2034 1036 2174 1076 (1›.352.)

229 1075 331 1113 [Nunc
354 1075 395 1103 ibi
420 1076 530 1113 pariter
553 1076 676 1112 legitur:
711 1085 736 1105 te
757 1086 904 1117 expurgat
927 1079 1049 1117 timor.].
1079 1078 1182 1108 Gotlz.
1228 1078 1353 1108 Numero
1377 1085 1420 1108 est
1444 1081 1590 1119 apposite,
1620 1079 1857 1117 accommodate,
1887 1088 2059 1120 opportune,
2091 1086 2174 1114 recte,

228 1118 421 1146 translatione
446 1128 460 1145 a
483 1128 515 1146 re
540 1119 649 1147 musica
674 1120 766 1156 facta,
802 1121 851 1148 ubi
883 1131 956 1159 quae
984 1133 1116 1157 numero,
1152 1122 1186 1149 ad
1212 1132 1381 1154 numerum,
1420 1123 1449 1150 in
1472 1132 1595 1151 numero
1617 1122 1708 1159 fiunt,
1742 1128 1809 1162 apte
1831 1127 1859 1152 et
1882 1123 1912 1152 in
1933 1127 2068 1161 tempore
2090 1121 2173 1150 fiunt.

229 1160 271 1188 Cf.
294 1159 418 1188 Rostius
441 1161 471 1188 in
498 1161 619 1189 l'lautin.
643 1164 740 1200 Cnpp.
766 1164 835 1191 sere.
855 1164 905 1191 IX.
929 1169 956 1191 et
979 1174 1031 1191 nos
1054 1165 1089 1192 ad
1116 1165 1208 1192 Plauti
1232 1165 1290 1194 Mil.
1315 1165 1352 1202 gl.
1370 1165 1410 1199 V,
1434 1168 1464 1196 7.

391 1201 549 1230 Numera
578 1213 755 1233 senatum.
788 1205 846 1244 (Ad
871 1217 898 1244 p.
916 1205 998 1244 181.)
1029 1207 1058 1234 Si
1083 1207 1148 1245 quis
1172 1217 1208 1235 ex
1232 1207 1418 1235 senatoribus
1441 1207 1584 1245 impedire
1607 1207 1744 1244 volebat,
1777 1208 1935 1245 quominus
1958 1211 2077 1236 senatus
2101 1216 2174 1234 con—

227 1244 336 1272 sultum
361 1244 460 1279 fieret,
493 1247 639 1283 postulare
664 1252 779 1285 poterat
802 1253 834 1276 ut
856 1247 965 1286 singuli
988 1248 1218 1286 consulerentur,
1257 1250 1304 1278 vel
1329 1255 1362 1278 ut
1385 1261 1444 1286 res,
1474 1261 1547 1289 quae
1570 1249 1744 1291 referrentur
1765 1248 1979 1288 dividerentur5
2008 1253 2058 1277 aut
2081 1248 2105 1277 si
2126 1253 2174 1277 tot

227 1296 283 1314 non
308 1292 403 1315 essent
426 1293 576 1316 senatores
601 1295 673 1326 quot
696 1301 818 1318 numero
842 1291 949 1318 licebat
974 1292 1132 1329 praescribi
1155 1294 1277 1320 Senatus
1301 1293 1469 1320 consultum
1493 1292 1591 1320 dicere
1614 1293 1721 1320 licebat
1744 1293 1874 1329 consuli,
1899 1302 2015 1320 numero
2031 1299 2172 1321 senatum.

227 1329 343 1357 Caelius
367 1330 395 1357 iu
422 1331 507 1367 epist.
532 1330 566 1358 ad
593 1332 683 1359 Cicer.
707 1333 757 1360 lib.
773 1333 848 1361 VIII.
874 1335 1026 1371 (ep.11.):
1063 1333 1280 1362 Renunciatum
1304 1333 1388 1362 nobis
1408 1341 1469 1362 erat
1493 1333 1627 1362 Hirtium
1651 1333 1760 1363 diutius
1782 1333 1945 1371 dicturum,·
1973 1333 2174 1373 praecedimus

225 1382 308 1408 eum‚·
338 1383 394 1399 non
418 1371 505 1400 morlo
531 1384 588 1401 non
601 1373 696 1413 fecit,
726 1374 776 1403 sed
800 1386 863 1403 cum
889 1374 924 1403 de
946 1375 1075 1404 hostibus
1099 1384 1230 1414 ageretur
1251 1383 1277 1404 et
1298 1384 1394 1416 posset
1416 1387 1474 1404 rem
1497 1375 1650 1415 impedire,
1680 1378 1706 1405 si
1728 1384 1759 1404 ut
1782 1384 1979 1404 numeraretur
1998 1375 2170 1414 postularet,

225 1414 325 1443 tacuit.
370 1414 402 1441 In
428 1414 483 1442 line
507 1425 561 1452 pro
582 1416 744 1455 praescribi
767 1428 853 1445 nemo
879 1428 937 1445 nou
963 1419 1043 1446 videt
1066 1419 1222 1455 legendum
1243 1418 1400 1457 perscribi,
1437 1418 1517 1456 quod
1546 1423 1574 1446 et
1603 1419 1671 1446 olim
1695 1419 1863 1447 Brissonius
1893 1418 1923 1446 in
1947 1418 2023 1446 libro
2047 1417 2083 1445 de
2105 1418 2171 1445 for-

225 1456 321 1486 mulis.
353 1457 409 1484 Sed
432 1467 490 1484 non
515 1458 590 1486 vidit
612 1459 659 1486 vir
681 1460 803 1489 doctiss.
822 1461 989 1488 addendum
1013 1462 1042 1489 in
1065 1461 1122 1489 [ine
1145 1468 1175 1489 ut
1198 1459 1344 1499 legeretur.
1377 1462 1451 1498 Lege
1466 1461 1567 1490 modo.
1592 1459 1778 1489 Dividuntur.
1802 1460 1926 1496 Quoties
1949 1460 2094 1488 sententia
2117 1469 2169 1487 sua

224 1497 297 1525 duas
322 1499 457 1536 pluresve
480 1510 526 1528 res
548 1500 613 1538 quis
638 1502 909 1540 complectebatur,
935 1513 984 1531 eae
1008 1504 1031 1531 si
1055 1514 1112 1531 non
1138 1513 1238 1531 omnes
1262 1503 1475 1540 probarentur,
1500 1503 1709 1540 postulabatur
1731 1510 1762 1531 ut
1784 1501 1976 1538 divideretur,
2000 1501 2057 1530 hoc
2079 1506 2124 1530 est
2139 1509 2170 1529 ut

223 1538 258 1567 de
279 1540 403 1579 singulis
426 1541 587 1583 referretur.
622 1543 731 1572 Seneca
755 1545 837 1582 epist.
851 1548 900 1575 21.
927 1545 1057 1574 hb.IH.:
1086 1544 1173 1582 Quod
1196 1546 1225 1573 in
1247 1552 1348 1573 senatu
1363 1546 1433 1584 fieri
1454 1544 1542 1581 solet,
1558 1544 1736 1583 faciendum
1759 1556 1817 1574 esse
1840 1546 1869 1573 in
1889 1543 2077 1584 philosophia
2098 1554 2170 1583 quo-

222 1593 276 1620 que
292 1584 448 1618 existimo,
472 1594 536 1611 cum
555 1587 662 1613 censuit
681 1585 804 1626 aliquis,
830 1585 908 1625 quod
931 1598 970 1614 ex
990 1595 1073 1625 parte
1095 1586 1167 1615 milii
1187 1585 1319 1625 placeat,
1342 1586 1425 1616 iubeo
1448 1585 1531 1615 illum
1556 1585 1684 1615 dividere
1704 1587 1874 1615 sententiam
1897 1594 1923 1615 et
1945 1597 2056 1626 sequor.
2081 1586 2169 1616 Dac.

222 1625 309 1661 Apud
331 1626 451 1663 Dionys.
475 1626 567 1654 llalie.
593 1626 665 1663 (XI,
689 1638 713 1656 c.
731 1629 791 1666 16.)
815 1629 924 1656 Lucius
948 1629 1100 1657 Cornelius
1124 1629 1159 1656 ab
1184 1630 1281 1667 Appio
1306 1630 1454 1666 postulat,
1485 1631 1657 1667 διαριθμεῖν
1679 1629 1731 1664 τοὶς
1753 1627 1881 1669 γνώμας.
1927 1629 2039 1656 Plinius
2061 1628 2089 1656 in
2116 1629 2169 1656 Pa-

222 1676 321 1704 negyr.
346 1667 437 1706 (76.):
474 1666 606 1697 Consulti
635 1680 732 1698 omnes
762 1678 848 1710 atque
879 1669 1056 1700 dinumerati
1082 1683 1188 1700 sumus.
1234 1672 1270 1699 Et
1294 1672 1354 1701 Cio.
1373 1672 1405 1700 V.
1430 1671 1467 1699 ad
1490 1671 1635 1700 Atticum:
1676 1670 1799 1701 Consule
1825 1678 1877 1699 aut
1900 1682 2027 1699 numera.
2061 1668 2167 1699 Goth.

222 1707 407 1740 Dividuntur.
444 1710 633 1741 Reseruntur.
675 1711 823 1750 Quamvis.
859 1713 954 1748 Quam
977 1714 1008 1743 is.
1046 1712 1196 1742 Inductus.
1230 1714 1371 1744 Inductis.
1416 1713 1524 1743 Idem.

382 1759 504 1799 Nupta
528 1761 649 1791 verba.
696 1763 727 1791 Id
751 1768 795 1792 est
817 1763 971 1793 obscoena.
1008 1764 1126 1793 Nubere
1149 1764 1225 1793 enin]
1248 1764 1284 1792 de
1307 1765 1431 1794 muliere
1456 1765 1584 1802 dicitur,
1608 1774 1683 1803 quae
1708 1774 1774 1793 cum
1798 1764 1870 1792 viris
1894 1762 1976 1792 solet.
2008 1763 2101 1792 Plaut.
2121 1761 2169 1790 Ci-

222 1800 331 1838 stelM,
358 1805 392 1840 1,
416 1803 511 1841 (45·):

672 1847 759 1878 Haec
781 1848 897 1889 quidem
919 1856 1031 1878 ecastor
1053 1848 1183 1890 quotidie
1205 1851 1266 1878 viro
1290 1849 1387 1887 nubit,
1417 1850 1570 1889 nupsitque
1591 1847 1687 1878 Ῐιοᾶἰε.

224 1889 344 1928 Nuptias
366 1895 461 1924 faeere
485 1896 560 1925 dixit
583 1897 703 1928 Petron.
727 1900 848 1928 Plautus
873 1900 960 1929 etiam
987 1901 1088 1929 Casina
1106 1901 1148 1937 Il,
1174 1903 1210 1937 8,
1235 1900 1329 1939 (50.):

676 1950 829 1990 Tantisper
852 1949 921 1981 dum
943 1963 995 1992 ego
1019 1963 1084 1981 cum
1109 1950 1217 1981 Casina
1237 1951 1356 1994 faciam
1379 1951 1504 1990 nuptias.

222 1987 307 2018 Dae.
341 1992 470 2024 Discolo.
505 1998 642 2036 Dyscolo.
692 1999 799 2029 Goth.

291 2078 297 2090 ι
345 2080 351 2091 1
382 2042 548 2083 Nuptias.
578 2049 636 2087 (Ad
661 2054 789 2090 p.181.)
821 2052 910 2087 Quod
935 2052 1040 2082 Graeci
1072 2054 1215 2083 dixerunt
1245 2053 1402 2094 nymphea,
1439 2053 1570 2091 intellige
1599 2057 1741 2091 νυμφεῖα.
1786 2053 1823 2081 Et
1853 2057 1951 2081 tamen
1975 2049 2080 2090 νύμφη
2104 2062 2164 2080 11οΠ

219 2092 299 2120 παρα
322 2095 353 2112 το
377 2092 539 2125 νυμφεῖον,
562 2092 613 2120 sed
637 2098 751 2122 contra.
781 2094 948 2123 Obscurum
972 2106 1060 2132 vero,
1085 2097 1155 2135 quid
1180 2098 1217 2125 sit
1240 2098 1287 2125 lex
1310 2097 1459 2125 Parensta.
1490 2097 1564 2125 Puto
1587 2095 1760 2133 legendum:
1783 2096 1874 2133 legem
1899 2104 2032 2133 quoque,
2056 2095 2164 2124 Parens

219 2127 256 2153 ta.
280 2124 329 2153 111.
353 2124 409 2153 hoe
433 2134 474 2156 est
496 2130 603 2168 legem,
628 2136 712 2163 cuius
737 2137 918 2175 principium
941 2138 1068 2175 Parens,
1093 2141 1123 2167 in
1148 2140 1248 2168 tabula
1271 2139 1368 2168 tertia.
1405 2140 1452 2167 Sic
1474 2139 1505 2167 in
1527 2148 1601 2167 voce
1623 2148 1706 2166 reus:
1730 2139 1823 2167 Numa
1848 2138 1878 2165 in
1900 2137 2030 2165 secunda
2051 2137 2163 2174 tabula,

217 2167 345 2213 secunda
373 2168 443 2206 lege.
460 2172 551 2216 ..Non
580 2176 673 2204 solum
702 2179 800 2207 tabula
832 2180 959 2216 citatur,
998 2181 1049 2209 sed
1072 2187 1100 2210 et
1124 2183 1181 2212 lex.
1225 2183 1340 2210 Novum
1365 2191 1436 2210 vero
1462 2192 1522 2210 non
1545 2186 1605 2217 est,
1644 2181 1739 2209 edicta
1763 2185 1791 2210 et
1813 2180 1946 2208 actiones
1968 2179 2112 2217 legitimas
2135 2184 2164 2209 et

218 2213 313 2246 capita
336 2210 432 2257 legum
458 2222 491 2240 ns
515 2215 612 2243 verbis
634 2219 802 2258 nominare,
837 2233 852 2249 a
877 2223 984 2260 quibus
1007 2224 1169 2262 incipiunt:
1211 2234 1278 2253 cum
1309 2224 1378 2253 talia
1402 2225 1511 2262 passim
1535 2223 1615 2261 apud
1637 2228 1754 2252 veteres
1777 2227 1952 2259 occurrant,
1989 2224 2162 2261 praesertim

216 2251 297 2288 apud
319 2251 498 2284 Ciceronem.
534 2256 587 2302 *Ex
609 2257 655 2286 his
678 2271 737 2288 non
759 2263 880 2292 dubium
905 2271 966 2300 est,
1000 2266 1078 2304 leges
1101 2267 1196 2305 regias
1219 2268 1248 2295 in
1271 2267 1337 2296 XII.
1359 2266 1475 2295 tabulas
1499 2278 1514 2295 a
1541 2266 1719 2294 Decemviris
1743 2267 1892 2294 coniectas
1915 2264 2020 2294 fuisse:
2051 2271 2080 2294 et
2101 2265 2161 2304 pri-

214 2302 276 2328 ma,
299 2296 557 2343 secu-nda‚'te1·tia
582 2299 681 2328 tabula
704 2303 779 2339 leges
802 2306 895 2343 regias
919 2308 1082 2345 contineri,
1113 2310 1185 2348 quin
1208 2309 1285 2346 leges
1308 2310 1402 2347 regias
1426 2309 1462 2337 de
1484 2309 1580 2348 patria
1605 2313 1749 2346 potestate
1771 2309 1800 2337 in
1825 2308 1875 2337 lV.
1899 2307 2029 2336 tabulam
2052 2307 2159 2336 relatas

213 2340 317 2364 auctor
341 2337 516 2386 Dionysmss
554 2340 592 2368 De
616 2341 652 2369 iis
678 2349 790 2381 autem,
831 2349 881 2385 qui
911 2355 1049 2387 parentes
1080 2352 1295 2380 interfecissent
1319 2356 1372 2381 aut
1393 2352 1616 2387 verberassent,
1651 2351 1823 2387 Romulum,
1853 2350 1988 2384 Tatium,
2020 2349 2157 2377 Servium

212 2387 295 2415 reges
316 2378 430 2417 legibus
453 2382 608 2419 capltalem
632 2394 759 2422 poenam
783 2391 915 2418 sanxisse
939 2397 1057 2421 constat
1088 2395 1134 2422 vel
1167 2404 1201 2422 ex
1232 2405 1281 2430 eo,
1322 2394 1404 2433 quod
1433 2398 1517 2423 extat
1545 2394 1575 2422 in
1602 2403 1676 2422 voce
1703 2392 1836 2432 plorare,
1874 2392 1945 2429 legis
1968 2391 2066 2428 regiae
2089 2391 2158 2419 fra-

210 2425 335 2458 gmento.
378 2422 450 2451 Nam
472 2433 590 2454 necesse
613 2431 657 2454 est
679 2436 742 2455 eam
764 2429 873 2466 regiam
896 2433 987 2469 legem
1011 2434 1116 2471 fuisse,
1148 2446 1215 2464 cum
1237 2437 1328 2465 Solon
1350 2436 1425 2465 nihil
1447 2436 1485 2466 <le
1507 2446 1540 2465 ea
1562 2446 1594 2464 re
1616 2436 1776 2464 statuisset.
1819 2433 1876 2462 Sed
1898 2437 2036 2469 rogatus,
2066 2443 2157 2471 quare
