2263 2668
247 178 321 213 364
671 162 1020 197 COMMENTARII
1043 163 1092 196 IN
1117 160 1261 196 PAULI
1286 160 1483 195 DIACONI
1508 162 1765 197 EXCERPTA

249 271 326 310 (pag,
338 268 390 300 48.
413 261 523 299 Merc.).
567 256 639 286 Inde
661 255 750 284 etiam
773 255 954 284 silicernium
980 255 1092 284 dictum
1115 264 1208 292 genus
1233 254 1411 290 farciminis,
1448 254 1529 291 quod
1553 254 1747 291 adhibebant,
1781 261 1815 284 ut
1836 257 1909 285 fletu
1931 256 2057 285 familiae
2080 269 2191 297 purga-

248 317 361 343 rentur,
406 309 479 335 Sane
502 298 683 329 silicernium
706 298 783 326 inter
806 297 958 326 sarcimina
982 298 1068 336 ponit
1091 297 1239 326 Arnobius
1263 297 1313 325 lib.
1328 296 1405 325 VIL:
1436 295 1532 334 Quid,
1554 298 1690 336 inquam,
1714 297 1771 327 sibi
1792 298 1863 328 haec
1885 297 2010 328 volunt?
2030 299 2191 338 Aput-abo,

249 355 350 387 isicia,
380 344 550 379 silicernia,
583 339 727 380 longaba,
758 351 832 380 quae
851 347 918 368 sunt
941 341 1061 368 nomina
1082 347 1107 368 et
1126 339 1320 380 farciminum
1341 349 1464 377 genera,
1492 338 1629 380 hirquino
1649 340 1710 369 alia
1732 342 1890 380 sanguine,
1923 342 2107 370 comminutis
2129 341 2193 371 alia

248 393 396 426 inculcata
416 383 611 427 pulmonibus.
654 383 728 411 Item
758 382 937 411 silicernium
966 392 1057 411 senex
1087 382 1199 418 dictus,
1235 381 1317 421 quod
1346 381 1408 409 eius
1432 391 1531 410 caussa
1555 382 1638 410 brevi
1660 383 1850 412 Silicernium
1873 388 1936 412 erat
1956 383 2108 419 futurum,
2144 385 2194 413 vel

250 435 328 475 quod
359 432 466 469 dignus
489 432 562 457 esset
584 426 747 455 Silicemio.
792 425 978 453 Silicernium
1004 425 1114 453 Graece
1138 425 1344 463 περίδειπνον,
1377 423 1490 452 Latinis
1513 424 1747 464 circumpotatio.
1791 426 1826 454 In
1848 426 1914 454 Xll.
1934 425 2019 454 Tab.:
2061 425 2194 456 Unctura.

248 475 360 508 servilis
393 470 531 507 sollafflr,
569 468 718 508 omnisque
746 467 988 506 circumpotatio,
1025 479 1060 495 ne
1087 468 1241 507 respersio,
1278 477 1312 494 ne
1336 464 1440 505 longae
1461 477 1602 503 coronae,
1639 479 1690 496 nec
1712 479 1837 497 acerrae.
1882 468 2005 497 Notabis
2033 467 2064 496 in
2094 468 2193 497 verbis

248 518 327 548 Festi
355 514 509 554 exequium
538 511 724 549 singulariter
747 509 807 538 dici
831 521 885 548 pro
910 510 1058 548 exsequiis
1081 515 1110 538 et
1132 520 1220 538 coena
1243 508 1368 537 funebri.
1401 508 1491 538 Dac.
1530 509 1615 538 Cicro
1631 510 1668 539 11.
1692 510 1728 539 de
1752 510 1848 540 Divin.
1881 509 1985 540 Goth.
2027 508 2193 542 Silentium.

249 561 332 591 Adde
354 559 432 587 infra
457 555 613 585 Sinistrum
637 557 666 581 et
689 550 796 581 Solicia
819 551 901 583 sella.
926 551 1033 581 Idem.
1079 552 1122 580 Cf.
1147 552 1229 580 voss.
1254 552 1348 588 Etym.
1371 561 1393 579 5.
1413 561 1442 579 v.
1468 549 1666 582 Siliccrnium.

413 597 559 628 Suclum.
605 596 702 624 Verrii
729 595 902 623 sententiani
932 595 1024 623 secuti
1054 595 1182 632 Angelus
1213 593 1403 622 Decembrius
1432 593 1545 623 lib.lV.
1574 594 1609 622 de
1637 594 1742 623 Politia
1767 595 1910 624 Literaria
1938 605 2002 633 cap.
2015 596 2066 626 48.
2090 599 2119 624 et
2140 595 2192 626 50.

250 642 452 682 Philargyrius
468 640 515 668 IV.
539 640 645 676 Georg.
666 636 770 666 suclum
792 638 877 677 quasi
899 636 1068 667 semiuclum.
1105 637 1161 665 Sed
1183 637 1293 665 rectius
1317 636 1428 664 festus.
1465 636 1538 664 Nam
1560 635 1664 665 sudum
1688 648 1804 676 semper
1827 637 1992 677 opponitur
2014 636 2081 668 udo.
2111 638 2193 666 Voss.

249 687 353 718 sudum
377 697 393 714 a
417 685 532 712 Graeco
555 683 620 716 ἴδος
643 680 697 717 (cs.
723 679 850 718 Hesych.
873 689 900 708 v.
916 678 1052 715 Ἴδης,
1083 679 1183 718 ibique
1206 680 1368 717 interpp.)‚
1401 679 1482 716 quod
1504 679 1619 707 coelum
1642 679 1755 709 siccum
1780 685 1808 710 et
1831 681 1959 709 calidum
1984 684 2075 708 notat.
2103 680 2194 709 Dae.

251 731 326 760 Vide
348 727 473 757 Nonium
498 724 638 763 (pag.31.
663 721 764 761 Mero.)
788 722 819 750 in
842 720 965 751 sudum.
995 720 1098 751 Goth.
1135 720 1232 750 Satius
1254 722 1383 760 priscum
1407 721 1585 750 adiectivum
1608 727 1689 750 recta
1712 723 1867 752 descendit
1889 722 1924 751 ab
1948 722 2097 750 Sanscrita
2120 732 2195 751 voce

250 771 394 805 subibas,
434 777 509 806 quae
532 769 714 801 serenatum,
744 764 933 803 purificatum
956 764 1095 801 denotat,
1126 775 1142 792 a
1164 764 1263 793 radice
1286 761 1375 797 sutili,
1413 774 1487 801 quae
1510 764 1655 802 significat
1678 765 1847 803 purificari,
1879 764 2019 799 lustrari,
2052 765 2193 793 serenari.

251 815 293 844 Cf,
318 814 414 851 Bopp.
438 810 533 838 Gloss.
559 817 625 847 pag.
641 809 709 838 176.
735 812 763 836 et
788 808 882 835 Rosen
904 806 989 836 radd.
1013 807 1129 835 Sanscr.
1153 817 1217 845 pag.
1232 808 1302 838 215.
1317 815 1377 844 seq.
1423 807 1469 835 Ex
1497 817 1555 845 qua
1577 817 1608 835 re
1631 807 1821 845 intelligitur,
1858 806 1962 836 sudum
1988 818 2047 835 non
2070 812 2195 842 aestum,

250 866 348 886 rerum
378 863 485 892 purum
513 852 625 880 coelum
655 849 834 888 significare,
874 849 905 877 id
935 849 1016 887 quod
1050 859 1119 878 usus
1143 850 1343 878 Romanorum
1373 849 1444 877 satis
1474 849 1666 879 demonstrat.
1714 851 1757 878 ef.
1782 851 1875 879 Plaut.
1898 850 2003 886 Mitt,
2030 853 2062 885 1,
2085 852 2116 880 2.
2144 849 2195 878 ubi

250 900 288 929 cf.
312 897 444 926 Lambin.

417 935 603 967 Sublesta.
649 935 728 964 Festi
757 934 854 964 verbis
883 945 977 973 pauca
1006 934 1112 963 desunt
1141 936 1170 963 in
1200 934 1275 963 hanc
1304 934 1495 963 sententiam:
1534 933 1698 963 Sublestum
1729 933 1865 964 dicebant
1887 934 2034 973 infirmum
2057 940 2083 962 et
2106 940 2194 963 tenue.

250 981 349 1013 Plani.
373 985 427 1010 etc.
473 979 566 1008 Verba
592 978 690 1006 Plauti
713 977 787 1006 haec
809 982 891 1006 sunt:
916 977 994 1005 Nam
1017 976 1057 1005 ad
1077 985 1276 1017 paupertatem
1299 978 1325 1005 si
1346 975 1516 1015 admigrant
1538 976 1698 1017 infamiae,
1724 975 1851 1006 Gravior
1869 983 2028 1016 paupertas
2040 976 2099 1015 fit,
2115 974 2197 1016 fides

251 1023 413 1054 sublestior.
457 1021 538 1051 Idem
560 1023 592 1049 in
614 1020 770 1050 Bacchid.:
799 1020 919 1058 Lingua
932 1019 1080 1061 factiosi,
1103 1021 1205 1048 inertes
1227 1030 1314 1058 opera
1336 1018 1464 1047 sublesta
1476 1017 1553 1058 fide.
1576 1019 1661 1048 Ant.
1684 1020 1780 1058 Aug.
1827 1019 1948 1047 Glossae
1970 1018 2092 1047 Isidori:
2116 1016 2197 1046 Sub-

251 1066 331 1096 Zestis
353 1066 523 1102 (utrumque
546 1064 624 1092 euim
647 1063 706 1091 dici
729 1068 844 1101 potest,
876 1067 909 1090 ut
930 1060 1064 1090 sublimis
1087 1067 1117 1091 et
1138 1061 1306 1099 sublimus),
1338 1062 1483 1100 infirmus,
1516 1062 1615 1089 tristis.
1661 1060 1732 1090 Item
1756 1060 1912 1096 sublestia‚
1942 1061 2113 1101 irfirmitas,
2137 1060 2196 1089 tri-1

251 1110 342 1139 stitia.
388 1108 442 1136 Ubi
467 1106 572 1135 melius
595 1105 707 1133 forsan:
731 1104 895 1140 Sublestia‚
918 1105 1063 1144 irfirmia,
1087 1105 1191 1133 tristia.
1227 1103 1383 1133 sublestus
1405 1108 1518 1139 autem,
1543 1108 1573 1131 ut
1595 1104 1706 1142 optime
1729 1105 1854 1142 Scalig.‚
1878 1108 1922 1132 est
1945 1114 1961 1131 a
1985 1104 2100 1131 Graeco
2122 1099 2197 1132 ὑπό-

252 1155 369 1187 λισπος,
392 1154 506 1179 mutato
531 1158 570 1178 σπ
592 1148 623 1176 in
646 1155 688 1183 st,
712 1153 745 1176 ut
768 1147 813 1182 fu,
838 1146 918 1185 quod
941 1146 1149 1185 Aristophanis
1167 1146 1344 1175 Seholiastes
1367 1146 1584 1184 interpretatur
1603 1147 1792 1185 τετριμμένος
1814 1147 1939 1174 attritus.
1978 1146 2098 1180 Λίσπος
2119 1144 2198 1174 enim

253 1198 297 1223 est
320 1191 438 1232 ἰσχνός,
462 1191 590 1230 gracilis.
620 1190 751 1219 Eustatli.
786 1191 821 1218 Et
844 1189 922 1218 idem
946 1188 1099 1228 Aristoph.
1122 1190 1244 1227 interpr.
1266 1190 1298 1217 in
1321 1190 1393 1217 Rau.
1418 1190 1458 1223 (v.
1471 1189 1541 1219 826.
1564 1188 1676 1225 Dind.):
1701 1190 1731 1220 oi
1753 1187 1787 1219 τὰ
1812 1189 1890 1227 ἴσχια
1912 1188 2014 1219 λεπτοὶ
2035 1188 2132 1219 λίσποι
2155 1187 2198 1218 λέ-

253 1247 362 1276 γονται.
408 1235 516 1263 Versus
539 1233 636 1261 Plauti
660 1233 747 1261 Persa
772 1233 835 1261 Act.
854 1232 888 1260 V.
911 1241 951 1260 sc.
967 1234 993 1261 1.
1019 1231 1088 1270 (lli,
1116 1235 1147 1266 1,
1170 1231 1232 1269 ΩΟ.)
1256 1232 1298 1260 sic
1320 1231 1350 1259 in
1374 1230 1475 1259 editis:

828 1273 908 1302 Nam
930 1273 956 1302 si
978 1272 1018 1301 ml
1038 1281 1236 1313 paupertatem
1261 1272 1429 1312 admigrant
1452 1272 1598 1314 infamiae

832 1315 958 1344 Gravior
977 1324 1133 1355 paupertas
1144 1317 1205 1356 fit,
1231 1315 1314 1355 fides
1336 1314 1499 1344 sublestior.

254 1362 332 1391 idem
355 1363 385 1390 in
408 1361 547 1390 Bacchid.
571 1359 699 1390 Act,111.
723 1369 762 1387 sc.
775 1361 805 1389 3.
830 1358 898 1395 (ΙΙΙ,
922 1360 956 1393 6,
982 1357 1059 1395 13.):

829 1399 949 1439 Lingua
962 1399 1111 1441 factiosi,
1136 1401 1239 1428 inertes
1261 1410 1359 1439 opere,
1384 1397 1510 1427 sublesta
1523 1398 1600 1439 fide.

253 1447 334 1474 Infra
357 1446 454 1474 vinum
478 1443 716 1473 sublestissimum
740 1442 838 1480 potius
861 1442 1043 1480 interpretor
1066 1450 1162 1478 tenue,
1185 1443 1342 1480 infirmum.
1372 1442 1420 1469 Sic
1444 1441 1561 1480 pictura
1584 1442 1729 1476 sublesta,
1755 1452 1828 1479 quae
1852 1445 1965 1470 lautum
1989 1441 2093 1480 primis
2111 1440 2200 1468 linea-

254 1488 357 1517 mentis
381 1488 544 1515 deformala
568 1491 612 1514 est
635 1496 669 1513 ac
691 1485 780 1513 nullis
803 1485 955 1513 coloribus
980 1484 1170 1519 adumbrata,
1195 1484 1317 1513 Graecis
1341 1481 1562 1523 μονογράμμος.
1586 1484 1674 1513 Dac.
1707 1484 1780 1512 Vide
1803 1484 1929 1512 Nonium
1953 1483 1995 1522 (p.
2010 1486 2078 1515 177.
2099 1482 2199 1519 Mero.)

253 1532 284 1559 in
307 1528 481 1559 Sublestum.
509 1528 612 1558 Goth.
645 1528 688 1557 Cf.
708 1528 871 1556 Doederlin.
895 1527 992 1565 Etym.
1017 1533 1044 1555 et
1067 1528 1136 1564 Syn.
1160 1527 1190 1554 L.
1210 1527 1240 1556 [ι.
1264 1531 1335 1555 tom.
1348 1527 1384 1556 II.
1407 1535 1472 1564 pag.
1488 1529 1556 1558 101.
1582 1526 1631 1554 ubi
1655 1525 1805 1555 Sublestus
1828 1526 1982 1555 derivatur
2003 1537 2019 1553 a
2041 1524 2199 1560 sublevare,

255 1578 287 1602 ut
308 1573 435 1611 simplex
459 1570 546 1600 lestus
569 1570 767 1598 deformatum
790 1571 842 1605 sit,
870 1568 1120 1607 quemadmodum
1133 1567 1259 1608 faustus
1281 1567 1424 1608 afavere,

418 1613 535 1642 Satur
563 1619 595 1640 et
625 1613 680 1640 vir
707 1619 740 1640 et
763 1622 850 1640 caro
879 1622 950 1639 non
980 1610 1123 1639 habent.
1257 1609 1319 1649 (Ad
1344 1608 1473 1648 p-239.)
1509 1610 1619 1638 Desunt
1649 1610 1793 1648 quaedam
1822 1610 1852 1638 in
1875 1610 1946 1646 fine,
1985 1614 2057 1647 puto
2079 1607 2201 1648 obliqua

255 1655 485 1695 [proportione].
533 1655 694 1682 Dicendum
725 1654 802 1682 enini
830 1657 893 1681 erat
920 1653 1043 1690 saluriS,
1079 1653 1170 1688 viris,
1207 1653 1337 1688 caronis,
1372 1663 1431 1680 non
1462 1653 1570 1689 saturi,
1607 1653 1681 1689 viri,
1716 1652 1824 1681 carnis.
1870 1652 1943 1680 Vide
1966 1651 2079 1679 Charis.
2102 1651 2152 1681 lib.
2165 1651 2200 1679 ll.

256 1702 333 1738 (pag.
346 1700 419 1729 200.
443 1698 488 1727 ed.
511 1696 648 1735 Fabric.).
672 1695 758 1724 Ant.
781 1696 876 1734 Aug.
922 1695 1007 1723 Adde
1031 1694 1151 1735 obliqua
1175 1705 1211 1724 ex
1235 1694 1476 1724 doctissimorum
1500 1696 1679 1723 coniectura.
1724 1696 1753 1723 Si
1777 1694 1920 1723 haberent
1942 1694 2077 1732 obliqua,
2100 1692 2202 1721 dicen-

257 1742 326 1770 dum
352 1744 443 1768 esset:
475 1738 608 1775 Saturis,
639 1739 723 1775 viris,
753 1739 876 1767 caronis.
921 1738 994 1766 Nam
1015 1739 1108 1766 saturi
1129 1742 1173 1766 est
1195 1748 1210 1765 a
1234 1745 1370 1775 saturus,
1397 1738 1454 1765 viri
1475 1748 1491 1764 a
1513 1738 1608 1774 virus,
1632 1738 1730 1767 carnis
1752 1748 1767 1766 a
1789 1742 1872 1767 recto
1895 1738 2008 1772 carnis,
2033 1740 2065 1764 ut
2086 1741 2203 1765 veteres

258 1783 394 1812 dicebant
414 1792 469 1820 pro
493 1792 571 1810 car-0.
618 1781 704 1809 Duc.

421 1822 705 1861 supellectilis.
737 1819 797 1862 (Ad
819 1832 848 1860 p.
860 1820 945 1859 239.)
977 1822 1074 1850 Senex
1095 1822 1171 1850 senis
1194 1821 1306 1850 nullam
1328 1821 1472 1860 syllabam
1495 1822 1619 1860 accipit:
1657 1822 1792 1860 supellex
1815 1820 2008 1860 supellectilis
2030 1820 2105 1849 duae
2125 1819 2204 1848 reci-

261 1866 311 1903 pit.
346 1867 420 1895 Vide
441 1864 551 1894 Charis.
574 1865 623 1894 lib.
635 1865 657 1893 Ι.
681 1865 760 1903 (pag.
773 1865 824 1896 84.
850 1864 896 1892 ed.
918 1863 1057 1901 Fabric).
1083 1864 1169 1893 Ant.
1192 1864 1290 1903 Aug.
1334 1864 1384 1892 Ait
1406 1864 1510 1893 Festus
1534 1863 1731 1903 Supellectilis
1754 1864 1825 1893 olim
1847 1869 1876 1892 et
1897 1863 1972 1892 senis
1993 1873 2048 1902 pro
2069 1860 2204 1902 supellex

263 1912 290 1934 et
310 1919 397 1937 senex
418 1909 483 1936 iure
506 1907 619 1936 dietum
642 1907 751 1942 fuisse,
788 1916 864 1944 quae
890 1905 949 1934 duo
973 1917 1052 1934 nunc
1074 1906 1103 1934 in
1128 1906 1255 1944 genitivo
1279 1916 1348 1934 casu
1371 1917 1386 1934 a
1410 1907 1590 1935 nominativo
1612 1906 1747 1946 supellex
1768 1911 1796 1935 et
1817 1917 1906 1935 senex
1930 1905 2054 1934 finitioni
2076 1914 2205 1944 propor-

264 1949 350 1976 tionis
372 1950 516 1978 contraria
539 1955 620 1986 sunt,
645 1950 712 1988 quia
738 1949 834 1977 onmia
857 1948 1003 1977 vocabula
1028 1959 1080 1987 pei·
1101 1960 1127 1977 x
1151 1949 1315 1978 desinentia
1338 1949 1482 1987 syllabam
1506 1959 1594 1977 unam
1618 1950 1804 1983 adsciscunt,
1829 1954 1859 1977 at
1879 1946 2014 1988 supellex
2035 1948 2108 1976 duas
2126 1947 2204 1975 acci-

265 1990 324 2029 pit,
353 1992 461 2020 nullam
484 2003 553 2021 vero
575 2003 673 2021 senex.
710 1992 793 2020 Haec
815 1995 858 2020 est
880 1991 960 2019 Festi
983 1991 1134 2020 sententia.
1175 1991 1232 2020 Sed
1255 1992 1329 2029 fugit
1351 1992 1436 2020 illum
1458 2003 1548 2020 senex
1568 2002 1658 2021 unam
1681 1992 1750 2020 olim
1775 1991 1920 2030 syllabam
1943 1990 2093 2020 ascivisse.
2128 1989 2204 2019 Nam

266 2032 378 2070 antiqui
401 2034 537 2062 dicebant
559 2045 665 2071 senex,
689 2035 801 2064 senicv’s.
845 2032 933 2063 Dac.

427 2074 574 2106 Scurra.
605 2074 670 2115 (Ad
693 2087 721 2115 p.
735 2074 826 2115 240.)
855 2075 922 2103 Non
950 2075 1090 2110 dubium,
1130 2075 1201 2114 quin
1229 2075 1385 2113 legendum
1407 2075 1445 2104 sit
1469 2079 1644 2115 συγκυρεῖν,
1682 2080 1712 2104 ut
1736 2076 1843 2105 Scurra
1867 2076 1965 2105 dictus
1987 2075 2073 2114 quasi
2093 2072 2204 2104 Secura

268 2120 319 2144 aut
342 2113 463 2146 Sucura.
508 2117 614 2146 Versus
638 2119 756 2148 Lucillii
779 2117 911 2146 mendosi
934 2123 1011 2147 sunt.
1056 2118 1116 2153 Qui
1139 2119 1262 2146 fortasse
1284 2118 1325 2147 ita
1347 2118 1451 2147 melius
1472 2119 1621 2157 legentur:

753 2176 794 2182 —-
840 2177 874 2181 ——-
922 2176 965 2181 —-
1010 2158 1154 2189 Corneliu’
1178 2159 1297 2189 Publiu’
1319 2167 1416 2189 noster

757 2200 912 2241 Scipiades
934 2201 1031 2238 dicto,
1062 2203 1232 2242 penitusque
1253 2203 1403 2231 intervenit
1425 2203 1482 2242 ipsi

749 2243 861 2279 Molli,
892 2251 918 2273 et
941 2243 1055 2273 deliciis
1075 2244 1170 2280 Luci,
1201 2244 1318 2286 effigiae
1338 2252 1424 2284 atque
1444 2242 1578 2282 cinaedo,

755 2284 792 2312 Et
814 2287 950 2315 sectatori
971 2285 1090 2315 assiduo
1113 2297 1170 2326 quo
1193 2288 1292 2316 rectiu'
1316 2285 1409 2323 dicas,

288 2367 291 2371 η
547 2364 552 2370 .
630 2364 635 2369 q
663 2363 668 2369 .
756 2324 823 2354 Ibat
837 2327 924 2368 forte
947 2327 1082 2364 domum,
1112 2329 1258 2368 sequimur
1279 2327 1365 2358 multi
1387 2336 1474 2369 atque
1484 2328 1664 2369 frequentes.

272 2367 396 2411 kacetus
418 2369 504 2402 poeta
527 2368 568 2393 ait
589 2364 757 2402 Scipionem
779 2367 974 2398 intervenisse
994 2371 1077 2399 rixae
1100 2376 1129 2400 et
1161 2371 1248 2399 dictis
1277 2374 1373 2400 nescio
1402 2371 1487 2400 cuius
1516 2371 1613 2400 mollis
1644 2376 1673 2399 et
1700 2371 1832 2407 cinaedi,
1868 2370 2021 2400 sectatoris
2049 2367 2203 2397 cuiusdam

274 2408 355 2436 Lucil
378 2411 468 2444 atque
489 2405 561 2435 adeo
584 2406 755 2435 deliciarum
778 2412 806 2436 et
828 2409 963 2448 imaginis
985 2422 1019 2439 ac
1042 2413 1259 2451 propemodum
1282 2413 1394 2451 effigiae
1415 2414 1518 2452 ipsiuS.
1564 2413 1691 2451 Antiqua
1721 2413 1934 2443 consuetudine
1962 2422 2029 2440 cum
2055 2409 2202 2448 seriptum
