2263 2668
354 158 427 191 232
971 152 1111 186 SEXTI
1145 152 1344 187 POMPEII
1378 154 1516 188 FESTI

182 262 433 295 ‘nobstinuique
460 248 671 281 industria
700 257 862 279 omnem
890 246 1228 280 adolescentiam
1262 259 1389 281 meam
1424 248 1658 289 abstinui',
1701 260 1803 293 agro
1830 250 2032 292 colendo,
2076 264 2135 285 sa—

353 302 413 335 xis
446 299 633 340 Sabinis,
683 297 885 331 silicibus
919 299 1261 342 repastinandiS,
1307 306 1431 343 atque
1467 299 1754 334 conferendis.
1813 300 1967 335 Afranius
2002 304 2033 335 in
2064 304 2135 337 Re-

352 352 508 398 pudiato:

182 405 344 440 ·f.Repasti—
454 401 693 446 Repastina
720 401 854 433 serati
880 402 1033 434 senex*
1056 402 1182 447 fugis.

182 449 305 500 narseesneg
316 444 557 493 ¹¹¹Reluere,
593 452 778 493 resolvere,
814 452 1039 497 repignerare.
1093 453 1256 487 Caecilius
1283 454 1314 485 in
1338 454 1476 487 Carine:

457 504 512 538 Ut
540 515 698 546 aurum,
743 509 782 537 et
806 510 983 546 vestem,
1020 506 1132 548 quod
1162 505 1309 538 matris
1336 506 1434 545 fuit,

209 569 245 592 ·f.
265 568 320 601 ipsa
457 557 614 597 reluat,
661 556 775 599 quod
803 557 895 589 viva
921 556 1029 600 ipsi*
1053 557 1254 602 opposuit
1280 557 1471 602 pignori.

526 607 782 652 Resignare,
818 607 942 651 antiqui
968 619 1031 653 pro
1057 609 1236 642 rescribere
1262 609 1452 653 ponebant,
1490 613 1525 640 ut
1551 606 1665 641 adhuc
1691 608 1883 654 subsignare
1908 609 2048 643 dicimus
2076 620 2138 654 pro

359 659 576 692 subscribere.
629 659 714 693 cato
742 659 786 692 de
811 660 942 704 spoliis,
976 671 1017 693 ne
1043 661 1242 705 figerentur,
1276 660 1333 692 nisi
1360 671 1447 704 quae
1474 659 1517 692 de
1534 655 1727 708 {lhostibus
1753 664 1862 705 capta
1890 665 2017 694 essent:
2055 660 2137 707 [90]

359 711 424 744 sed
457 714 529 743 tum
563 710 621 743 ubi
655 711 794 744 indivisi
818 715 916 752 sunt,
960 716 1179 745 revertantur
1204 712 1397 757 resignatis
1422 710 1657 756 vectigalibus
1709 739 1715 744 .
1772 739 1779 745 .
1833 738 1841 745 .
1896 738 1903 745 .
1956 724 2015 745 nar

1113 763 2139 806 requi.............alia

360 826 379 846 a
434 841 440 846 .
497 841 503 847 .
559 841 565 847 .
621 841 628 847 .
685 842 691 848 .
747 841 754 848 .
809 841 816 848 .
870 843 876 849 .
934 840 939 846 .
993 840 999 847 .
1056 842 1063 849 .
1119 842 1126 849 .
1182 842 1188 848 .
1250 815 1343 858 quod
1367 826 1387 847 n

361 865 420 898 reb
474 892 481 898 .
538 893 545 898 .
601 892 606 897 .
663 893 669 898 .
725 891 731 897 .
786 893 794 899 .
850 894 856 900 .
913 891 919 897 .
976 893 983 899 .
1038 894 1045 901 .
1101 895 1107 901 .
1164 892 1170 898 .
1224 892 1230 898 .
1275 866 1343 898 indi
1386 894 1393 901 .

360 916 492 949 tertium
547 944 554 950 .
609 942 615 948 .
672 944 678 950 .
734 945 740 950 .
796 942 801 948 .
858 942 865 949 .
919 945 925 951 .
981 945 988 951 .
1042 945 1050 952 .
1105 945 1112 952 .
1167 946 1173 951 .
1230 946 1237 952 .
1296 929 1452 950 ranorum

492 969 590 1012 positi
651 995 658 1002 .
713 995 721 1001 .
776 995 784 1002 .
899 995 907 1002 .
962 996 969 1002 .
1025 996 1032 1002 .
1087 996 1095 1003 .
1150 996 1157 1002 .
1212 996 1219 1003 .
1273 995 1282 1003 .
1336 996 1344 1003 .
1398 995 1404 1001 .
1467 968 1526 1001 nisi
1559 980 1577 1000 a

674 1047 679 1052 .
727 1020 858 1053 vocabu
904 1046 910 1052 .
964 1045 971 1052 .
1025 1046 1033 1053 .
1087 1049 1094 1055 .
1212 1046 1219 1053 .
1336 1047 1342 1053 .
1399 1047 1406 1052 .
1460 1045 1467 1052 .
1523 1046 1530 1052 .
1583 1024 1710 1054 cretum

671 1071 925 1112 Resultare,
952 1083 1060 1117 saepe
1081 1072 1226 1105 resilire.
1276 1071 1522 1105 Restibilis
1545 1082 1639 1117 ager
1660 1071 1796 1111 dicitur,
1825 1071 1881 1115 qui
1887 1046 2038 1105 ‘biennio
2061 1082 2142 1104 con-

362 1122 458 1155 tinuo
485 1123 613 1155 seritur
629 1122 766 1168 farreo
793 1123 907 1168 spico,
953 1123 987 1156 id
1017 1128 1081 1166 est
1126 1124 1272 1156 aristato.
1301 1123 1396 1168 quod
1421 1134 1464 1156 ne
1477 1122 1575 1169 fiat,
1619 1123 1729 1156 solent
1756 1123 1814 1168 qui
1835 1123 1995 1168 praedia
2022 1124 2143 1166 locant,

362 1174 529 1218 excipere.
581 1172 760 1215 Reses1‚
795 1178 827 1207 et
852 1175 1015 1208 residuus
1041 1175 1171 1208 dicitur
1197 1176 1368 1220 ignavus,
1402 1176 1486 1220 quia
1507 1174 1630 1207 residet
1650 1175 1772 1209 Accius
1797 1175 1832 1207 in

554 1224 640 1259 Odi
672 1226 888 1268 residuos,
934 1238 1074 1260 sumno
1109 1227 1308 1267 deditos,
1357 1230 1494 1271 atque
1527 1227 1707 1259 inertes.
1765 1226 1942 1272 Afranius
1974 1226 2008 1259 in
2034 1227 2144 1259 Rosa.

364 1282 596 1321 praeterea
629 1277 805 1311 resides
831 1278 957 1310 multi
1011 1304 1019 1312 .
1073 1304 1079 1311 .
1133 1303 1141 1310 .
1196 1306 1203 1312 .
1258 1306 1265 1313 .
1320 1303 1329 1311 .
1383 1304 1390 1310 .
1446 1304 1452 1310 .
1507 1278 1669 1311 Pacuvius
1695 1278 1728 1310 in
1755 1289 1926 1311 armorum
1954 1278 2084 1311 iudicio
2136 1303 2142 1309 .

738 1330 890 1373 Tuque
926 1334 969 1362 te
1005 1329 1209 1363 desidere
1243 1330 1385 1363 mavis
1424 1329 1637 1369 residem,
1691 1333 1737 1362 at
1775 1333 1933 1362 contra
1967 1340 2039 1362 nos
2073 1328 2144 1361 hic

365 1391 456 1413 esse
491 1380 529 1411 in
563 1379 721 1413 labore
773 1408 779 1414 .
835 1409 842 1415 .
896 1408 903 1414 .
958 1407 965 1414 .
1021 1410 1027 1416 .
1086 1410 1093 1416 .
1147 1408 1156 1416 .
1210 1408 1218 1415 .
1271 1382 1536 1420 Resecrare,
1592 1381 1762 1414 resolvere
1795 1381 1985 1425 religione,
2028 1380 2145 1424 utique

366 1442 444 1464 cum
471 1442 545 1464 reus
571 1432 737 1477 populum
765 1432 914 1466 comitiis
940 1437 1107 1466 oraverat
1129 1444 1199 1478 per
1221 1433 1322 1473 deos,
1350 1438 1386 1465 ut
1409 1444 1449 1466 eo
1473 1432 1624 1477 periculo
1648 1431 1876 1473 liberaretur,
1905 1431 2045 1465 iubebat
2067 1442 2146 1464 ma-

364 1483 525 1528 gistratus
553 1494 628 1516 eum
656 1495 843 1517 resecrare.
895 1484 1034 1518 Rursus
1060 1488 1196 1526 autem,
1223 1484 1317 1517 idem
1345 1485 1392 1517 uti
1420 1496 1453 1517 se
1480 1484 1675 1523 liberarent,
1702 1483 1896 1523 insistebat,
1925 1487 1957 1516 et
1976 1482 2070 1528 quod
2092 1483 2145 1515 ἰη-

364 1546 444 1567 sons
469 1535 694 1579 innocensque
721 1540 820 1577 esset,
848 1535 1081 1569 causabatur:
1109 1540 1140 1569 et
1168 1536 1263 1580 quod
1289 1539 1396 1580 caput
1424 1541 1488 1576 est,
1516 1547 1557 1568 ne
1585 1535 1694 1569 eidem
1716 1535 1836 1568 iterum
1861 1535 1937 1568 dies
1959 1534 2147 1575 diceretur,

364 1597 450 1619 neve
475 1586 603 1620 iterum
630 1587 845 1620 animadverti
873 1591 1057 1621 statuerent
1084 1588 1118 1621 in
1145 1599 1240 1629 eum,
1267 1586 1540 1632 deprecabatur.
1567 1598 1710 1631 cumque
1738 1586 1873 1620 comitia
1899 1590 2006 1619 essent
2028 1585 2148 1619 dimit-

364 1633 2146 1686 tendam...................aut....[91]

366 1689 2146 1724 ........iure.............ut......

610 1767 617 1773 .
671 1767 678 1773 .
731 1767 740 1774 .
978 1768 985 1774 .
1099 1767 1106 1774 .
1160 1767 1167 1773 .
1221 1767 1230 1775 .
1284 1769 1291 1775 .
1344 1768 1351 1774 .
1406 1767 1414 1775 .
1467 1767 1474 1774 .
1527 1741 1758 1775 ...ica
1812 1769 1819 1775 .
1873 1740 2149 1774 PlautustRe-

367 1802 534 1837 secroque
566 1796 681 1825 mater
715 1767 809 1837 quod
835 1767 970 1826 dudum
998 1793 1269 1826 obsecraveram
1323 1819 1330 1826 .
1384 1819 1392 1827 .
1446 1819 1452 1826 .
1505 1819 1513 1826 .
1627 1819 1634 1826 .
1687 1818 1694 1826 .
1748 1819 1756 1826 .
1808 1803 1966 1826 resecror
2018 1818 2026 1825 .
2141 1816 2148 1823 .

794 1844 878 1877 Res
906 1844 1301 1890 conperendinata
1323 1845 1470 1884 dicitur,
1492 1848 1528 1877 ut
1553 1819 1583 1876 i'
1584 1845 1697 1877 errius
1719 1845 1786 1884 ait,
1811 1844 1976 1877 iudicium
1998 1844 2031 1876 in
2055 1843 2149 1877 diem

369 1894 509 1928 tertium
536 1895 766 1929 constitutum.
819 1896 987 1929 Ravam
1015 1907 1133 1929 vocem
1160 1895 1370 1943 significare
1396 1896 1446 1929 ait
1471 1896 1502 1928 1
1501 1896 1614 1929 errius
1639 1907 1808 1935 raucam,
1844 1899 1875 1928 et
1901 1906 2020 1939 parum
2048 1894 2148 1939 liqui-

371 1945 476 1986 dam,
498 1947 662 1991 proxime
688 1958 815 1980 canum
842 1947 915 1981 latr
917 1952 1015 1981 atum
1041 1952 1232 1981 sonantem:
1272 1948 1374 1981 Unde
1400 1948 1506 1980 etiam
1534 1948 1735 1981 causidicus
1754 1948 1972 1993 pugnaciter
1997 1947 2151 1989 loquens,

373 1995 501 2029 rabula
535 1997 806 2043 appellabatur,
849 2003 886 2032 ut
919 2003 970 2032 est
1003 1999 1103 2045 apud
1126 1999 1294 2032 Lucilium
1348 2025 1355 2032 .
1409 2025 1417 2032 .
1530 2025 1538 2032 .
1652 2025 1659 2032 .
1713 2025 1720 2032 .
1835 2024 1842 2032 .
1895 2024 1902 2032 .
1955 2024 1964 2032 .
2017 2024 2024 2030 .
2077 2022 2086 2031 .
2138 2002 2152 2029 t

375 2046 493 2079 raville
545 2075 551 2081 .
603 2076 612 2083 .
728 2077 736 2084 .
913 2076 921 2084 .
971 2051 1159 2092 ravistelli,
1201 2051 1261 2083 nisi
1284 2062 1308 2084 a
1328 2051 1408 2084 ravi
1428 2051 1548 2096 potius
1575 2025 1687 2084 dictos
1712 2025 1876 2093 velimus,
1910 2053 1949 2082 ut
1975 2053 2025 2083 est
2052 2047 2153 2094 apud

376 2095 557 2135 Plautum
590 2101 647 2144 qui
673 2102 723 2134 ait
750 2101 785 2134 in
804 2101 1018 2136 Aulularia.-
1061 2101 1143 2135 Ubi
1169 2103 1206 2136 si
1232 2102 1339 2148 quid
1365 2113 1606 2161 poscamus,
1642 2102 1804 2147 (quod)
1832 2101 1891 2135 ad
1916 2101 2055 2134 ravim
2077 2111 2152 2145 po-

376 2157 545 2181 scamus
567 2152 704 2194 prius.
742 2152 791 2185 Et
817 2153 922 2187 alibi:
950 2153 1216 2199 Expurgabo
1243 2154 1398 2187 hercle
1424 2155 1567 2190 omnia
1594 2154 1651 2187 ad
1677 2165 1861 2187 raucam
1889 2152 2031 2186 ravim.
2070 2152 2151 2185 Ro-

377 2208 449 2230 sea
476 2198 510 2230 in
536 2210 629 2243 agro
651 2203 803 2237 Reatino
830 2216 976 2250 campus
1002 2206 1209 2250 appellatur,
1248 2206 1343 2251 quod
1364 2206 1399 2238 in
1422 2217 1462 2239 eo
1483 2216 1575 2239 arva
1601 2216 1683 2239 rore
1709 2205 1851 2238 humida
1876 2215 2009 2249 semper
2034 2207 2150 2236 serent.

380 2248 588 2281 Rediculi
605 2251 736 2294 sanum
758 2259 861 2288 extra
883 2261 1029 2301 portam
1050 2257 1223 2302 Capenam
1247 2257 1450 2291 Cornificius
1476 2257 1526 2291 ait
1542 2257 1680 2303 fuisse.-
1709 2257 1768 2302 qui
1788 2256 1984 2290 Rediculus
2003 2257 2150 2301 propte-

460 2382 487 2422 1)
503 2383 614 2422 Rem]
638 2384 798 2414 Placidus
791 2397 820 2415 m
836 2389 963 2419 Glossis.
987 2392 1135 2422 Residuus
1156 2395 1240 2432 quasi
1284 2393 1391 2422 siduos
1412 2393 1562 2432 legamus,
1584 2393 1625 2422 ita
1639 2393 1717 2423 enim
1733 2397 1777 2422 est
1791 2393 1822 2421 in
1843 2389 2013 2429 exemplari.
2036 2387 2149 2415 Sumno

382 2423 499 2460 tardus3
522 2426 601 2454 unde
626 2426 656 2454 in
678 2427 757 2455 Accii
780 2438 867 2458 versu
889 2433 981 2470 magis
1004 2434 1118 2471 placet,
1143 2440 1176 2464 ut
1196 2447 1239 2463 re-
1284 2441 1381 2465 autem
1405 2441 1447 2465 est
1470 2436 1591 2474 antiqua
1608 2436 1775 2474 scriptura,
1803 2438 1837 2463 ut
1847 2434 1959 2471 frans,
1982 2439 2037 2469 pro
2049 2428 2149 2470 frons,
