2263 2668
243 190 320 224 140
716 187 860 223 PROBI
886 187 1273 223 INSTlTUTIONUM
1300 189 1743 224 GRAMMATICARUM

241 296 318 318 nam
345 295 485 330 ungneo
511 295 577 316 non
603 282 682 326 legi.
741 281 783 314 H
808 281 896 316 hanc
930 283 1073 316 litteram
1106 287 1181 316 ante
1207 295 1251 316 uo
1277 283 1419 327 positam
1446 287 1618 327 regentem
1643 279 1767 317 verba¹
1800 292 1868 315 non
1892 281 2009 316 inveni.
2062 282 2085 317 1
2110 288 2186 318 ante

242 348 286 369 uo
313 337 420 380 posita
447 336 587 379 primam
613 332 699 377 regit
726 333 1012 377 coniugationem,
1047 343 1081 368 et
1106 335 1251 379 speciem
1278 330 1483 377 perfectam²
1517 335 1575 366 avi
1601 334 1698 373 facit,
1725 334 1865 374 derivo,
1893 334 2053 376 derivas,
2088 335 2186 368 deri-

241 388 332 420 vavi.
393 387 429 419 K
456 392 529 418 ante
556 395 598 416 uo
625 381 751 428 posita³
783 387 909 418 nullum
935 387 1073 419 verbum
1101 386 1196 429 regit.
1259 386 1290 417 L
1316 391 1390 418 ante
1418 396 1461 417 uo
1486 386 1594 429 posita
1619 387 1747 418 tertiam
1776 390 1964 429 correptam
1996 386 2102 430 regit,
2137 387 2187 420 lm·

241 435 342 472 facit*¹
367 440 400 471 in
427 437 536 480 specie
562 436 732 479 perfecta,
766 436 880 478 diluo,
914 438 1036 478 diluis,
1072 437 1169 470 dilui.
1222 436 1269 469 M
1295 441 1370 469 ante
1397 447 1440 469 uo
1467 437 1609 480 positam
1636 448 1701 470 non
1728 437 1845 469 inveni.
1903 436 1942 470 N
1965 436 2051 470 haec
2076 437 2186 470 littera

241 486 372 534 posita⁵
395 494 468 519 ante
485 498 528 519 uo
543 487 672 519 tertiam
690 486 976 532 coniugationem⁶
1001 494 1189 532 correptam
1206 487 1302 532 regit,
1328 493 1360 520 et
1373 488 1519 531 speciem
1535 488 1718 531 perfectam
1736 488 1816 520 facit
1831 487 1900 528 mci,
1926 489 2039 529 innuo,
2064 488 2186 530 innuis,

242 540 356 578 innui,·
382 550 514 579 annuo,
541 534 685 575 αηηιιί,·τ
711 540 817 574 renui.
875 540 907 573 O
933 545 1008 573 ante
1035 551 1077 572 ao
1103 539 1211 583 posita
1237 539 1379 582 primam
1405 539 1492 583 regit
1518 539 1796 585 coniugationem,
1823 544 1856 571 et
1882 540 2028 583 speciem
2056 537 2185 586 [1485]

242 591 428 635 perfectam
453 590 535 622 vavi
561 589 728 629 terminat,
762 588 816 623 ιιιΒ
847 602 948 631 novo,
983 602 1128 625 renovm·
1153 586 1313 631 uovavi⁹,
1348 590 1523 622 renovavi.
1582 590 1618 623 P
1643 596 1717 624 ante
1743 602 1786 624 uo
1813 590 1921 634 posita
1946 591 2076 623 tertiam
2102 602 2187 625 con-

242 641 448 686 iugationem
475 646 664 685 correptam
690 642 796 685 regit,
825 648 857 675 et
883 643 1029 687 speciem
1055 642 1240 685 perfectam
1266 642 1345 686 spui
1370 642 1459 682 facit,
1487 646 1522 674 ut
1547 653 1651 686 spuo,
1677 653 1802 687 respuo
1810 656 1822 686 ,-
1847 643 1942 686 spui,
1969 642 2098 687 respui.
2152 641 2186 689 Q

244 699 319 726 ante
345 704 389 725 uo
414 693 523 737 posita
550 698 581 724 et
610 692 752 736 primam
774 694 1043 738 coniugationem
1069 693 1155 737 regit
1177 698 1209 725 et
1229 693 1358 725 tertiam
1387 698 1592 737 correptam;
1618 691 1775 737 primae¹⁰
1801 694 1907 737 quavi
1932 694 2012 726 facit
2037 693 2186 737 speciem

242 745 430 789 perfectam
443 741 483 784 ¹¹,
511 754 637 788 aequo,
666 755 820 789 aequas,
847 745 996 789 aequavi
1005 756 1016 781 ;
1047 739 1255 788 e.raeq1to¹²,
1282 744 1486 789 exaequavi.
1538 744 1674 777 Tertiae
1699 756 1779 777 vero
1806 741 2015 789 correptaess
2047 745 2124 790 qai,
2150 750 2187 777 ut

245 796 420 840 relinquo,
447 795 629 839 relinquis,
665 796 798 840 reliqui.
858 797 910 836 R,
945 801 977 828 et
1001 795 1088 829 haec
1113 796 1221 828 littera
1248 800 1322 828 ante
1348 807 1391 828 uo
1417 796 1544 839 posita,
1579 800 1612 828 et
1637 796 1779 840 primam
1806 797 2073 841 coniugationem
2099 796 2186 841 regit

247 852 280 880 et
307 847 436 879 tertiam
462 851 666 889 correptam;
690 848 818 891 primae
845 848 954 892 specie
981 847 1131 890 perfecta
1158 847 1216 879 avi
1241 847 1433 879 terminatur
1447 844 1486 888 ¹⁴,
1514 848 1629 880 tertiae
1655 848 1701 889 ui,
1729 852 1765 879 ut
1789 857 1906 888 servo,
1933 859 2072 890 servas,
2108 858 2186 880 ser-

245 895 378 935 mwi¹5;
403 908 477 938 ruo,
503 898 589 938 ruis,
615 898 680 930 rui.
735 898 766 931 S
787 904 861 931 ante
887 910 929 931 uo
957 899 1063 942 posita
1089 899 1218 931 tertiam
1245 904 1435 942 correptam
1463 899 1560 943 regit,
1591 910 1663 938 suo,
1689 899 1769 938 sais,
1796 899 1868 935 sui;
1894 910 2029 939 consuo,
2057 899 2184 932 consui.

250 949 282 982 T
304 954 379 981 ante
405 960 448 981 uo
474 949 582 993 posita
606 949 749 993 primam
776 950 1042 994 coniugationem
1068 950 1156 994 regit
1182 955 1215 982 et
1240 950 1386 993 speciem
1412 950 1597 993 perfectam
1623 950 1658 982 vi
1682 950 1763 983 facit
1774 946 1811 988 ¹⁶,
1833 948 1984 993 fluctuo,
2010 948 2185 994 fluctuas,

241 996 455 1045 sluctuavi.¹⁷
522 999 575 1041 X,
616 999 665 1042 Y,
700 1001 747 1041 Z,
780 1001 841 1034 has
876 1002 998 1033 litteras
1032 1007 1107 1034 ante
1141 1012 1185 1034 uo
1218 997 1374 1044 positasffl
1406 1002 1506 1033 verba
1542 1012 1660 1045 regere
1693 1013 1758 1033 non
1792 1001 1908 1033 inveni.
1966 1001 2045 1034 Hoc
2080 1000 2184 1033 modo

244 1051 497 1086 declinabuntur
523 1051 633 1084 omnia
666 1053 769 1085 verba
803 1065 822 1086 o
854 1053 1043 1094 terminata,
1077 1057 1152 1085 ante
1179 1064 1252 1086 eam
1279 1051 1436 1085 habentia
1461 1053 1592 1086 vocales
1619 1053 1712 1094 illas,
1745 1063 1825 1096 quas
1856 1063 1956 1097 supra
1992 1052 2184 1093 memoravi,

245 1103 390 1148 exceptis
425 1103 606 1136 defectivis.

407 1170 440 1204 8.
494 1172 591 1204 Nunc
617 1171 660 1203 ad
691 1171 834 1215 syllabas
858 1171 1107 1205 consonantium
1132 1171 1298 1204 veniamus
1309 1166 1349 1211 ¹⁹,
1377 1183 1462 1215 quae
1489 1175 1703 1205 consonantes
1731 1171 1756 1203 si
1782 1172 1843 1204 sint
1869 1176 1944 1204 ante
1973 1171 2184 1205 novissimam

244 1221 386 1255 litteram
412 1233 455 1264 o,
483 1228 539 1255 aut
565 1223 693 1267 primae
721 1223 959 1267 coniugationis
986 1224 1108 1256 facient
1132 1224 1290 1263 verbum,
1317 1228 1372 1255 aut
1399 1224 1513 1256 tertiae
1539 1230 1721 1267 correptae.
1780 1224 1867 1255 Nam
1895 1223 2040 1255 secunda
2066 1223 2183 1256 coniu—

243 1273 336 1318 gatio
362 1274 417 1306 vel
442 1274 537 1306 tertia
562 1274 737 1318 producta,
764 1274 797 1306 id
826 1279 876 1306 est
902 1280 1029 1317 quarta,
1057 1279 1291 1308 consonantem
1317 1280 1391 1307 ante
1410 1286 1430 1307 o
1453 1275 1591 1307 litteram
1619 1285 1784 1317 nunquam
1812 1271 1978 1314 habent²⁰,
2005 1275 2089 1308 sicut
2113 1275 2183 1308 fre-

243 1330 382 1368 quenter
414 1325 525 1360 docui.
587 1325 742 1358 Secunda
775 1325 912 1368 quidem
948 1337 966 1359 e
997 1326 1120 1367 solam,
1160 1331 1195 1358 ut
1235 1326 1361 1366 doceo,
1397 1326 1510 1361 doces.
1578 1327 1693 1359 Tertia
1731 1336 1811 1358 vero
1844 1326 2030 1370 producta,
2064 1325 2098 1358 id
2133 1330 2182 1359 est

243 1383 377 1420 quarta,
405 1376 504 1417 duas,
539 1388 558 1409 e
585 1380 616 1408 et
642 1373 702 1418 5²¹,
737 1382 772 1408 ut
798 1378 923 1417 redeo,
949 1378 1065 1418 redis,
1092 1378 1200 1419 redii,
1229 1382 1261 1409 et
1287 1377 1418 1417 munio,
1448 1378 1574 1418 nmnis,
1602 1374 1750 1412 mm1ii‘22.

407 1427 462 1461 Bo
486 1428 677 1469 terminata,
704 1428 831 1471 primae
858 1428 884 1460 si
910 1428 988 1469 sint,
1016 1428 1097 1461 bavi
1123 1426 1245 1462 sacient
1270 1429 1381 1472 specie
1407 1429 1575 1472 perfecta,
1602 1435 1637 1462 ut
1663 1428 1749 1469 libo,
1777 1427 1887 1467 libas,
1915 1427 2043 1465 libavi;
2067 1427 2182 1461 tertiae

244 1490 322 1512 vero
350 1485 544 1524 correptae,
571 1479 648 1524 psi,
682 1484 718 1512 ut
742 1478 849 1521 nubo,
881 1479 998 1522 nubis,
1033 1477 1186 1525 napa-5²³3
1220 1484 1277 1512 aut
1303 1479 1370 1521 bai,
1398 1485 1433 1512 ut
1465 1480 1607 1522 sorbeo,
1638 1480 1772 1521 sorbes,
1805 1478 1942 1517 sorb11i3
1976 1479 2124 1522 quamvis
2149 1483 2182 1512 et

243 1528 383 1564 sorbsi²⁴
407 1532 532 1565 lectum
558 1531 607 1563 sit.

406 1606 440 1640 9.
498 1606 546 1640 Co
573 1606 700 1650 primae
726 1605 752 1638 si
778 1606 858 1647 sint,
885 1607 965 1640 cavi
990 1606 1112 1642 facient
1137 1607 1322 1653 perfectam
1348 1603 1545 1652 speciemffi,
1576 1611 1613 1641 ut
1638 1607 1739 1650 sicco,
1765 1607 1888 1649 siccas,
1915 1606 2064 1646 siccavi‚·
2090 1606 2181 1650 dico,

245 1657 361 1698 dicas,
388 1658 515 1691 dicavi.
557 1658 739 1702 Virgilius:

465 1708 724 1754 Propriamque
750 1705 920 1742 dicabo²⁶.

330 1852 355 1884 1)
377 1848 475 1878 Verba
492 1850 558 1879 add.
580 1861 594 1879 e
615 1851 685 1879 Cod.
703 1867 745 1872 —-
789 1852 818 1889 2)
836 1851 945 1891 Specie
964 1851 1102 1892 perfecta
1125 1853 1189 1881 Asc.
1232 1855 1302 1885 Cod.
1326 1865 1341 1883 a
1366 1864 1410 1893 pr.
1433 1862 1529 1882 manu.
1565 1851 1721 1880 Recentior
1743 1861 1779 1879 ex
1803 1850 1914 1889 syllaba
1929 1850 1959 1879 υἱ
1976 1849 2050 1880 fecit
2064 1848 2179 1880 Tui.—

244 1892 275 1920 P.
291 1907 333 1914 -
353 1890 380 1930 3)
397 1891 495 1921 Posita
512 1898 589 1920 recte
606 1894 648 1921 sic
667 1896 729 1922 Asc.
741 1896 866 1932 positam
882 1895 951 1924 Cod.
971 1896 1000 1923 P.
1015 1911 1056 1916 —
1085 1895 1114 1932 4)
1130 1895 1190 1923 Lm.

234 1934 337 1976 facies
354 1935 417 1963 Asc.
441 1933 483 1963 lui
492 1935 599 1975 facien
611 1948 624 1963 s
643 1937 672 1964 P.
690 1935 823 1976 luifacit
842 1939 870 1965 in
888 1938 958 1965 cod.
970 1953 1011 1958 —-
1043 1935 1072 1977 5)
1089 1937 1189 1965 Lirem

243 1983 310 2004 ante
332 1989 372 2005 ιιο
393 1979 489 2015 posita
506 1978 534 2006 Ρ.
555 1979 619 2007 Aac.
639 1995 680 2000 —
723 1982 752 2016 6)
774 1978 939 2018 Corn-ptam
957 1980 1188 2018 coniugationem

244 2020 311 2048 Asc.
330 2020 360 2047 P.
376 2035 418 2040 —
459 2021 489 2057 7)
503 2020 699 2053 interponunt
722 2022 789 2050 Asc.
813 2022 841 2049 P.
868 2033 964 2051 renuo.
986 2022 1075 2049 Cod.:
1099 2022 1191 2049 annui

245 2063 360 2089 rennui
382 2061 462 2097 (sic).
487 2079 522 2083 —
570 2062 597 2101 8)
623 2062 701 2091 favi
718 2064 866 2099 terminat,
891 2071 930 2093 ur.
969 2063 1012 2091 Ita
1032 2065 1102 2092 cod.
1129 2065 1187 2091 aui

236 2102 332 2144 facit,
352 2114 425 2131 novo
442 2104 509 2132 Asc.
533 2105 561 2132 P.
580 2120 620 2126 --
663 2108 693 2143 9)
708 2105 824 2134 Novavi
837 2107 866 2133 in
878 2106 949 2134 cod.
966 2116 1054 2143 supra
1071 2117 1128 2134 scr.
1144 2121 1186 2128 -—

247 2146 293 2183 10)
312 2145 429 2173 Primae
444 2147 535 2173 adieci
556 2157 570 2173 e
588 2147 658 2174 cod.
680 2163 709 2168 ·-—
763 2150 804 2182 11)
825 2147 952 2187 Speciem
967 2148 1040 2188 perf
1056 2148 1186 2186 (reliqua

244 2187 345 2223 adesa)
374 2199 464 2227 aequo
492 2189 561 2217 Cod.
591 2189 683 2227 specie
708 2188 839 2229 persi-cla
872 2201 965 2230 aequo
993 2192 1060 2219 Asc.
1086 2192 1114 2219 P.
1145 2207 1184 2211 —

245 2228 289 2267 12¹)
310 2228 469 2268 Exaeqims
490 2229 518 2258 h.
534 2231 554 2259 ].
579 2232 772 2268 interponunt
793 2235 856 2260 Asc.
883 2234 910 2260 l'.
931 2248 971 2253 -—
1018 2231 1059 2270 13)
1079 2233 1183 2260 Corre-

240 2278 300 2310 pta
326 2272 355 2301 P.
373 2282 469 2300 errore
485 2278 635 2310 typorum.
651 2289 692 2293 -—-
724 2273 768 2309 14)
785 2272 900 2301 Primae
916 2275 1009 2312 specie
1023 2295 1028 2301 .
1039 2296 1045 2302 .
1056 2272 1183 2313 .(ades;1)

244 2335 250 2341 .
262 2334 285 2341 ..
301 2315 468 2342 terminatur
483 2315 565 2342 terlia
583 2315 611 2342 vi
628 2322 656 2342 ut
675 2326 754 2342 servo
774 2315 842 2343 Cotl.
878 2315 924 2343 Pr.
937 2328 977 2354 spv
994 2316 1122 2355 perfecta
1140 2318 1188 2345 ari

243 2357 422 2391 terminatur,
444 2368 522 2384 servo
541 2359 605 2384 Asc.
621 2357 650 2384 P.
668 2372 708 2378 ·—
755 2360 799 2392 15.)
818 2358 1014 2395 interponunt
1031 2358 1065 2386 h:
1085 2359 1103 2386 l.
1123 2360 1185 2387 Asc.

244 2398 290 2426 P.:
309 2399 408 2426 tertiae
423 2400 468 2426 rui
483 2406 531 2435 ul,·
557 2409 629 2435 quae
646 2398 695 2426 hie
710 2398 816 2426 absunt
832 2399 861 2426 in
879 2401 949 2427 cod.
965 2416 1004 2422 —-
1038 2399 1082 2440 10)
1099 2399 1186 2439 Rogie

242 2441 334 2478 specie
347 2440 478 2481 persi-cla
493 2441 541 2468 uvi
550 2440 672 2482 jaciens
688 2441 752 2469 Asc.
767 2442 797 2469 P.
830 2441 871 2469 Ut
893 2442 1044 2479 dedimus,
1068 2442 1187 2471 exhibet

1234 1899 1280 1938 17)
1297 1899 1483 1936 praeponunt
1500 1896 1567 1925 Asc.
1587 1896 1616 1925 P.
1657 1893 1701 1930 V,
1725 1894 1805 1932 quod
1827 1894 1933 1931 legitur
1951 1893 2070 1930 quidem
2090 1894 2178 1922 etiam

1231 1941 1262 1969 in
1286 1941 1356 1968 cod.
1380 1939 1430 1967 sed
1454 1942 1654 1976 expunctum,
1683 1941 1770 1964 recte.
1794 1952 1831 1957 ——
1879 1936 1921 1973 18)
1943 1934 2002 1963 His
2024 1934 2115 1965 literis
2135 1952 2178 1958 ·--

1229 1984 1332 2022 positis
1356 1983 1422 2010 Asc.
1448 1980 1479 2007 P.
1517 1980 1602 2008 Male.
1655 1979 1742 2006 Recte
1767 1978 1837 2006 cod.
1863 1977 1942 2015 quod
1969 1978 2113 2007 dedimus.
2135 1994 2178 2000 —-

1231 2023 1275 2063 19)
1287 2025 1476 2053 Deveniamus
1495 2022 1557 2050 Asc.
1569 2022 1597 2049 P.
1612 2038 1647 2042 —
1678 2019 1723 2059 20)
1743 2019 1842 2048 [Iubet
1858 2022 1922 2049 Asc.
1933 2020 1963 2048 Ρ.
1976 2037 2011 2042 ·—-
2035 2020 2083 2059 21)
2093 2020 2178 2050 Duas

1267 2071 1285 2085 ΙΙ

1228 2104 1242 2120 e
1264 2099 1289 2120 et
1305 2092 1326 2121 i.
1370 2091 1414 2119 Ita
1431 2089 1518 2126 Cod.;
1539 2088 1648 2116 otiosae
1662 2088 1730 2116 illae
1746 2089 1768 2115 ii
1783 2098 1871 2125 supra
1891 2098 1947 2117 scr.
1968 2103 2011 2109 —·
2037 2087 2083 2128 22)
2094 2087 2178 2117 Red-

1228 2135 1251 2162 ii
1276 2150 1316 2155 —
1344 2134 1437 2161 munii
1460 2133 1528 2161 Asc.
1546 2131 1616 2159 Cod.
1640 2129 1709 2158 mli
1735 2146 1776 2152 —
1799 2131 1887 2158 muni
1910 2131 1939 2160 P.
1959 2146 1999 2151 —
2042 2134 2086 2164 2³)
2105 2131 2176 2160 cod.

1229 2175 1314 2204 nubsi
1327 2176 1377 2204 sed
1392 2187 1406 2203 e
1421 2186 1497 2204 corr.
1513 2190 1554 2195 —
1597 2173 1643 2208 24)
1661 2173 1703 2200 lta
1719 2173 1788 2200 Cod.
1804 2173 1869 2200 Asc.
1890 2173 1919 2200 P.
1933 2188 1975 2194 —-
2009 2172 2058 2212 25)
2076 2172 2177 2212 Specie

1225 2218 1356 2259 perfecta
1373 2220 1436 2246 Asc.
1454 2218 1482 2247 P.
1499 2232 1540 2238 -
1574 2218 1618 2251 26)
1640 2215 1716 2252 virg.
1737 2217 1806 2244 Aen.
1826 2215 1853 2250 l,
1871 2216 1920 2246 73.
1945 2231 1981 2235 —-
2020 2218 2064 2250 27)
2083 2214 2175 2253 Crevi,

1228 2268 1253 2288 e!
1267 2272 1358 2299 pasco
1373 2261 1473 2299 pascis
1485 2259 1556 2298 pavi
1568 2259 1597 2285 P.
1612 2259 1677 2287 Asc.
1714 2259 1801 2285 Recte
1817 2257 1947 2285 fortasse.
1964 2257 2035 2286 Cod.
2049 2258 2175 2286 alterum

1230 2303 1398 2340 exemplum
1419 2301 1467 2329 hic
1488 2312 1546 2330 om.
1566 2300 1615 2328 sed
1636 2300 1737 2338 paullo
1762 2299 1838 2327 infra
1861 2299 1940 2327 senui
1961 2307 2011 2327 aut
2035 2301 2064 2328 vi
2081 2310 2173 2338 pasco

1227 2345 1325 2382 pascis
1340 2345 1426 2382 pavi,
1445 2344 1525 2381 quod
1546 2347 1657 2371 mutare
1673 2342 1763 2370 nolui.
1806 2341 1843 2369 U!
1866 2346 1933 2369 ante
1951 2352 2063 2369 senesce
2081 2342 2168 2369 inter-

1229 2392 1347 2424 ponunt
1367 2389 1433 2415 Asc.
1462 2386 1509 2421 P.‚
1535 2386 1616 2422 quod
1638 2395 1694 2414 om.
1714 2384 1783 2412 cod.
1803 2400 1845 2405 —
1895 2386 1943 2416 28)
1966 2381 2050 2411 Facit
2070 2383 2136 2411 add.
2156 2393 2173 2411 e

1230 2428 1300 2458 cod.
1316 2444 1357 2450 —-
1399 2429 1447 2464 29)
1467 2426 1562 2456 Caedo
1580 2427 1650 2456 Cod.
1668 2427 1753 2456 male.
1770 2441 1812 2447 --
1854 2425 1902 2462 30)
1917 2423 2090 2463 Repperimr
2103 2425 2172 2454 cod.
