2263 2668
489 88 554 121 DE
580 88 969 123 SlGNIFlCATIONE
997 86 1281 122 VERBORUM.
1335 90 1479 124 LIBER
1507 92 1596 125 xlv.

72 183 263 228 Pomptina
273 178 298 199 ³²
319 181 422 215 tribus
450 193 469 214 a
496 178 687 227 Pomptia³³
709 182 792 215 urbe
819 188 866 215 est
892 182 991 216 dicta.

72 235 226 280 Papiria
251 233 355 267 tribus
380 245 400 266 a
427 233 561 278 Papirio
588 230 750 269 vocata³⁴.

72 286 228 332 Pupinia
237 281 262 302 ³⁵
283 285 386 318 tribus
413 285 456 318 ab
484 297 567 330 agro
594 285 738 331 Popinio
749 281 783 319 ³⁶.

1950 91 2021 124 127

72 332 263 383 Popillia³⁷
284 337 388 370 tribus
415 348 434 369 a
460 338 688 382 progenitrice
697 333 722 353 ³³
742 335 839 369 traxit
864 335 1075 369 vocabulum.

71 389 198 423 Prorsi
223 389 343 422 limites
370 389 581 433 appellantur
606 389 638 421 in
666 399 825 433 agrorum
851 387 1028 429 mensuris,

30 433 32 439 X
71 441 194 486 Pugio
222 440 328 474 dictus
355 445 402 473 est
411 436 447 481 ³⁹,
473 440 567 484 quod
594 451 635 473 eo
644 436 669 457 4⁰
688 439 838 485 punctim
864 443 1044 484 pugnatur.

72 491 232 526 Praebia
256 491 413 525 remedia.

1067 387 1125 430 qui
1150 386 1195 420 ad
1222 387 1383 420 orientem
1411 388 1526 423 directi
1553 399 1636 423 sunt.

72 543 331 583 Praemetium,
370 541 464 587 quod
490 542 738 586 praelibationis
766 553 863 574 causa
891 546 964 574 ante
976 537 998 558 ⁴¹
1019 540 1245 586 praemetitur.

72 595 261 628 Protelare
286 595 390 639 longe
416 594 628 638 propellere,
663 590 738 627 ex⁴²
763 593 897 627 Graeco
924 592 1080 627 videlicet
1106 591 1190 639 τῆλε
1202 587 1237 632 ⁴³,
1263 590 1356 634 quod
1383 592 1548 636 significat
1574 594 1685 638 longe.

71 646 220 679 Privato
246 651 379 691 sumptu
407 657 442 678 se
469 645 603 678 alebant
629 646 747 678 milites
773 645 917 677 Romani
927 641 951 662 ⁴⁴
974 655 1083 689 paene
1109 643 1154 676 ad
1180 642 1216 675 id
1242 646 1390 687 tempus,
1418 655 1486 687 quo
1514 645 1623 678 Roma
1651 648 1698 678 est
1724 648 1824 687 capta
1850 654 1870 675 a
1897 641 2013 674 Gallis.

71 697 179 731 Porci
205 697 334 742 effigies
359 698 445 730 inter
470 696 625 730 militaria
651 697 745 742 signa
771 697 921 740 quintum
947 696 1060 731 locum
1087 690 1302 735 obtinebat⁴⁵‚
1330 695 1409 738 quia
1435 696 1589 731 confecto
1617 696 1711 730 bello
1736 695 1819 728 inter
1845 704 1928 737 quos
1948 703 2014 737 pax

171 746 300 782 fieret⁴⁶
322 760 416 782 caesa
443 759 548 793 porca
573 749 693 781 foedus
719 749 850 781 firmare
876 748 1027 781 solebant
1037 744 1070 782 ⁴².

70 800 270 834 Polimenta
296 800 437 834 testiculi
463 811 644 845 porcorum
672 800 842 842 dicuntur,
887 811 989 844 quum
1001 796 1025 816 *Β
1045 801 1245 838 castrantur,
1289 809 1310 830 a
1337 797 1500 841 politione
1526 799 1812 837 vestimentorum,
1847 796 1941 841 quod
1969 796 2013 827 si-

171 852 307 893 militer,
342 857 378 884 ut
403 852 469 891 illi.
504 856 668 885 curantur.

70 901 185 937 Pater
207 900 418 948 patrimusffl
439 903 577 945 dicitur,
611 904 685 946 qui,
719 914 822 946 quum
849 903 921 946 ipse
946 906 1042 946 pater
1067 901 1123 942 sit,
1157 898 1272 933 adhue
1299 904 1430 944 patrem
1458 901 1572 934 habet.

70 951 305 988 Porticulus⁵⁰
327 960 390 996 est,
435 954 491 997 qui
518 955 551 987 in
577 959 677 999 portu
704 954 842 987 modum
871 954 928 986 dat
955 953 1059 988 classi.

1113 952 1173 984 Est
1200 956 1309 984 autem
1336 952 1486 988 malleus.

70 1004 145 1039 Pro
170 1007 325 1051 scapulis
351 1017 453 1049 quum
464 1002 488 1023 ⁵¹
511 1005 592 1039 dixit
617 1006 722 1046 Cato,
750 1006 948 1050 significavit
973 1016 1037 1049 pro
1062 1003 1178 1036 iniuria
1205 1003 1391 1038 verberum.

70 1055 261 1091 Primanus
286 1057 434 1090 tribunus
462 1062 548 1097 erat,
585 1058 641 1100 qui
664 1057 792 1101 primae
818 1057 943 1102 legioni
971 1057 1127 1089 tributum
1156 1055 1330 1088 scribebat,

70 1107 275 1154 Properat-e
300 1109 392 1141 aliud
418 1113 482 1149 est,
510 1109 600 1142 aliud
616 1108 816 1153 festinare5
842 1109 898 1152 qui
925 1119 1026 1141 unum
1053 1107 1134 1151 quid
1145 1102 1170 1124 ⁵²
1192 1111 1319 1140 mature
1344 1101 1539 1151 transigit⁵³‚
1567 1105 1593 1137 is
1619 1108 1798 1148 properat,
1825 1103 1882 1145 qui
1908 1101 2011 1135 multa

170 1160 266 1194 simul
292 1160 423 1205 incipit,
462 1171 572 1203 neque
597 1160 748 1205 perficit,
783 1161 809 1193 is
836 1160 977 1194 festinat.

68 1211 221 1245 Prorsus
245 1223 348 1256 porro
375 1222 494 1244 versus.

69 1262 271 1308 Peregrina
296 1274 387 1297 sacra
413 1267 486 1295 sunt
511 1258 644 1306 dicta⁵⁴‚
688 1273 774 1305 quae
801 1262 844 1294 ab
872 1262 942 1294 aliis
969 1261 1106 1295 urbibus
1116 1257 1141 1278 ⁵⁵
1163 1260 1334 1305 religionis
1362 1259 1469 1305 gratia
1494 1264 1567 1292 sunt
1593 1257 1742 1291 advecta.

68 1314 276 1357 Peculatus7
302 1314 337 1347 id
366 1319 413 1347 est
439 1314 563 1347 furtum
589 1313 782 1359 publicum,
816 1313 884 1346 dici
911 1314 1024 1358 coepit
1051 1325 1069 1345 a
1095 1323 1220 1357 pecore
1245 1317 1342 1354 tunc,
1375 1307 1512 1356 quum⁵⁶
1535 1310 1680 1344 Romani
1707 1312 1839 1353 praeter
1865 1303 2012 1350 pecudes

166 1365 250 1399 nihil
275 1366 448 1402 haberent.

65 1417 233 1451 Plebeiae
255 1418 451 1463 pudicitiae
475 1417 636 1451 sacellum
660 1417 809 1458 Romae,
851 1421 887 1448 ut
912 1426 1005 1449 sacra
1032 1411 1177 1449 cetera⁵⁷
1201 1415 1386 1450 colebatur.

67 1469 307 1514 Primigenius
339 1470 446 1504 sulcus
480 1469 616 1509 dieitur,
663 1468 719 1511 qui
752 1468 784 1500 in
817 1466 995 1501 condenda
1027 1478 1114 1500 nova
1139 1467 1222 1500 urbe
1248 1472 1344 1500 tauro
1373 1470 1404 1498 et
1431 1476 1535 1499 vacca
1559 1461 1795 1508 designationis
1822 1470 1918 1493 causa
1946 1459 2008 1489 im*

168 1521 328 1565 primitur.

67 1571 248 1606 Parilibus
272 1571 435 1605 Romulus
462 1571 579 1604 urbem
603 1570 770 1614 condidit,
812 1581 912 1613 quem
939 1569 1030 1603 diem
1057 1569 1177 1602 festum
1205 1568 1387 1613 praecipue
1418 1561 1622 1600 habebant⁵⁸
1645 1564 1788 1597 iuniores
1798 1558 1831 1592 ⁵⁹.

69 1622 265 1656 Praetexta
287 1621 424 1668 pulla‘io
448 1622 528 1655 nulli
555 1622 608 1655 alii
635 1622 757 1656 licebat
783 1622 848 1663 uti,
881 1632 982 1664 quam
1009 1620 1055 1664 ei,
1090 1621 1147 1664 qui
1173 1620 1271 1653 funus
1297 1619 1453 1653 faciebat.

68 1674 204 1709 Pilates
229 1686 334 1720 genus
361 1673 490 1719 lapidis.

68 1807 206 1836 esce-dens
225 1810 257 1836 in
277 1807 456 1845 altitudine,
490 1808 544 1836 hoc
567 1813 698 1836 utuntur
720 1808 826 1845 egiptii
849 1807 892 1835 acl
913 1808 1016 1834 omnia

67 1851 194 1879 cibaria.
239 1851 399 1889 Desumpta
420 1850 494 1879 haec
515 1850 656 1879 videntur
679 1860 715 1879 ex
737 1850 809 1879 Plin.
830 1849 866 1880 H.
883 1850 919 1878 N.
934 1849 1015 1885 XIII,

68 1896 123 1929 11,
149 1895 216 1928 22„
246 1893 297 1922 ubi
316 1893 422 1922 iisdem
443 1893 505 1922 fere
525 1893 624 1921 verbis
640 1892 718 1921 idem
736 1896 883 1921 narratur.
904 1908 946 1914 -—
968 1890 1014 1930 35)

66 1935 217 1974 Pupinia]
232 1946 287 1966 om.
301 1936 425 1974 glossam
443 1936 500 1965 Gu.
512 1938 537 1967 1.
574 1935 698 1974 Papiria
712 1935 743 1964 1..
761 1945 807 1974 pr.
833 1952 866 1956 —
891 1937 936 1971 36)
959 1932 1015 1962 Po-

62 1978 161 2017 pinio]
184 1977 302 2017 Papirio
320 1978 349 2006 L.
366 1988 411 2016 pr.
456 1977 589 2017 Papinio
606 1981 633 2007 S.
656 1994 698 1999 —-
720 1978 768 2016 37)
789 1976 943 2016 Popillia]
966 1975 1014 2004 Sic

67 2021 163 2052 Gu.2.
181 2021 209 2048 S.
253 2020 394 2059 Poppilla
412 2020 469 2050 Gu.
486 2023 513 2052 1.
536 2031 578 2060 pr.
623 2020 747 2059 Popilia
766 2020 845 2057 vulg.
889 2018 1016 2057 Pupilla

67 2064 95 2092 L.
112 2064 144 2091 B.
173 2079 214 2084 —
241 2064 289 2101 325)
308 2064 523 2101 progenitrice]
542 2065 734 2102 progenitore
753 2063 785 2091 L.
812 2078 854 2084 --
885 2059 931 2100 39)
955 2059 1014 2099 est]

65 2116 121 2136 om.
141 2106 178 2134 M.
200 2121 243 2127 —
264 2109 311 2141 ⁴10)
333 2105 417 2144 quod
438 2104 487 2144 eo]
511 2116 541 2133 eo
562 2105 643 2145 quod
661 2106 692 2133 L.
715 2105 772 2133 Gu.
787 2107 813 2135 1.
837 2114 881 2142 pr.
904 2119 945 2125 —
967 2104 1016 2140 41)

65 2147 145 2187 ante]
170 2158 226 2176 om.
243 2148 275 2176 B.
298 2164 338 2169 —
362 2147 408 2187 41¹)
431 2148 474 2186 ex]
498 2158 517 2175 a
535 2148 564 2177 L.
609 2147 745 2175 videlicet
759 2163 797 2168 —
813 2146 899 2184 longe
916 2155 974 2174 om.
984 2145 1012 2174 L.

64 2207 105 2213 —
126 2189 174 2230 43)
197 2190 284 2230 τῆλε]
308 2191 357 2218 Sic
374 2191 406 2219 B.
423 2190 460 2219 M.
475 2190 529 2219 Gu.
543 2192 573 2221 2.
593 2191 620 2218 S.
664 2186 773 2228 τηλόθι
786 2189 865 2226 vulg.
909 2187 1014 2216 telothi

63 2243 107 2272 pr.
129 2249 170 2255 —
192 2235 236 2267 44)
257 2234 407 2268 Romani]
426 2243 478 2272 po.
496 2243 538 2260 νο.
560 2231 639 2271 (sic)
658 2232 688 2260 L.
709 2247 751 2253 -—
776 2229 821 2269 45)
846 2229 1012 2269 obtinebat]

64 2275 236 2305 obtinebant
251 2277 284 2304 B.
300 2277 393 2307 Gu.2.
418 2291 457 2296 —-
480 2273 526 2314 46)
544 2286 609 2314 pax
619 2273 724 2313 fieret]
743 2273 829 2311 fieret
838 2283 904 2312 pax
918 2273 949 2301 L.
970 2289 1012 2295 —

65 2320 111 2354 47)
125 2319 254 2357 firmare
271 2317 422 2356 nolebant]
437 2318 563 2356 firmari
580 2317 694 2346 solebat
712 2317 742 2345 S.
766 2332 806 2338 -—
834 2318 878 2349 48)
902 2314 1013 2354 quum]

544 1673 628 1707 Cato
639 1686 646 1706 :
682 1672 793 1719 Lapis
819 1673 1025 1714 candidior,

1052 1683 1161 1716 quam
1182 1672 1324 1717 pilates.

1060 1816 1152 1844 quom
1165 1806 1197 1833 B.
1219 1821 1260 1826 ·—
1282 1806 1329 1839 49)
1353 1801 1445 1831 Pater
1459 1800 1633 1840 patrimus]
1659 1800 1755 1835 Quam
1775 1807 1826 1836 ego
1844 1795 1911 1824 dedi
1926 1794 2007 1840 glos*-

1059 1858 1134 1885 sam,
1164 1852 1209 1876 est
1227 1856 1243 1875 e
1261 1845 1347 1875 codd.
1363 1849 1392 1874 et
1404 1844 1472 1873 edjt.
1486 1844 1581 1882 princ.
1624 1842 1796 1880 Vulgatam‚
1820 1847 1908 1878 quam
1924 1834 2009 1883 exhi-

1057 1891 1109 1919 bet
1126 1890 1217 1924 Scal„
1241 1893 1284 1917 est
1300 1898 1314 1917 e
1329 1887 1447 1916 schedis
1463 1887 1559 1923 Festi,
1582 1895 1654 1924 quas
1674 1884 1754 1915 vide.
1776 1898 1819 1905 —
1840 1883 1888 1915 50)
1910 1876 2008 1908 Porti-

1057 1932 1163 1971 culus]
1186 1930 1377 1961 Portisculus
1396 1931 1425 1960 S.
1459 1946 1494 1951 —
1526 1926 1573 1969 51)
1597 1927 1709 1968 quum]
1733 1935 1824 1965 quom
1844 1922 1879 1952 B.
1901 1937 1943 1943 —
1964 1923 2009 1947 59)

1058 1985 1154 2003 mium
1170 1973 1264 2013 quid]
1281 1974 1329 2002 Sic
1341 1973 1379 2002 M.
1393 1973 1488 2004 Gu.2.
1506 1981 1551 2011 pr.
1581 1981 1676 1999 unum
1691 1967 1774 2008 quod
1789 1968 1847 1996 Gu.
1859 1968 1885 1997 1.
1914 1973 2009 2010 linus-11«

1058 2018 1167 2047 omisso
1183 2015 1336 2055 quodque,
1358 2020 1394 2045 ut
1407 2014 1528 2045 exhibet
1541 2014 1635 2052 vulg,
1659 2013 1690 2042 L.
1707 2012 1740 2042 B.
1762 2026 1803 2033 —
1825 2011 1869 2043 53)
1894 2013 2009 2053 transi-

1054 2062 1113 2099 git]
1136 2061 1246 2088 transit
1259 2059 1291 2087 L.
1313 2075 1355 2080 —-
1375 2058 1423 2094 54)
1446 2068 1537 2086 sacra
1550 2062 1622 2085 sunt
1637 2053 1739 2093 dicta]
1762 2057 1832 2081 sunt
1847 2060 1938 2078 Sacra
1953 2048 2006 2076 di-

1058 2108 1107 2130 cta
1129 2102 1160 2132 L.
1205 2101 1288 2130 dicta
1311 2105 1381 2129 sunt
1402 2111 1448 2140 pr.
1476 2117 1519 2123 —
1548 2101 1595 2134 55)
1620 2097 1761 2135 urbibus]
1785 2100 1856 2123 sunt
1876 2092 1944 2122 add.
1960 2091 2005 2125 Β.,

1054 2149 1171 2174 retento
1188 2148 1328 2183 sequente
1342 2149 1425 2173 sant.
1450 2159 1492 2164 —
1514 2140 1561 2182 56)
1583 2140 1688 2180 quum]
1712 2150 1769 2169 om.
1782 2139 1832 2174 Β.,
1855 2140 1886 2166 et
1903 2138 2007 2181 postea

1056 2187 1178 2217 exhibet
1194 2186 1352 2215 habebant.
1375 2202 1412 2208 —
1436 2183 1483 2225 57)
1505 2194 1595 2213 caera
1612 2183 1682 2223 cetu]
1706 2183 1754 2212 Sic
1774 2179 1863 2210 codd.
1884 2183 1914 2208 et
1935 2176 2005 2206 edit.

1055 2241 1101 2270 pr.
1114 2231 1144 2259 S.
1188 2235 1240 2259 cet.
1254 2240 1345 2258 sacra
1363 2229 1441 2267 vulg.
1462 2244 1504 2250 —
1526 2230 1571 2262 58)
1593 2225 1760 2264 habebant]
1781 2223 1890 2252 liabent
1907 2221 1939 2249 B.
1965 2233 2003 2238 -

1054 2275 1099 2311 59)
1129 2271 1277 2311 iuniores]
1308 2273 1437 2300 minores
1455 2271 1485 2300 L.
1504 2271 1537 2300 B.
1561 2270 1617 2299 Gu.
1633 2272 1659 2302 1.
1682 2279 1728 2308 pr.
1757 2283 1799 2290 —
1828 2267 1875 2301 60)
1896 2257 2002 2300 pulla]

1049 2316 1140 2354 palla
1153 2316 1183 2344 L.
