<?xml version="1.0" encoding="UTF-8"?>
<!DOCTYPE html PUBLIC "-//W3C//DTD XHTML 1.0 Transitional//EN"
    "http://www.w3.org/TR/xhtml1/DTD/xhtml1-transitional.dtd">
<html xmlns="http://www.w3.org/1999/xhtml" xml:lang="en" lang="en">
 <head>
  <title>
</title>
<meta http-equiv="Content-Type" content="text/html;charset=utf-8" />
  <meta name='ocr-system' content='tesseract 3.04.00' />
  <meta name='ocr-capabilities' content='ocr_page ocr_carea ocr_par ocr_line ocrx_word'/>
</head>
<body>
  <div class='ocr_page' id='page_1' title='image "./corpusgrammatico01linduoft_1011.png"; bbox 0 0 2263 2668; ppageno 0'>
   <div class='ocr_carea' id='block_1_1' title="bbox 522 117 2058 159">
    <p class='ocr_par' dir='ltr' id='par_1_1' title="bbox 522 117 2058 159">
     <span class='ocr_line' id='line_1_1' title="bbox 522 117 2058 159; baseline 0.005 -7"><span class='ocrx_word' id='word_1_1' title='bbox 522 117 586 151; x_wconf 79' lang='lat' dir='ltr'><strong>DE</strong></span> <span class='ocrx_word' id='word_1_2' title='bbox 612 117 1001 153; x_wconf 84' lang='lat' dir='ltr'><strong>SIGNIFICATIONE</strong></span> <span class='ocrx_word' id='word_1_3' title='bbox 1035 117 1320 154; x_wconf 74' lang='lat' dir='ltr'><strong>VERBORUM.</strong></span> <span class='ocrx_word' id='word_1_4' title='bbox 1373 118 1519 154; x_wconf 85' lang='lat' dir='ltr'>LIBER</span> <span class='ocrx_word' id='word_1_5' title='bbox 1544 120 1635 155; x_wconf 87' lang='lat' dir='ltr'>XIV.</span> <span class='ocrx_word' id='word_1_6' title='bbox 1981 122 2058 159; x_wconf 79' lang='lat'><strong>585</strong></span> 
     </span>
    </p>
   </div>
   <div class='ocr_carea' id='block_1_2' title="bbox 98 208 2070 2007">
    <p class='ocr_par' dir='ltr' id='par_1_2' title="bbox 98 208 2058 293">
     <span class='ocr_line' id='line_1_2' title="bbox 98 208 2058 256; baseline 0.005 -18"><span class='ocrx_word' id='word_1_7' title='bbox 98 212 121 248; x_wconf 83' lang='lat'><strong>§.</strong></span> <span class='ocrx_word' id='word_1_8' title='bbox 138 212 165 241; x_wconf 90' lang='lat'><strong>1.</strong></span> <span class='ocrx_word' id='word_1_9' title='bbox 194 211 217 247; x_wconf 89' lang='lat'><strong>§.</strong></span> <span class='ocrx_word' id='word_1_10' title='bbox 230 211 261 241; x_wconf 88' lang='lat'><strong>6.</strong></span> <span class='ocrx_word' id='word_1_11' title='bbox 275 209 305 239; x_wconf 87' lang='lat' dir='ltr'><strong>ff.</strong></span> <span class='ocrx_word' id='word_1_12' title='bbox 328 208 365 237; x_wconf 87' lang='lat' dir='ltr'><strong>ad</strong></span> <span class='ocrx_word' id='word_1_13' title='bbox 388 208 503 249; x_wconf 87' lang='lat' dir='ltr'><strong>Turpil.</strong></span> <span class='ocrx_word' id='word_1_14' title='bbox 532 208 637 240; x_wconf 76' lang='lat' dir='ltr'><strong>Goth.</strong></span> <span class='ocrx_word' id='word_1_15' title='bbox 678 211 712 240; x_wconf 88' lang='lat' dir='ltr'><em>A</em></span> <span class='ocrx_word' id='word_1_16' title='bbox 732 209 1005 251; x_wconf 76' lang='lat' dir='ltr'><strong><em>praetergrediendo</em></strong></span> <span class='ocrx_word' id='word_1_17' title='bbox 1028 211 1078 240; x_wconf 87' lang='lat' dir='ltr'><strong>alii</strong></span> <span class='ocrx_word' id='word_1_18' title='bbox 1102 222 1120 240; x_wconf 88' lang='lat' dir='ltr'><strong>a</strong></span> <span class='ocrx_word' id='word_1_19' title='bbox 1140 210 1316 252; x_wconf 75' lang='lat' dir='ltr'><strong>gradiendo.</strong></span> <span class='ocrx_word' id='word_1_20' title='bbox 1357 212 1400 242; x_wconf 86' lang='lat' dir='ltr'><strong>Ita</strong></span> <span class='ocrx_word' id='word_1_21' title='bbox 1423 213 1505 252; x_wconf 82' lang='lat' dir='ltr'><strong>lego:</strong></span> <span class='ocrx_word' id='word_1_22' title='bbox 1528 212 1563 243; x_wconf 82' lang='lat' dir='ltr'><em>A</em></span> <span class='ocrx_word' id='word_1_23' title='bbox 1581 212 1832 254; x_wconf 84' lang='lat' dir='ltr'><strong>praevaricando,</strong></span> <span class='ocrx_word' id='word_1_24' title='bbox 1856 212 1889 244; x_wconf 85' lang='lat' dir='ltr'><strong>id</strong></span> <span class='ocrx_word' id='word_1_25' title='bbox 1910 222 1952 244; x_wconf 75' lang='lat' dir='ltr'><strong>est</strong></span> <span class='ocrx_word' id='word_1_26' title='bbox 1971 227 2058 256; x_wconf 87' lang='lat' dir='ltr'><strong>prae-</strong></span> 
     </span>
     <span class='ocr_line' id='line_1_3' title="bbox 99 251 1061 293; baseline 0.001 -12"><span class='ocrx_word' id='word_1_27' title='bbox 99 251 315 293; x_wconf 80' lang='lat' dir='ltr'><strong>tergradiendo.</strong></span> <span class='ocrx_word' id='word_1_28' title='bbox 361 252 472 281; x_wconf 76' lang='lat' dir='ltr'><strong>Gloss.:</strong></span> <span class='ocrx_word' id='word_1_29' title='bbox 502 251 694 283; x_wconf 80' lang='lat' dir='ltr'><strong>Praevaricat</strong></span> <span class='ocrx_word' id='word_1_30' title='bbox 717 256 901 290; x_wconf 80' lang='grc' dir='ltr'><strong>διασκελίζει.</strong></span> <span class='ocrx_word' id='word_1_31' title='bbox 948 252 1061 283; x_wconf 83' lang='lat' dir='ltr'><strong>Idem.</strong></span> 
     </span>
    </p>

    <p class='ocr_par' dir='ltr' id='par_1_3' title="bbox 99 293 2057 409">
     <span class='ocr_line' id='line_1_4' title="bbox 265 293 2056 339; baseline 0.003 -15"><span class='ocrx_word' id='word_1_32' title='bbox 265 294 394 324; x_wconf 72' lang='lat' dir='ltr'><strong>Prisci</strong></span> <span class='ocrx_word' id='word_1_33' title='bbox 416 293 562 324; x_wconf 85' lang='lat' dir='ltr'><strong>Latini.</strong></span> <span class='ocrx_word' id='word_1_34' title='bbox 607 296 748 325; x_wconf 84' lang='lat' dir='ltr'>Coloniae</span> <span class='ocrx_word' id='word_1_35' title='bbox 778 296 924 326; x_wconf 82' lang='lat' dir='ltr'><strong>deductae</strong></span> <span class='ocrx_word' id='word_1_36' title='bbox 946 307 961 323; x_wconf 87' lang='lat' dir='ltr'><strong>a</strong></span> <span class='ocrx_word' id='word_1_37' title='bbox 984 296 1089 325; x_wconf 81' lang='lat' dir='ltr'><strong>Latino</strong></span> <span class='ocrx_word' id='word_1_38' title='bbox 1112 296 1206 325; x_wconf 88' lang='lat' dir='ltr'><strong>Silvio</strong></span> <span class='ocrx_word' id='word_1_39' title='bbox 1227 296 1413 326; x_wconf 84' lang='lat' dir='ltr'><strong>Albanorum</strong></span> <span class='ocrx_word' id='word_1_40' title='bbox 1434 299 1522 336; x_wconf 85' lang='lat' dir='ltr'>Rege.</span> <span class='ocrx_word' id='word_1_41' title='bbox 1567 299 1660 328; x_wconf 87' lang='lat' dir='ltr'>Prisci</span> <span class='ocrx_word' id='word_1_42' title='bbox 1685 298 1781 328; x_wconf 81' lang='lat' dir='ltr'><strong>Latini</strong></span> <span class='ocrx_word' id='word_1_43' title='bbox 1811 300 1952 339; x_wconf 86' lang='lat' dir='ltr'><strong>appellati</strong></span> <span class='ocrx_word' id='word_1_44' title='bbox 1976 306 2056 339; x_wconf 83' lang='lat' dir='ltr'><strong>sunt,</strong></span> 
     </span>
     <span class='ocr_line' id='line_1_5' title="bbox 101 337 2057 382; baseline 0.004 -16"><span class='ocrx_word' id='word_1_45' title='bbox 101 342 134 367; x_wconf 86' lang='lat' dir='ltr'><strong>ut</strong></span> <span class='ocrx_word' id='word_1_46' title='bbox 156 337 258 366; x_wconf 88' lang='lat' dir='ltr'><strong>Livius</strong></span> <span class='ocrx_word' id='word_1_47' title='bbox 281 337 384 366; x_wconf 77' lang='lat' dir='ltr'>scribit</span> <span class='ocrx_word' id='word_1_48' title='bbox 405 337 483 366; x_wconf 91' lang='lat' dir='ltr'><strong>libro</strong></span> <span class='ocrx_word' id='word_1_49' title='bbox 499 337 521 368; x_wconf 87' lang='lat' dir='ltr'><strong>l.</strong></span> <span class='ocrx_word' id='word_1_50' title='bbox 544 338 654 376; x_wconf 86' lang='lat' dir='ltr'><strong>(c.3.).</strong></span> <span class='ocrx_word' id='word_1_51' title='bbox 676 339 764 369; x_wconf 79' lang='lat' dir='ltr'><strong>Ant.</strong></span> <span class='ocrx_word' id='word_1_52' title='bbox 786 339 883 379; x_wconf 79' lang='lat' dir='ltr'><strong>Aug.</strong></span> <span class='ocrx_word' id='word_1_53' title='bbox 926 338 1001 368; x_wconf 84' lang='lat' dir='ltr'><strong>Vide</strong></span> <span class='ocrx_word' id='word_1_54' title='bbox 1023 344 1125 368; x_wconf 88' lang='lat' dir='ltr'><strong>notam</strong></span> <span class='ocrx_word' id='word_1_55' title='bbox 1150 340 1335 378; x_wconf 86' lang='lat' dir='ltr'><strong>superiorem</strong></span> <span class='ocrx_word' id='word_1_56' title='bbox 1360 340 1392 380; x_wconf 87' lang='lat' dir='ltr'><strong>(i.</strong></span> <span class='ocrx_word' id='word_1_57' title='bbox 1411 351 1435 370; x_wconf 81' lang='lat' dir='ltr'><strong>e.</strong></span> <span class='ocrx_word' id='word_1_58' title='bbox 1459 341 1582 371; x_wconf 82' lang='lat' dir='ltr'><strong><em>Priscae</em></strong></span> <span class='ocrx_word' id='word_1_59' title='bbox 1602 341 1732 371; x_wconf 77' lang='lat' dir='ltr'><strong>Latinae</strong></span> <span class='ocrx_word' id='word_1_60' title='bbox 1753 340 1921 382; x_wconf 55' lang='lat' dir='ltr'><strong>coloniae).</strong></span> <span class='ocrx_word' id='word_1_61' title='bbox 1962 343 2057 373; x_wconf 87' lang='lat' dir='ltr'><strong>Iidem</strong></span> 
     </span>
     <span class='ocr_line' id='line_1_6' title="bbox 99 380 407 409; baseline 0 0"><span class='ocrx_word' id='word_1_62' title='bbox 99 380 173 409; x_wconf 84' lang='lat' dir='ltr'><strong>dicti</strong></span> <span class='ocrx_word' id='word_1_63' title='bbox 194 380 277 409; x_wconf 87' lang='lat' dir='ltr'>Casei</span> <span class='ocrx_word' id='word_1_64' title='bbox 297 380 407 409; x_wconf 85' lang='lat' dir='ltr'><strong>Ennio:</strong></span> 
     </span>
    </p>

    <p class='ocr_par' dir='ltr' id='par_1_4' title="bbox 101 422 1440 495">
     <span class='ocr_line' id='line_1_7' title="bbox 681 422 1440 465; baseline 0.003 -12"><span class='ocrx_word' id='word_1_65' title='bbox 681 422 778 463; x_wconf 79' lang='lat' dir='ltr'><strong>Quam</strong></span> <span class='ocrx_word' id='word_1_66' title='bbox 798 424 926 465; x_wconf 89' lang='lat' dir='ltr'><strong>primum</strong></span> <span class='ocrx_word' id='word_1_67' title='bbox 949 422 1039 454; x_wconf 79' lang='lat' dir='ltr'><strong>Casei</strong></span> <span class='ocrx_word' id='word_1_68' title='bbox 1058 423 1163 465; x_wconf 87' lang='lat' dir='ltr'><strong>populi</strong></span> <span class='ocrx_word' id='word_1_69' title='bbox 1183 436 1303 465; x_wconf 76' lang='lat' dir='ltr'><strong><em>genuere</em></strong></span> <span class='ocrx_word' id='word_1_70' title='bbox 1324 424 1440 455; x_wconf 86' lang='lat' dir='ltr'><strong>Latini.</strong></span> 
     </span>
     <span class='ocr_line' id='line_1_8' title="bbox 101 465 188 495; baseline 0 0"><span class='ocrx_word' id='word_1_71' title='bbox 101 465 188 495; x_wconf 78' lang='lat' dir='ltr'><strong>Dao-</strong></span> 
     </span>
    </p>

    <p class='ocr_par' dir='ltr' id='par_1_5' title="bbox 102 507 2057 763">
     <span class='ocr_line' id='line_1_9' title="bbox 269 507 2057 549; baseline 0.003 -14"><span class='ocrx_word' id='word_1_72' title='bbox 269 507 425 536; x_wconf 71' lang='lat' dir='ltr'><strong>Priscus</strong></span> <span class='ocrx_word' id='word_1_73' title='bbox 451 508 501 536; x_wconf 89' lang='lat' dir='ltr'><strong>Ta</strong></span> <span class='ocrx_word' id='word_1_74' title='bbox 512 509 690 548; x_wconf 83' lang='lat' dir='ltr'><strong>rquinius.</strong></span> <span class='ocrx_word' id='word_1_75' title='bbox 737 510 810 538; x_wconf 89' lang='lat' dir='ltr'><strong>Cum</strong></span> <span class='ocrx_word' id='word_1_76' title='bbox 835 509 922 538; x_wconf 88' lang='lat' dir='ltr'><strong>Festo</strong></span> <span class='ocrx_word' id='word_1_77' title='bbox 945 509 1093 538; x_wconf 73' lang='lat' dir='ltr'><strong>consentit</strong></span> <span class='ocrx_word' id='word_1_78' title='bbox 1116 509 1290 548; x_wconf 75' lang='lat' dir='ltr'><strong>Dionysius,</strong></span> <span class='ocrx_word' id='word_1_79' title='bbox 1323 510 1373 548; x_wconf 81' lang='lat' dir='ltr'><strong>qni</strong></span> <span class='ocrx_word' id='word_1_80' title='bbox 1396 511 1436 539; x_wconf 87' lang='lat' dir='ltr'><strong>ait</strong></span> <span class='ocrx_word' id='word_1_81' title='bbox 1459 511 1591 539; x_wconf 85' lang='lat' dir='ltr'><strong>Priscum</strong></span> <span class='ocrx_word' id='word_1_82' title='bbox 1614 510 1746 547; x_wconf 80' lang='lat' dir='ltr'><strong>dictum,</strong></span> <span class='ocrx_word' id='word_1_83' title='bbox 1777 511 1843 549; x_wconf 87' lang='lat' dir='ltr'><strong>quia</strong></span> <span class='ocrx_word' id='word_1_84' title='bbox 1867 514 1961 541; x_wconf 87' lang='lat' dir='ltr'><strong>maior</strong></span> <span class='ocrx_word' id='word_1_85' title='bbox 1983 518 2057 542; x_wconf 84' lang='lat' dir='ltr'><strong>natu</strong></span> 
     </span>
     <span class='ocr_line' id='line_1_10' title="bbox 102 551 2057 592; baseline 0.003 -13"><span class='ocrx_word' id='word_1_86' title='bbox 102 556 183 587; x_wconf 84' lang='lat' dir='ltr'><strong>erat,</strong></span> <span class='ocrx_word' id='word_1_87' title='bbox 206 560 293 589; x_wconf 88' lang='lat' dir='ltr'><strong>quam</strong></span> <span class='ocrx_word' id='word_1_88' title='bbox 317 551 495 588; x_wconf 75' lang='lat' dir='ltr'>Tarquinius</span> <span class='ocrx_word' id='word_1_89' title='bbox 519 551 681 590; x_wconf 84' lang='lat' dir='ltr'><strong>Superbus.</strong></span> <span class='ocrx_word' id='word_1_90' title='bbox 725 552 842 581; x_wconf 88' lang='lat' dir='ltr'><strong>Falsum</strong></span> <span class='ocrx_word' id='word_1_91' title='bbox 866 557 910 580; x_wconf 88' lang='lat' dir='ltr'><strong>est</strong></span> <span class='ocrx_word' id='word_1_92' title='bbox 931 552 1039 589; x_wconf 80' lang='lat' dir='ltr'><strong>igitur,</strong></span> <span class='ocrx_word' id='word_1_93' title='bbox 1064 553 1143 590; x_wconf 86' lang='lat' dir='ltr'><strong>quod</strong></span> <span class='ocrx_word' id='word_1_94' title='bbox 1168 553 1258 582; x_wconf 83' lang='lat' dir='ltr'>tradit</span> <span class='ocrx_word' id='word_1_95' title='bbox 1281 553 1343 582; x_wconf 80' lang='lat' dir='ltr'><strong>Liv.</strong></span> <span class='ocrx_word' id='word_1_96' title='bbox 1366 553 1416 582; x_wconf 89' lang='lat' dir='ltr'><strong>lib.</strong></span> <span class='ocrx_word' id='word_1_97' title='bbox 1430 553 1452 582; x_wconf 93' lang='lat'><strong>1.</strong></span> <span class='ocrx_word' id='word_1_98' title='bbox 1475 558 1545 582; x_wconf 85' lang='lat' dir='ltr'><strong>sect.</strong></span> <span class='ocrx_word' id='word_1_99' title='bbox 1558 554 1609 585; x_wconf 85' lang='lat'><strong>34.</strong></span> <span class='ocrx_word' id='word_1_100' title='bbox 1634 558 1771 592; x_wconf 78' lang='lat' dir='ltr'><strong>parentes</strong></span> <span class='ocrx_word' id='word_1_101' title='bbox 1796 555 1859 583; x_wconf 88' lang='lat' dir='ltr'><strong>eius</strong></span> <span class='ocrx_word' id='word_1_102' title='bbox 1881 555 1984 584; x_wconf 88' lang='lat' dir='ltr'><strong>urbem</strong></span> <span class='ocrx_word' id='word_1_103' title='bbox 2008 555 2057 584; x_wconf 88' lang='lat' dir='ltr'><strong>in—</strong></span> 
     </span>
     <span class='ocr_line' id='line_1_11' title="bbox 102 593 2056 636; baseline 0.002 -14"><span class='ocrx_word' id='word_1_104' title='bbox 102 603 218 632; x_wconf 81' lang='lat' dir='ltr'><strong>gressos</strong></span> <span class='ocrx_word' id='word_1_105' title='bbox 242 593 365 621; x_wconf 89' lang='lat' dir='ltr'><strong>Lucium</strong></span> <span class='ocrx_word' id='word_1_106' title='bbox 389 594 585 632; x_wconf 79' lang='lat' dir='ltr'><strong>Tarquinium</strong></span> <span class='ocrx_word' id='word_1_107' title='bbox 608 595 741 623; x_wconf 86' lang='lat' dir='ltr'><strong>Priscum</strong></span> <span class='ocrx_word' id='word_1_108' title='bbox 770 605 875 624; x_wconf 89' lang='lat' dir='ltr'><strong>nomen</strong></span> <span class='ocrx_word' id='word_1_109' title='bbox 905 594 1048 631; x_wconf 85' lang='lat' dir='ltr'><strong>edidisse,</strong></span> <span class='ocrx_word' id='word_1_110' title='bbox 1086 600 1119 624; x_wconf 89' lang='lat' dir='ltr'><strong>ut</strong></span> <span class='ocrx_word' id='word_1_111' title='bbox 1142 600 1170 624; x_wconf 82' lang='lat' dir='ltr'><strong>et</strong></span> <span class='ocrx_word' id='word_1_112' title='bbox 1193 596 1303 634; x_wconf 84' lang='lat' dir='ltr'><strong>optime</strong></span> <span class='ocrx_word' id='word_1_113' title='bbox 1325 596 1444 633; x_wconf 80' lang='lat' dir='ltr'><strong>Sigonio</strong></span> <span class='ocrx_word' id='word_1_114' title='bbox 1474 597 1720 625; x_wconf 86' lang='lat' dir='ltr'><strong>animadversum.</strong></span> <span class='ocrx_word' id='word_1_115' title='bbox 1765 596 1824 625; x_wconf 89' lang='lat' dir='ltr'><strong>Sed</strong></span> <span class='ocrx_word' id='word_1_116' title='bbox 1846 597 1919 636; x_wconf 88' lang='lat' dir='ltr'><strong>quid</strong></span> <span class='ocrx_word' id='word_1_117' title='bbox 1940 598 1965 626; x_wconf 86' lang='lat' dir='ltr'><strong>si</strong></span> <span class='ocrx_word' id='word_1_118' title='bbox 1988 607 2056 627; x_wconf 85' lang='lat' dir='ltr'><strong>eum</strong></span> 
     </span>
     <span class='ocr_line' id='line_1_12' title="bbox 103 635 2056 678; baseline 0.002 -13"><span class='ocrx_word' id='word_1_119' title='bbox 103 647 118 665; x_wconf 82' lang='lat' dir='ltr'><strong>a</strong></span> <span class='ocrx_word' id='word_1_120' title='bbox 142 635 251 665; x_wconf 86' lang='lat' dir='ltr'><strong>Priscis</strong></span> <span class='ocrx_word' id='word_1_121' title='bbox 275 636 404 672; x_wconf 82' lang='lat' dir='ltr'><strong>Latinis,</strong></span> <span class='ocrx_word' id='word_1_122' title='bbox 428 646 486 675; x_wconf 89' lang='lat' dir='ltr'><strong>quo</strong></span> <span class='ocrx_word' id='word_1_123' title='bbox 511 637 650 666; x_wconf 86' lang='lat' dir='ltr'><strong>Colonias</strong></span> <span class='ocrx_word' id='word_1_124' title='bbox 673 637 814 674; x_wconf 79' lang='lat' dir='ltr'><strong>deduxit,</strong></span> <span class='ocrx_word' id='word_1_125' title='bbox 841 637 973 666; x_wconf 79' lang='lat' dir='ltr'><strong>Priscum</strong></span> <span class='ocrx_word' id='word_1_126' title='bbox 997 637 1111 666; x_wconf 86' lang='lat' dir='ltr'><strong>dictum</strong></span> <span class='ocrx_word' id='word_1_127' title='bbox 1135 637 1224 666; x_wconf 79' lang='lat' dir='ltr'><strong>fuisse</strong></span> <span class='ocrx_word' id='word_1_128' title='bbox 1244 638 1403 677; x_wconf 72' lang='lat' dir='ltr'><strong>putemus?</strong></span> <span class='ocrx_word' id='word_1_129' title='bbox 1434 639 1536 677; x_wconf 86' lang='lat' dir='ltr'><strong>Neque</strong></span> <span class='ocrx_word' id='word_1_130' title='bbox 1559 638 1636 667; x_wconf 89' lang='lat' dir='ltr'><strong>enim</strong></span> <span class='ocrx_word' id='word_1_131' title='bbox 1662 638 1752 667; x_wconf 86' lang='lat' dir='ltr'><strong>Prisci</strong></span> <span class='ocrx_word' id='word_1_132' title='bbox 1774 644 1844 678; x_wconf 85' lang='lat' dir='ltr'><strong>post</strong></span> <span class='ocrx_word' id='word_1_133' title='bbox 1866 640 1998 668; x_wconf 89' lang='lat' dir='ltr'><strong>colonias</strong></span> <span class='ocrx_word' id='word_1_134' title='bbox 2021 650 2056 669; x_wconf 92' lang='lat' dir='ltr'><strong>eo</strong></span> 
     </span>
     <span class='ocr_line' id='line_1_13' title="bbox 104 678 2057 722; baseline 0.002 -15"><span class='ocrx_word' id='word_1_135' title='bbox 104 690 119 707; x_wconf 91' lang='lat' dir='ltr'><strong>a</strong></span> <span class='ocrx_word' id='word_1_136' title='bbox 145 678 246 707; x_wconf 84' lang='lat' dir='ltr'><strong>Prisco</strong></span> <span class='ocrx_word' id='word_1_137' title='bbox 270 678 413 707; x_wconf 76' lang='lat' dir='ltr'><strong>deductas</strong></span> <span class='ocrx_word' id='word_1_138' title='bbox 437 679 523 716; x_wconf 86' lang='lat' dir='ltr'><strong>dicti,</strong></span> <span class='ocrx_word' id='word_1_139' title='bbox 562 684 595 707; x_wconf 85' lang='lat' dir='ltr'><strong>ut</strong></span> <span class='ocrx_word' id='word_1_140' title='bbox 626 680 746 718; x_wconf 83' lang='lat' dir='ltr'><strong>quidam</strong></span> <span class='ocrx_word' id='word_1_141' title='bbox 770 680 911 709; x_wconf 88' lang='lat' dir='ltr'><strong>videntur</strong></span> <span class='ocrx_word' id='word_1_142' title='bbox 933 680 1111 709; x_wconf 83' lang='lat' dir='ltr'><strong>existimare.</strong></span> <span class='ocrx_word' id='word_1_143' title='bbox 1156 681 1227 708; x_wconf 85' lang='lat' dir='ltr'><strong>Nam</strong></span> <span class='ocrx_word' id='word_1_144' title='bbox 1254 681 1367 709; x_wconf 67' lang='lat' dir='ltr'><strong>priscos</strong></span> <span class='ocrx_word' id='word_1_145' title='bbox 1391 686 1456 710; x_wconf 92' lang='lat' dir='ltr'><strong>ante</strong></span> <span class='ocrx_word' id='word_1_146' title='bbox 1478 682 1602 710; x_wconf 84' lang='lat' dir='ltr'>Romam</span> <span class='ocrx_word' id='word_1_147' title='bbox 1625 681 1777 710; x_wconf 89' lang='lat' dir='ltr'><strong>conditam</strong></span> <span class='ocrx_word' id='word_1_148' title='bbox 1800 682 1891 711; x_wconf 82' lang='lat' dir='ltr'><strong>fuisse</strong></span> <span class='ocrx_word' id='word_1_149' title='bbox 1913 692 2005 722; x_wconf 87' lang='lat' dir='ltr'><strong>supra</strong></span> <span class='ocrx_word' id='word_1_150' title='bbox 2028 686 2057 711; x_wconf 85' lang='lat' dir='ltr'><strong>et</strong></span> 
     </span>
     <span class='ocr_line' id='line_1_14' title="bbox 103 721 1559 763; baseline 0.003 -14"><span class='ocrx_word' id='word_1_151' title='bbox 103 722 207 751; x_wconf 85' lang='lat' dir='ltr'><strong>Festus</strong></span> <span class='ocrx_word' id='word_1_152' title='bbox 230 726 257 750; x_wconf 92' lang='lat' dir='ltr'><strong>et</strong></span> <span class='ocrx_word' id='word_1_153' title='bbox 283 721 381 749; x_wconf 78' lang='lat' dir='ltr'><strong>Livius</strong></span> <span class='ocrx_word' id='word_1_154' title='bbox 404 723 474 750; x_wconf 85' lang='lat' dir='ltr'><strong>satis</strong></span> <span class='ocrx_word' id='word_1_155' title='bbox 498 722 669 751; x_wconf 85' lang='lat' dir='ltr'><strong>ostendunt.</strong></span> <span class='ocrx_word' id='word_1_156' title='bbox 716 723 793 751; x_wconf 85' lang='lat' dir='ltr'><strong>Dicti</strong></span> <span class='ocrx_word' id='word_1_157' title='bbox 817 728 914 752; x_wconf 85' lang='lat' dir='ltr'><strong>autem</strong></span> <span class='ocrx_word' id='word_1_158' title='bbox 937 723 1046 758; x_wconf 84' lang='lat' dir='ltr'><strong>Prisci,</strong></span> <span class='ocrx_word' id='word_1_159' title='bbox 1081 723 1163 761; x_wconf 86' lang='lat' dir='ltr'><strong>quod</strong></span> <span class='ocrx_word' id='word_1_160' title='bbox 1184 724 1270 763; x_wconf 83' lang='lat' dir='ltr'><strong>prius</strong></span> <span class='ocrx_word' id='word_1_161' title='bbox 1292 724 1423 753; x_wconf 81' lang='lat' dir='ltr'><strong>suerunt.</strong></span> <span class='ocrx_word' id='word_1_162' title='bbox 1471 723 1559 754; x_wconf 86' lang='lat' dir='ltr'><strong>Dac.</strong></span> 
     </span>
    </p>

    <p class='ocr_par' dir='ltr' id='par_1_6' title="bbox 272 763 1119 805">
     <span class='ocr_line' id='line_1_15' title="bbox 272 763 1119 805; baseline 0.002 -13"><span class='ocrx_word' id='word_1_163' title='bbox 272 763 492 793; x_wconf 85' lang='lat' dir='ltr'><strong>Pristinum.</strong></span> <span class='ocrx_word' id='word_1_164' title='bbox 537 765 667 794; x_wconf 84' lang='lat' dir='ltr'><strong>Glossis:</strong></span> <span class='ocrx_word' id='word_1_165' title='bbox 697 765 828 795; x_wconf 80' lang='lat' dir='ltr'><strong>Pristina</strong></span> <span class='ocrx_word' id='word_1_166' title='bbox 851 764 967 805; x_wconf 71' lang='grc' dir='ltr'><strong>ἀρχαῖα.</strong></span> <span class='ocrx_word' id='word_1_167' title='bbox 1015 764 1119 795; x_wconf 77' lang='lat' dir='ltr'><strong>Goth.</strong></span> 
     </span>
    </p>

    <p class='ocr_par' dir='ltr' id='par_1_7' title="bbox 104 805 2060 1147">
     <span class='ocr_line' id='line_1_16' title="bbox 268 805 2057 848; baseline 0 -12"><span class='ocrx_word' id='word_1_168' title='bbox 268 805 537 838; x_wconf 84' lang='lat' dir='ltr'><strong>Proletarium.</strong></span> <span class='ocrx_word' id='word_1_169' title='bbox 584 807 658 837; x_wconf 85' lang='lat' dir='ltr'><strong>Vide</strong></span> <span class='ocrx_word' id='word_1_170' title='bbox 681 809 755 839; x_wconf 87' lang='lat' dir='ltr'><strong>Gell.</strong></span> <span class='ocrx_word' id='word_1_171' title='bbox 780 809 831 836; x_wconf 85' lang='lat' dir='ltr'><strong>lib.</strong></span> <span class='ocrx_word' id='word_1_172' title='bbox 844 809 922 838; x_wconf 87' lang='lat' dir='ltr'><strong>XVI.</strong></span> <span class='ocrx_word' id='word_1_173' title='bbox 946 811 1074 848; x_wconf 81' lang='lat' dir='ltr'><strong>cap.10.</strong></span> <span class='ocrx_word' id='word_1_174' title='bbox 1102 807 1190 837; x_wconf 85' lang='lat' dir='ltr'><strong>Ant.</strong></span> <span class='ocrx_word' id='word_1_175' title='bbox 1212 808 1309 848; x_wconf 76' lang='lat' dir='ltr'><strong>Aug.</strong></span> <span class='ocrx_word' id='word_1_176' title='bbox 1354 807 1514 837; x_wconf 82' lang='lat' dir='ltr'><strong>Proletarii</strong></span> <span class='ocrx_word' id='word_1_177' title='bbox 1541 813 1569 837; x_wconf 82' lang='lat' dir='ltr'><strong>et</strong></span> <span class='ocrx_word' id='word_1_178' title='bbox 1592 807 1774 846; x_wconf 80' lang='lat' dir='ltr'><strong>Proletanei,</strong></span> <span class='ocrx_word' id='word_1_179' title='bbox 1810 813 1843 837; x_wconf 90' lang='lat' dir='ltr'><strong>ut</strong></span> <span class='ocrx_word' id='word_1_180' title='bbox 1871 809 2000 837; x_wconf 74' lang='lat' dir='ltr'><strong>extrarii</strong></span> <span class='ocrx_word' id='word_1_181' title='bbox 2028 813 2057 837; x_wconf 83' lang='lat' dir='ltr'><strong>et</strong></span> 
     </span>
     <span class='ocr_line' id='line_1_17' title="bbox 104 849 2057 890; baseline 0 -11"><span class='ocrx_word' id='word_1_182' title='bbox 104 849 248 879; x_wconf 66' lang='lat' dir='ltr'><strong>extranei.</strong></span> <span class='ocrx_word' id='word_1_183' title='bbox 293 849 449 878; x_wconf 80' lang='lat' dir='ltr'><strong>Proletarii</strong></span> <span class='ocrx_word' id='word_1_184' title='bbox 480 855 579 879; x_wconf 81' lang='lat' dir='ltr'><strong>autem</strong></span> <span class='ocrx_word' id='word_1_185' title='bbox 604 851 676 880; x_wconf 88' lang='lat' dir='ltr'><strong>dicti</strong></span> <span class='ocrx_word' id='word_1_186' title='bbox 698 852 728 879; x_wconf 91' lang='lat' dir='ltr'><strong>in</strong></span> <span class='ocrx_word' id='word_1_187' title='bbox 751 851 837 890; x_wconf 82' lang='lat' dir='ltr'>plebe</span> <span class='ocrx_word' id='word_1_188' title='bbox 861 853 944 881; x_wconf 83' lang='lat' dir='ltr'><strong>Rom.</strong></span> <span class='ocrx_word' id='word_1_189' title='bbox 966 851 1147 886; x_wconf 73' lang='lat' dir='ltr'><strong>tenuissimi,</strong></span> <span class='ocrx_word' id='word_1_190' title='bbox 1186 851 1236 889; x_wconf 84' lang='lat' dir='ltr'><strong>qui</strong></span> <span class='ocrx_word' id='word_1_191' title='bbox 1260 861 1317 879; x_wconf 87' lang='lat' dir='ltr'><strong>non</strong></span> <span class='ocrx_word' id='word_1_192' title='bbox 1342 852 1470 890; x_wconf 86' lang='lat' dir='ltr'><strong>amplius</strong></span> <span class='ocrx_word' id='word_1_193' title='bbox 1494 861 1581 889; x_wconf 78' lang='lat' dir='ltr'><strong>quam</strong></span> <span class='ocrx_word' id='word_1_194' title='bbox 1605 852 1808 890; x_wconf 85' lang='lat' dir='ltr'><strong>quingentium</strong></span> <span class='ocrx_word' id='word_1_195' title='bbox 1832 851 1907 880; x_wconf 87' lang='lat' dir='ltr'><strong>aeris</strong></span> <span class='ocrx_word' id='word_1_196' title='bbox 1930 851 1960 879; x_wconf 91' lang='lat' dir='ltr'><strong>in</strong></span> <span class='ocrx_word' id='word_1_197' title='bbox 1984 861 2057 879; x_wconf 89' lang='lat' dir='ltr'><strong>cen—</strong></span> 
     </span>
     <span class='ocr_line' id='line_1_18' title="bbox 105 891 2058 934; baseline 0.002 -15"><span class='ocrx_word' id='word_1_198' title='bbox 105 902 170 920; x_wconf 81' lang='lat' dir='ltr'><strong>sum</strong></span> <span class='ocrx_word' id='word_1_199' title='bbox 194 891 366 920; x_wconf 81' lang='lat' dir='ltr'><strong>deserebant</strong></span> <span class='ocrx_word' id='word_1_200' title='bbox 389 898 415 921; x_wconf 81' lang='lat' dir='ltr'><strong>et</strong></span> <span class='ocrx_word' id='word_1_201' title='bbox 439 893 521 931; x_wconf 78' lang='lat' dir='ltr'><strong>prole</strong></span> <span class='ocrx_word' id='word_1_202' title='bbox 544 898 659 923; x_wconf 85' lang='lat' dir='ltr'><strong>tantum</strong></span> <span class='ocrx_word' id='word_1_203' title='bbox 681 894 825 923; x_wconf 85' lang='lat' dir='ltr'><strong>iuvabant</strong></span> <span class='ocrx_word' id='word_1_204' title='bbox 846 894 1073 934; x_wconf 83' lang='lat' dir='ltr'><strong>rempublicam.</strong></span> <span class='ocrx_word' id='word_1_205' title='bbox 1112 893 1169 922; x_wconf 89' lang='lat' dir='ltr'><strong>Sed</strong></span> <span class='ocrx_word' id='word_1_206' title='bbox 1193 893 1305 922; x_wconf 87' lang='lat' dir='ltr'><strong>diversi</strong></span> <span class='ocrx_word' id='word_1_207' title='bbox 1327 898 1423 922; x_wconf 87' lang='lat' dir='ltr'><strong>tamen</strong></span> <span class='ocrx_word' id='word_1_208' title='bbox 1444 905 1458 923; x_wconf 93' lang='lat' dir='ltr'><strong>a</strong></span> <span class='ocrx_word' id='word_1_209' title='bbox 1483 894 1579 933; x_wconf 85' lang='lat' dir='ltr'><strong>capite</strong></span> <span class='ocrx_word' id='word_1_210' title='bbox 1603 895 1714 931; x_wconf 84' lang='lat' dir='ltr'><strong>censis,</strong></span> <span class='ocrx_word' id='word_1_211' title='bbox 1739 894 1789 933; x_wconf 93' lang='lat' dir='ltr'><strong>qui</strong></span> <span class='ocrx_word' id='word_1_212' title='bbox 1812 894 1896 922; x_wconf 88' lang='lat' dir='ltr'><strong>nullo</strong></span> <span class='ocrx_word' id='word_1_213' title='bbox 1919 898 1969 922; x_wconf 79' lang='lat' dir='ltr'><strong>aut</strong></span> <span class='ocrx_word' id='word_1_214' title='bbox 1991 903 2058 933; x_wconf 83' lang='lat' dir='ltr'><strong>per-</strong></span> 
     </span>
     <span class='ocr_line' id='line_1_19' title="bbox 106 935 2058 976; baseline 0.002 -14"><span class='ocrx_word' id='word_1_215' title='bbox 106 945 193 973; x_wconf 85' lang='lat' dir='ltr'><strong>quam</strong></span> <span class='ocrx_word' id='word_1_216' title='bbox 218 945 311 973; x_wconf 81' lang='lat' dir='ltr'><strong>parvo</strong></span> <span class='ocrx_word' id='word_1_217' title='bbox 333 945 399 963; x_wconf 87' lang='lat' dir='ltr'><strong>aere</strong></span> <span class='ocrx_word' id='word_1_218' title='bbox 423 935 636 974; x_wconf 79' lang='lat' dir='ltr'><strong>censebantur,</strong></span> <span class='ocrx_word' id='word_1_219' title='bbox 672 937 724 966; x_wconf 87' lang='lat' dir='ltr'><strong>sed</strong></span> <span class='ocrx_word' id='word_1_220' title='bbox 749 937 846 976; x_wconf 77' lang='lat' dir='ltr'><strong>capite</strong></span> <span class='ocrx_word' id='word_1_221' title='bbox 868 943 994 967; x_wconf 85' lang='lat' dir='ltr'><strong>tantum.</strong></span> <span class='ocrx_word' id='word_1_222' title='bbox 1040 936 1123 965; x_wconf 91' lang='lat' dir='ltr'><strong>Unde</strong></span> <span class='ocrx_word' id='word_1_223' title='bbox 1152 940 1179 964; x_wconf 91' lang='lat' dir='ltr'><strong>et</strong></span> <span class='ocrx_word' id='word_1_224' title='bbox 1208 937 1304 975; x_wconf 82' lang='lat' dir='ltr'><strong>capite</strong></span> <span class='ocrx_word' id='word_1_225' title='bbox 1331 937 1416 966; x_wconf 84' lang='lat' dir='ltr'><strong>censi.</strong></span> <span class='ocrx_word' id='word_1_226' title='bbox 1462 937 1586 975; x_wconf 76' lang='lat' dir='ltr'><strong>Utrique</strong></span> <span class='ocrx_word' id='word_1_227' title='bbox 1614 937 1732 975; x_wconf 85' lang='lat' dir='ltr'><strong>quidem</strong></span> <span class='ocrx_word' id='word_1_228' title='bbox 1754 937 1785 965; x_wconf 89' lang='lat' dir='ltr'><strong>in</strong></span> <span class='ocrx_word' id='word_1_229' title='bbox 1809 947 1896 965; x_wconf 91' lang='lat' dir='ltr'><strong>unam</strong></span> <span class='ocrx_word' id='word_1_230' title='bbox 1919 940 1948 965; x_wconf 86' lang='lat' dir='ltr'><strong>et</strong></span> <span class='ocrx_word' id='word_1_231' title='bbox 1968 936 2058 966; x_wconf 84' lang='lat' dir='ltr'><strong>imam</strong></span> 
     </span>
     <span class='ocr_line' id='line_1_20' title="bbox 105 977 2058 1018; baseline 0.001 -13"><span class='ocrx_word' id='word_1_232' title='bbox 105 977 229 1006; x_wconf 86' lang='lat' dir='ltr'><strong>classem</strong></span> <span class='ocrx_word' id='word_1_233' title='bbox 253 988 268 1005; x_wconf 91' lang='lat' dir='ltr'><strong>a</strong></span> <span class='ocrx_word' id='word_1_234' title='bbox 292 977 390 1006; x_wconf 87' lang='lat' dir='ltr'><strong>Tullio</strong></span> <span class='ocrx_word' id='word_1_235' title='bbox 412 988 479 1016; x_wconf 82' lang='lat' dir='ltr'><strong>rege</strong></span> <span class='ocrx_word' id='word_1_236' title='bbox 504 980 646 1016; x_wconf 87' lang='lat' dir='ltr'><strong>coniecti,</strong></span> <span class='ocrx_word' id='word_1_237' title='bbox 685 980 806 1009; x_wconf 84' lang='lat' dir='ltr'><strong>maioris</strong></span> <span class='ocrx_word' id='word_1_238' title='bbox 834 985 932 1009; x_wconf 86' lang='lat' dir='ltr'><strong>tamen</strong></span> <span class='ocrx_word' id='word_1_239' title='bbox 960 979 1084 1008; x_wconf 79' lang='lat' dir='ltr'><strong>honoris</strong></span> <span class='ocrx_word' id='word_1_240' title='bbox 1114 983 1198 1007; x_wconf 83' lang='lat' dir='ltr'><strong>erant</strong></span> <span class='ocrx_word' id='word_1_241' title='bbox 1221 984 1248 1007; x_wconf 83' lang='lat' dir='ltr'><strong>et</strong></span> <span class='ocrx_word' id='word_1_242' title='bbox 1271 990 1301 1007; x_wconf 87' lang='lat' dir='ltr'><strong>re</strong></span> <span class='ocrx_word' id='word_1_243' title='bbox 1324 984 1351 1007; x_wconf 88' lang='lat' dir='ltr'><strong>et</strong></span> <span class='ocrx_word' id='word_1_244' title='bbox 1374 979 1493 1007; x_wconf 87' lang='lat' dir='ltr'><strong>nomine</strong></span> <span class='ocrx_word' id='word_1_245' title='bbox 1522 979 1691 1018; x_wconf 84' lang='lat' dir='ltr'><strong>proletarii,</strong></span> <span class='ocrx_word' id='word_1_246' title='bbox 1730 989 1818 1018; x_wconf 82' lang='lat' dir='ltr'><strong>quam</strong></span> <span class='ocrx_word' id='word_1_247' title='bbox 1849 979 1945 1018; x_wconf 85' lang='lat' dir='ltr'><strong>capite</strong></span> <span class='ocrx_word' id='word_1_248' title='bbox 1968 978 2058 1016; x_wconf 83' lang='lat' dir='ltr'><strong>censi,</strong></span> 
     </span>
     <span class='ocr_line' id='line_1_21' title="bbox 106 1021 2058 1062; baseline 0.003 -14"><span class='ocrx_word' id='word_1_249' title='bbox 106 1029 234 1058; x_wconf 88' lang='lat' dir='ltr'><strong>quorum</strong></span> <span class='ocrx_word' id='word_1_250' title='bbox 261 1024 410 1049; x_wconf 68' lang='lat' dir='ltr'><strong>extremus</strong></span> <span class='ocrx_word' id='word_1_251' title='bbox 431 1031 537 1050; x_wconf 89' lang='lat' dir='ltr'><strong>census</strong></span> <span class='ocrx_word' id='word_1_252' title='bbox 559 1022 616 1051; x_wconf 84' lang='lat' dir='ltr'><strong>suit</strong></span> <span class='ocrx_word' id='word_1_253' title='bbox 639 1033 717 1051; x_wconf 86' lang='lat' dir='ltr'><strong>asses</strong></span> <span class='ocrx_word' id='word_1_254' title='bbox 740 1023 865 1051; x_wconf 85' lang='lat' dir='ltr'><strong>trecenti</strong></span> <span class='ocrx_word' id='word_1_255' title='bbox 887 1023 1072 1062; x_wconf 81' lang='lat' dir='ltr'><strong>septuaginta</strong></span> <span class='ocrx_word' id='word_1_256' title='bbox 1096 1022 1237 1060; x_wconf 79' lang='lat' dir='ltr'><strong>quinque.</strong></span> <span class='ocrx_word' id='word_1_257' title='bbox 1278 1021 1350 1050; x_wconf 83' lang='lat' dir='ltr'><strong>Vide</strong></span> <span class='ocrx_word' id='word_1_258' title='bbox 1375 1022 1502 1050; x_wconf 77' lang='lat' dir='ltr'><strong>Gellium</strong></span> <span class='ocrx_word' id='word_1_259' title='bbox 1526 1022 1668 1051; x_wconf 81' lang='lat' dir='ltr'><strong>lib-XVI.</strong></span> <span class='ocrx_word' id='word_1_260' title='bbox 1691 1032 1756 1061; x_wconf 78' lang='lat' dir='ltr'><strong>cap.</strong></span> <span class='ocrx_word' id='word_1_261' title='bbox 1771 1025 1819 1053; x_wconf 93' lang='lat'><strong>10.</strong></span> <span class='ocrx_word' id='word_1_262' title='bbox 1847 1021 1938 1051; x_wconf 78' lang='lat' dir='ltr'><strong>Dac-</strong></span> <span class='ocrx_word' id='word_1_263' title='bbox 1982 1021 2058 1050; x_wconf 79' lang='lat' dir='ltr'><strong>Vide</strong></span> 
     </span>
     <span class='ocr_line' id='line_1_22' title="bbox 106 1060 2060 1106; baseline 0.002 -15"><span class='ocrx_word' id='word_1_264' title='bbox 106 1062 233 1091; x_wconf 83' lang='lat' dir='ltr'><strong>Nonium</strong></span> <span class='ocrx_word' id='word_1_265' title='bbox 258 1060 339 1102; x_wconf 84' lang='lat' dir='ltr'><strong>(pag.</strong></span> <span class='ocrx_word' id='word_1_266' title='bbox 352 1066 403 1095; x_wconf 90' lang='lat'><strong>67.</strong></span> <span class='ocrx_word' id='word_1_267' title='bbox 428 1069 457 1093; x_wconf 88' lang='lat' dir='ltr'><strong>et</strong></span> <span class='ocrx_word' id='word_1_268' title='bbox 479 1074 546 1103; x_wconf 81' lang='lat' dir='ltr'><strong>pag.</strong></span> <span class='ocrx_word' id='word_1_269' title='bbox 562 1066 632 1097; x_wconf 84' lang='lat'><strong>155.</strong></span> <span class='ocrx_word' id='word_1_270' title='bbox 651 1065 756 1106; x_wconf 87' lang='lat' dir='ltr'><strong>Mero.)</strong></span> <span class='ocrx_word' id='word_1_271' title='bbox 779 1066 808 1094; x_wconf 87' lang='lat' dir='ltr'><strong>in</strong></span> <span class='ocrx_word' id='word_1_272' title='bbox 824 1064 982 1095; x_wconf 82' lang='lat' dir='ltr'><strong>Proletarii</strong></span> <span class='ocrx_word' id='word_1_273' title='bbox 1004 1064 1078 1095; x_wconf 88' lang='lat' dir='ltr'><strong>dicti</strong></span> <span class='ocrx_word' id='word_1_274' title='bbox 1100 1070 1126 1093; x_wconf 80' lang='lat' dir='ltr'><strong>et</strong></span> <span class='ocrx_word' id='word_1_275' title='bbox 1149 1065 1179 1092; x_wconf 89' lang='lat' dir='ltr'><strong>in</strong></span> <span class='ocrx_word' id='word_1_276' title='bbox 1195 1063 1356 1093; x_wconf 80' lang='lat' dir='ltr'><strong>Proletarii</strong></span> <span class='ocrx_word' id='word_1_277' title='bbox 1378 1065 1462 1094; x_wconf 84' lang='lat' dir='ltr'><strong>cives.</strong></span> <span class='ocrx_word' id='word_1_278' title='bbox 1489 1062 1597 1094; x_wconf 76' lang='lat' dir='ltr'><strong>Goth.</strong></span> <span class='ocrx_word' id='word_1_279' title='bbox 1626 1063 1717 1096; x_wconf 85' lang='lat' dir='ltr'><strong>Idem.</strong></span> <span class='ocrx_word' id='word_1_280' title='bbox 1740 1065 1823 1094; x_wconf 85' lang='lat' dir='ltr'><strong>Item.</strong></span> <span class='ocrx_word' id='word_1_281' title='bbox 1845 1063 1955 1093; x_wconf 89' lang='lat' dir='ltr'><strong>Idem.</strong></span> <span class='ocrx_word' id='word_1_282' title='bbox 1984 1062 2060 1094; x_wconf 85' lang='lat' dir='ltr'><strong>Pro-</strong></span> 
     </span>
     <span class='ocr_line' id='line_1_23' title="bbox 105 1103 876 1147; baseline 0.005 -13"><span class='ocrx_word' id='word_1_283' title='bbox 105 1103 213 1134; x_wconf 82' lang='lat' dir='ltr'><strong>letarii.</strong></span> <span class='ocrx_word' id='word_1_284' title='bbox 246 1106 430 1143; x_wconf 64' lang='lat' dir='ltr'><strong>Protei-mei,</strong></span> <span class='ocrx_word' id='word_1_285' title='bbox 462 1107 511 1135; x_wconf 86' lang='lat' dir='ltr'><strong>alii</strong></span> <span class='ocrx_word' id='word_1_286' title='bbox 532 1106 723 1147; x_wconf 84' lang='lat' dir='ltr'><strong>prolectanei.</strong></span> <span class='ocrx_word' id='word_1_287' title='bbox 766 1107 876 1138; x_wconf 80' lang='lat' dir='ltr'><strong>Idem.</strong></span> 
     </span>
    </p>

    <p class='ocr_par' dir='ltr' id='par_1_8' title="bbox 272 1147 1845 1191">
     <span class='ocr_line' id='line_1_24' title="bbox 272 1147 1845 1191; baseline 0.002 -15"><span class='ocrx_word' id='word_1_288' title='bbox 272 1147 431 1178; x_wconf 86' lang='lat' dir='ltr'><strong>Procita</strong></span> <span class='ocrx_word' id='word_1_289' title='bbox 443 1161 486 1178; x_wconf 87' lang='lat' dir='ltr'><strong>re.</strong></span> <span class='ocrx_word' id='word_1_290' title='bbox 529 1149 692 1188; x_wconf 76' lang='lat' dir='ltr'><strong>Prolicere,</strong></span> <span class='ocrx_word' id='word_1_291' title='bbox 715 1151 745 1180; x_wconf 89' lang='lat' dir='ltr'><strong>id</strong></span> <span class='ocrx_word' id='word_1_292' title='bbox 769 1156 810 1179; x_wconf 89' lang='lat' dir='ltr'><strong>est</strong></span> <span class='ocrx_word' id='word_1_293' title='bbox 832 1161 1008 1191; x_wconf 87' lang='lat' dir='ltr'><strong>provocare,</strong></span> <span class='ocrx_word' id='word_1_294' title='bbox 1029 1148 1199 1190; x_wconf 82' lang='lat' dir='ltr'><strong>producere.</strong></span> <span class='ocrx_word' id='word_1_295' title='bbox 1223 1149 1312 1180; x_wconf 87' lang='lat' dir='ltr'><strong>Dac.</strong></span> <span class='ocrx_word' id='word_1_296' title='bbox 1353 1147 1509 1178; x_wconf 75' lang='lat' dir='ltr'><strong>Prolicere.</strong></span> <span class='ocrx_word' id='word_1_297' title='bbox 1539 1149 1693 1179; x_wconf 85' lang='lat' dir='ltr'><strong>Pollicere.</strong></span> <span class='ocrx_word' id='word_1_298' title='bbox 1741 1147 1845 1179; x_wconf 73' lang='lat' dir='ltr'><strong>Goth.</strong></span> 
     </span>
    </p>

    <p class='ocr_par' dir='ltr' id='par_1_9' title="bbox 107 1189 2060 1317">
     <span class='ocr_line' id='line_1_25' title="bbox 272 1189 2059 1233; baseline 0.001 -14"><span class='ocrx_word' id='word_1_299' title='bbox 272 1189 504 1230; x_wconf 74' lang='lat' dir='ltr'><strong>Prologium.</strong></span> <span class='ocrx_word' id='word_1_300' title='bbox 551 1190 726 1233; x_wconf 74' lang='grc' dir='ltr'><strong><em>Πρόλογος,</em></strong></span> <span class='ocrx_word' id='word_1_301' title='bbox 766 1191 944 1233; x_wconf 73' lang='grc' dir='ltr'><strong><em>προλόγων,</em></strong></span> <span class='ocrx_word' id='word_1_302' title='bbox 974 1191 1130 1233; x_wconf 73' lang='lat' dir='ltr'><strong>prologus,</strong></span> <span class='ocrx_word' id='word_1_303' title='bbox 1158 1191 1343 1232; x_wconf 78' lang='lat' dir='ltr'><strong>prologium,</strong></span> <span class='ocrx_word' id='word_1_304' title='bbox 1381 1197 1413 1220; x_wconf 86' lang='lat' dir='ltr'><strong>ut</strong></span> <span class='ocrx_word' id='word_1_305' title='bbox 1436 1192 1552 1229; x_wconf 74' lang='grc' dir='ltr'><em>ἔξοδος,</em></span> <span class='ocrx_word' id='word_1_306' title='bbox 1583 1189 1716 1229; x_wconf 77' lang='grc' dir='ltr'><strong><em>ἐξόδιον,</em></strong></span> <span class='ocrx_word' id='word_1_307' title='bbox 1746 1189 1879 1229; x_wconf 71' lang='lat' dir='ltr'><strong>exodus,</strong></span> <span class='ocrx_word' id='word_1_308' title='bbox 1907 1189 2059 1221; x_wconf 71' lang='lat' dir='ltr'><strong>exodium.</strong></span> 
     </span>
     <span class='ocr_line' id='line_1_26' title="bbox 107 1230 2060 1275; baseline 0.001 -14"><span class='ocrx_word' id='word_1_309' title='bbox 107 1232 181 1261; x_wconf 90' lang='lat' dir='ltr'><strong>Vide</strong></span> <span class='ocrx_word' id='word_1_310' title='bbox 203 1230 367 1262; x_wconf 84' lang='lat' dir='ltr'><strong>Exodium.</strong></span> <span class='ocrx_word' id='word_1_311' title='bbox 412 1233 558 1274; x_wconf 76' lang='lat' dir='ltr'><strong>Prologus</strong></span> <span class='ocrx_word' id='word_1_312' title='bbox 583 1240 679 1264; x_wconf 82' lang='lat' dir='ltr'><strong>autem</strong></span> <span class='ocrx_word' id='word_1_313' title='bbox 704 1237 827 1275; x_wconf 78' lang='lat' dir='ltr'><strong>proprie</strong></span> <span class='ocrx_word' id='word_1_314' title='bbox 849 1236 994 1274; x_wconf 81' lang='lat' dir='ltr'><strong>praefatio</strong></span> <span class='ocrx_word' id='word_1_315' title='bbox 1019 1236 1163 1274; x_wconf 79' lang='lat' dir='ltr'><strong>quaedam</strong></span> <span class='ocrx_word' id='word_1_316' title='bbox 1187 1235 1321 1271; x_wconf 83' lang='lat' dir='ltr'><strong>fabulae,</strong></span> <span class='ocrx_word' id='word_1_317' title='bbox 1359 1234 1387 1262; x_wconf 88' lang='lat' dir='ltr'><strong>in</strong></span> <span class='ocrx_word' id='word_1_318' title='bbox 1413 1245 1470 1273; x_wconf 84' lang='lat' dir='ltr'><strong>qua</strong></span> <span class='ocrx_word' id='word_1_319' title='bbox 1493 1235 1541 1264; x_wconf 91' lang='lat' dir='ltr'><strong>vel</strong></span> <span class='ocrx_word' id='word_1_320' title='bbox 1565 1240 1653 1274; x_wconf 88' lang='lat' dir='ltr'><strong>poeta</strong></span> <span class='ocrx_word' id='word_1_321' title='bbox 1676 1239 1851 1271; x_wconf 81' lang='lat' dir='ltr'><strong>excusatur,</strong></span> <span class='ocrx_word' id='word_1_322' title='bbox 1888 1234 1938 1264; x_wconf 76' lang='lat' dir='ltr'><strong>vel</strong></span> <span class='ocrx_word' id='word_1_323' title='bbox 1959 1234 2060 1263; x_wconf 79' lang='lat' dir='ltr'><strong>fabula</strong></span> 
     </span>
     <span class='ocr_line' id='line_1_27' title="bbox 108 1275 1608 1317; baseline 0.002 -13"><span class='ocrx_word' id='word_1_324' title='bbox 108 1275 348 1304; x_wconf 67' lang='lat' dir='ltr'><strong>commendatur:</strong></span> <span class='ocrx_word' id='word_1_325' title='bbox 378 1275 550 1317; x_wconf 73' lang='lat' dir='ltr'><strong>Prologium</strong></span> <span class='ocrx_word' id='word_1_326' title='bbox 574 1288 659 1315; x_wconf 86' lang='lat' dir='ltr'><strong>vero,</strong></span> <span class='ocrx_word' id='word_1_327' title='bbox 687 1289 754 1307; x_wconf 88' lang='lat' dir='ltr'><strong>cum</strong></span> <span class='ocrx_word' id='word_1_328' title='bbox 778 1284 985 1316; x_wconf 82' lang='lat' dir='ltr'><strong>argumentum</strong></span> <span class='ocrx_word' id='word_1_329' title='bbox 1008 1278 1125 1306; x_wconf 73' lang='lat' dir='ltr'><strong>fabulae</strong></span> <span class='ocrx_word' id='word_1_330' title='bbox 1148 1282 1262 1306; x_wconf 85' lang='lat' dir='ltr'><strong>tantum</strong></span> <span class='ocrx_word' id='word_1_331' title='bbox 1286 1277 1473 1306; x_wconf 82' lang='lat' dir='ltr'><strong>describitur.</strong></span> <span class='ocrx_word' id='word_1_332' title='bbox 1517 1277 1608 1307; x_wconf 90' lang='lat' dir='ltr'><strong>Dac.</strong></span> 
     </span>
    </p>

    <p class='ocr_par' dir='ltr' id='par_1_10' title="bbox 272 1317 2027 1360">
     <span class='ocr_line' id='line_1_28' title="bbox 272 1317 2027 1360; baseline 0.001 -13"><span class='ocrx_word' id='word_1_333' title='bbox 272 1317 489 1358; x_wconf 74' lang='lat' dir='ltr'><strong>Prolugere.</strong></span> <span class='ocrx_word' id='word_1_334' title='bbox 533 1318 591 1348; x_wconf 88' lang='lat' dir='ltr'><strong>Pro</strong></span> <span class='ocrx_word' id='word_1_335' title='bbox 614 1320 644 1349; x_wconf 88' lang='lat' dir='ltr'><strong>id</strong></span> <span class='ocrx_word' id='word_1_336' title='bbox 668 1326 711 1349; x_wconf 89' lang='lat' dir='ltr'><strong>est</strong></span> <span class='ocrx_word' id='word_1_337' title='bbox 734 1332 842 1360; x_wconf 83' lang='lat' dir='ltr'><strong>porro,</strong></span> <span class='ocrx_word' id='word_1_338' title='bbox 869 1322 899 1349; x_wconf 90' lang='lat' dir='ltr'><strong>in</strong></span> <span class='ocrx_word' id='word_1_339' title='bbox 922 1322 1053 1359; x_wconf 75' lang='lat' dir='ltr'><strong>longum.</strong></span> <span class='ocrx_word' id='word_1_340' title='bbox 1097 1321 1207 1349; x_wconf 81' lang='lat' dir='ltr'><strong>Tamen</strong></span> <span class='ocrx_word' id='word_1_341' title='bbox 1229 1319 1319 1348; x_wconf 86' lang='lat' dir='ltr'><strong>huius</strong></span> <span class='ocrx_word' id='word_1_342' title='bbox 1342 1320 1565 1358; x_wconf 77' lang='lat' dir='ltr'><strong>significationis</strong></span> <span class='ocrx_word' id='word_1_343' title='bbox 1589 1320 1723 1357; x_wconf 82' lang='lat' dir='ltr'><strong>exempla</strong></span> <span class='ocrx_word' id='word_1_344' title='bbox 1746 1319 1891 1348; x_wconf 85' lang='lat' dir='ltr'><strong>desidero.</strong></span> <span class='ocrx_word' id='word_1_345' title='bbox 1936 1318 1992 1347; x_wconf 89' lang='lat' dir='ltr'><strong>Da</strong></span> <span class='ocrx_word' id='word_1_346' title='bbox 2003 1329 2027 1349; x_wconf 90' lang='lat' dir='ltr'><strong>c.</strong></span> 
     </span>
    </p>

    <p class='ocr_par' dir='ltr' id='par_1_11' title="bbox 104 1359 2063 1443">
     <span class='ocr_line' id='line_1_29' title="bbox 274 1359 2063 1402; baseline 0.001 -13"><span class='ocrx_word' id='word_1_347' title='bbox 274 1359 497 1391; x_wconf 80' lang='lat' dir='ltr'><strong>Praeliares</strong></span> <span class='ocrx_word' id='word_1_348' title='bbox 527 1360 618 1391; x_wconf 77' lang='lat' dir='ltr'><strong>dies.</strong></span> <span class='ocrx_word' id='word_1_349' title='bbox 663 1363 737 1393; x_wconf 83' lang='lat' dir='ltr'><strong>Vide</strong></span> <span class='ocrx_word' id='word_1_350' title='bbox 765 1364 795 1392; x_wconf 89' lang='lat' dir='ltr'><strong>in</strong></span> <span class='ocrx_word' id='word_1_351' title='bbox 825 1374 897 1393; x_wconf 84' lang='lat' dir='ltr'><strong>voce</strong></span> <span class='ocrx_word' id='word_1_352' title='bbox 919 1364 989 1392; x_wconf 84' lang='lat' dir='ltr'><strong>iusti</strong></span> <span class='ocrx_word' id='word_1_353' title='bbox 1012 1361 1082 1392; x_wconf 78' lang='lat' dir='ltr'><strong>dies.</strong></span> <span class='ocrx_word' id='word_1_354' title='bbox 1111 1363 1201 1394; x_wconf 82' lang='lat' dir='ltr'><strong>Dae.</strong></span> <span class='ocrx_word' id='word_1_355' title='bbox 1248 1363 1321 1391; x_wconf 85' lang='lat' dir='ltr'><strong>Vide</strong></span> <span class='ocrx_word' id='word_1_356' title='bbox 1345 1373 1434 1402; x_wconf 81' lang='lat' dir='ltr'><strong>supra</strong></span> <span class='ocrx_word' id='word_1_357' title='bbox 1457 1361 1609 1393; x_wconf 80' lang='lat' dir='ltr'><strong>IlIundus:</strong></span> <span class='ocrx_word' id='word_1_358' title='bbox 1647 1360 1795 1391; x_wconf 61' lang='lat' dir='ltr'><strong>Zlffundum</strong></span> <span class='ocrx_word' id='word_1_359' title='bbox 1820 1366 1849 1391; x_wconf 86' lang='lat' dir='ltr'><strong>et</strong></span> <span class='ocrx_word' id='word_1_360' title='bbox 1871 1361 1950 1390; x_wconf 79' lang='lat' dir='ltr'><strong>infra</strong></span> <span class='ocrx_word' id='word_1_361' title='bbox 1971 1360 2063 1390; x_wconf 77' lang='lat' dir='ltr'><strong>Reli-</strong></span> 
     </span>
     <span class='ocr_line' id='line_1_30' title="bbox 104 1401 370 1443; baseline 0.008 -12"><span class='ocrx_word' id='word_1_362' title='bbox 104 1403 215 1443; x_wconf 78' lang='lat' dir='ltr'><strong>giosus.</strong></span> <span class='ocrx_word' id='word_1_363' title='bbox 264 1401 370 1433; x_wconf 77' lang='lat' dir='ltr'><strong>Goth.</strong></span> 
     </span>
    </p>

    <p class='ocr_par' dir='ltr' id='par_1_12' title="bbox 106 1444 2065 1563">
     <span class='ocr_line' id='line_1_31' title="bbox 273 1444 2064 1487; baseline -0.001 -13"><span class='ocrx_word' id='word_1_364' title='bbox 273 1444 510 1476; x_wconf 75' lang='lat' dir='ltr'><strong>Provinciae.</strong></span> <span class='ocrx_word' id='word_1_365' title='bbox 557 1448 640 1477; x_wconf 82' lang='lat' dir='ltr'><strong>Adde</strong></span> <span class='ocrx_word' id='word_1_366' title='bbox 662 1448 681 1477; x_wconf 92' lang='lat' dir='ltr'><strong>l.</strong></span> <span class='ocrx_word' id='word_1_367' title='bbox 695 1451 746 1481; x_wconf 87' lang='lat'><strong>99.</strong></span> <span class='ocrx_word' id='word_1_368' title='bbox 772 1451 799 1481; x_wconf 82' lang='lat'><strong>1.</strong></span> <span class='ocrx_word' id='word_1_369' title='bbox 818 1448 847 1477; x_wconf 84' lang='lat' dir='ltr'><strong>ff.</strong></span> <span class='ocrx_word' id='word_1_370' title='bbox 871 1447 908 1477; x_wconf 85' lang='lat' dir='ltr'><strong>de</strong></span> <span class='ocrx_word' id='word_1_371' title='bbox 933 1447 1012 1477; x_wconf 85' lang='lat' dir='ltr'><strong>verb.</strong></span> <span class='ocrx_word' id='word_1_372' title='bbox 1037 1448 1136 1487; x_wconf 80' lang='lat' dir='ltr'><strong>signis.</strong></span> <span class='ocrx_word' id='word_1_373' title='bbox 1168 1448 1275 1477; x_wconf 83' lang='lat' dir='ltr'><strong>Earum</strong></span> <span class='ocrx_word' id='word_1_374' title='bbox 1300 1447 1374 1477; x_wconf 84' lang='lat' dir='ltr'><strong>aliae</strong></span> <span class='ocrx_word' id='word_1_375' title='bbox 1399 1447 1586 1485; x_wconf 78' lang='lat' dir='ltr'><strong>consulares,</strong></span> <span class='ocrx_word' id='word_1_376' title='bbox 1610 1447 1683 1476; x_wconf 83' lang='lat' dir='ltr'><strong>aliae</strong></span> <span class='ocrx_word' id='word_1_377' title='bbox 1706 1448 1893 1486; x_wconf 84' lang='lat' dir='ltr'><strong>praetoriae,</strong></span> <span class='ocrx_word' id='word_1_378' title='bbox 1919 1445 1992 1474; x_wconf 89' lang='lat' dir='ltr'><strong>aliae</strong></span> <span class='ocrx_word' id='word_1_379' title='bbox 2016 1455 2064 1474; x_wconf 89' lang='lat' dir='ltr'><strong>ur-</strong></span> 
     </span>
     <span class='ocr_line' id='line_1_32' title="bbox 107 1487 2065 1531; baseline 0 -14"><span class='ocrx_word' id='word_1_380' title='bbox 107 1489 209 1517; x_wconf 87' lang='lat' dir='ltr'><strong>banae.</strong></span> <span class='ocrx_word' id='word_1_381' title='bbox 255 1488 359 1517; x_wconf 87' lang='lat' dir='ltr'><strong>Cicero</strong></span> <span class='ocrx_word' id='word_1_382' title='bbox 384 1489 513 1529; x_wconf 84' lang='lat' dir='ltr'><strong>Philipp.</strong></span> <span class='ocrx_word' id='word_1_383' title='bbox 530 1491 552 1520; x_wconf 88' lang='lat'><strong>1.</strong></span> <span class='ocrx_word' id='word_1_384' title='bbox 576 1493 619 1528; x_wconf 89' lang='lat' dir='ltr'><strong>(c.</strong></span> <span class='ocrx_word' id='word_1_385' title='bbox 634 1495 664 1524; x_wconf 87' lang='lat'><strong>8.</strong></span> <span class='ocrx_word' id='word_1_386' title='bbox 688 1492 787 1529; x_wconf 85' lang='lat' dir='ltr'><strong>init.),</strong></span> <span class='ocrx_word' id='word_1_387' title='bbox 824 1491 902 1520; x_wconf 87' lang='lat' dir='ltr'><strong>unde</strong></span> <span class='ocrx_word' id='word_1_388' title='bbox 930 1491 1128 1531; x_wconf 77' lang='lat' dir='ltr'><strong>provinciales</strong></span> <span class='ocrx_word' id='word_1_389' title='bbox 1150 1491 1297 1523; x_wconf 82' lang='lat' dir='ltr'><strong>l.190.ff.</strong></span> <span class='ocrx_word' id='word_1_390' title='bbox 1319 1490 1422 1520; x_wconf 88' lang='lat' dir='ltr'><strong>eodem</strong></span> <span class='ocrx_word' id='word_1_391' title='bbox 1448 1491 1552 1528; x_wconf 70' lang='lat' dir='ltr'><strong>titulo,</strong></span> <span class='ocrx_word' id='word_1_392' title='bbox 1592 1502 1635 1519; x_wconf 83' lang='lat' dir='ltr'><strong>res</strong></span> <span class='ocrx_word' id='word_1_393' title='bbox 1656 1487 1854 1530; x_wconf 80' lang='lat' dir='ltr'><strong>provinciales</strong></span> <span class='ocrx_word' id='word_1_394' title='bbox 1878 1489 1897 1517; x_wconf 91' lang='lat' dir='ltr'><strong>l.</strong></span> <span class='ocrx_word' id='word_1_395' title='bbox 1912 1490 1962 1522; x_wconf 85' lang='lat'><strong>35.</strong></span> <span class='ocrx_word' id='word_1_396' title='bbox 1977 1488 2005 1519; x_wconf 88' lang='lat' dir='ltr'><strong>ff.</strong></span> <span class='ocrx_word' id='word_1_397' title='bbox 2028 1488 2065 1517; x_wconf 87' lang='lat' dir='ltr'><strong>de</strong></span> 
     </span>
     <span class='ocr_line' id='line_1_33' title="bbox 106 1531 526 1563; baseline 0.005 -2"><span class='ocrx_word' id='word_1_398' title='bbox 106 1531 258 1562; x_wconf 83' lang='lat' dir='ltr'><strong>haeredib.</strong></span> <span class='ocrx_word' id='word_1_399' title='bbox 280 1533 373 1563; x_wconf 87' lang='lat' dir='ltr'><strong>instit.</strong></span> <span class='ocrx_word' id='word_1_400' title='bbox 422 1532 526 1563; x_wconf 75' lang='lat' dir='ltr'><strong>Goth.</strong></span> 
     </span>
    </p>

    <p class='ocr_par' dir='ltr' id='par_1_13' title="bbox 109 1571 2068 1826">
     <span class='ocr_line' id='line_1_34' title="bbox 275 1571 2066 1616; baseline -0.002 -12"><span class='ocrx_word' id='word_1_401' title='bbox 275 1574 481 1606; x_wconf 87' lang='lat' dir='ltr'><strong>Protinam.</strong></span> <span class='ocrx_word' id='word_1_402' title='bbox 526 1577 644 1605; x_wconf 85' lang='lat' dir='ltr'><strong>Terent.</strong></span> <span class='ocrx_word' id='word_1_403' title='bbox 662 1575 794 1606; x_wconf 65' lang='lat' dir='ltr'><strong>Pharum</strong></span> <span class='ocrx_word' id='word_1_404' title='bbox 827 1574 959 1616; x_wconf 83' lang='lat' dir='ltr'><strong>Aliquid</strong></span> <span class='ocrx_word' id='word_1_405' title='bbox 982 1585 1183 1604; x_wconf 81' lang='lat' dir='ltr'><strong>convasassem</strong></span> <span class='ocrx_word' id='word_1_406' title='bbox 1207 1581 1296 1615; x_wconf 76' lang='lat' dir='ltr'><strong>atque</strong></span> <span class='ocrx_word' id='word_1_407' title='bbox 1317 1574 1385 1603; x_wconf 84' lang='lat' dir='ltr'><strong>lzinc</strong></span> <span class='ocrx_word' id='word_1_408' title='bbox 1408 1586 1452 1603; x_wconf 84' lang='lat' dir='ltr'><strong>me</strong></span> <span class='ocrx_word' id='word_1_409' title='bbox 1475 1574 1644 1604; x_wconf 82' lang='lat' dir='ltr'><strong>coniicerem</strong></span> <span class='ocrx_word' id='word_1_410' title='bbox 1666 1574 1816 1615; x_wconf 86' lang='lat' dir='ltr'><strong>protinam</strong></span> <span class='ocrx_word' id='word_1_411' title='bbox 1838 1574 1868 1602; x_wconf 87' lang='lat' dir='ltr'><strong>in</strong></span> <span class='ocrx_word' id='word_1_412' title='bbox 1889 1571 1984 1613; x_wconf 82' lang='lat' dir='ltr'><strong>pedes.</strong></span> <span class='ocrx_word' id='word_1_413' title='bbox 2017 1572 2066 1601; x_wconf 87' lang='lat' dir='ltr'><strong>Sic</strong></span> 
     </span>
     <span class='ocr_line' id='line_1_35' title="bbox 111 1614 2067 1661; baseline -0.002 -14"><span class='ocrx_word' id='word_1_414' title='bbox 111 1619 246 1661; x_wconf 80' lang='lat' dir='ltr'><strong>Nigidius</strong></span> <span class='ocrx_word' id='word_1_415' title='bbox 270 1626 299 1650; x_wconf 79' lang='lat' dir='ltr'><strong>et</strong></span> <span class='ocrx_word' id='word_1_416' title='bbox 323 1621 474 1655; x_wconf 80' lang='lat' dir='ltr'><strong>Donatus,</strong></span> <span class='ocrx_word' id='word_1_417' title='bbox 503 1629 562 1648; x_wconf 88' lang='lat' dir='ltr'><strong>non</strong></span> <span class='ocrx_word' id='word_1_418' title='bbox 582 1619 726 1658; x_wconf 84' lang='lat' dir='ltr'><strong>protinus.</strong></span> <span class='ocrx_word' id='word_1_419' title='bbox 749 1618 835 1647; x_wconf 86' lang='lat' dir='ltr'><strong>Ant.</strong></span> <span class='ocrx_word' id='word_1_420' title='bbox 857 1619 954 1658; x_wconf 78' lang='lat' dir='ltr'><strong>Aug.</strong></span> <span class='ocrx_word' id='word_1_421' title='bbox 1000 1618 1093 1646; x_wconf 87' lang='lat' dir='ltr'><strong>Varro</strong></span> <span class='ocrx_word' id='word_1_422' title='bbox 1117 1617 1169 1645; x_wconf 89' lang='lat' dir='ltr'><strong>lib.</strong></span> <span class='ocrx_word' id='word_1_423' title='bbox 1184 1617 1232 1645; x_wconf 95' lang='lat' dir='ltr'><strong>VI.</strong></span> <span class='ocrx_word' id='word_1_424' title='bbox 1256 1617 1337 1656; x_wconf 85' lang='lat' dir='ltr'><strong>(VII,</strong></span> <span class='ocrx_word' id='word_1_425' title='bbox 1362 1627 1428 1656; x_wconf 78' lang='lat' dir='ltr'><strong>pag.</strong></span> <span class='ocrx_word' id='word_1_426' title='bbox 1441 1619 1514 1648; x_wconf 83' lang='lat'><strong>385.</strong></span> <span class='ocrx_word' id='word_1_427' title='bbox 1540 1616 1657 1656; x_wconf 82' lang='lat' dir='ltr'><strong>Merc.):</strong></span> <span class='ocrx_word' id='word_1_428' title='bbox 1690 1615 1725 1645; x_wconf 86' lang='lat' dir='ltr'><strong>In</strong></span> <span class='ocrx_word' id='word_1_429' title='bbox 1748 1614 1955 1655; x_wconf 80' lang='lat' dir='ltr'><strong>Lampadione</strong></span> <span class='ocrx_word' id='word_1_430' title='bbox 1977 1615 2067 1653; x_wconf 78' lang='lat' dir='ltr'><strong>(Nae-</strong></span> 
     </span>
     <span class='ocr_line' id='line_1_36' title="bbox 109 1657 2068 1704; baseline -0.004 -10"><span class='ocrx_word' id='word_1_431' title='bbox 109 1665 189 1703; x_wconf 82' lang='lat' dir='ltr'><strong>vius)</strong></span> <span class='ocrx_word' id='word_1_432' title='bbox 209 1666 358 1704; x_wconf 76' lang='lat' dir='ltr'><strong>protinam</strong></span> <span class='ocrx_word' id='word_1_433' title='bbox 384 1674 401 1691; x_wconf 91' lang='lat' dir='ltr'><strong>a</strong></span> <span class='ocrx_word' id='word_1_434' title='bbox 423 1662 558 1701; x_wconf 85' lang='lat' dir='ltr'><strong>protinus</strong></span> <span class='ocrx_word' id='word_1_435' title='bbox 581 1661 801 1691; x_wconf 75' lang='lat' dir='ltr'><strong>continuitatem</strong></span> <span class='ocrx_word' id='word_1_436' title='bbox 825 1661 1003 1701; x_wconf 75' lang='lat' dir='ltr'><strong>significans.</strong></span> <span class='ocrx_word' id='word_1_437' title='bbox 1035 1659 1109 1688; x_wconf 88' lang='lat' dir='ltr'><strong>Vide</strong></span> <span class='ocrx_word' id='word_1_438' title='bbox 1131 1659 1258 1688; x_wconf 84' lang='lat' dir='ltr'><strong>Nonium</strong></span> <span class='ocrx_word' id='word_1_439' title='bbox 1283 1658 1362 1698; x_wconf 85' lang='lat' dir='ltr'><strong>(pag.</strong></span> <span class='ocrx_word' id='word_1_440' title='bbox 1374 1661 1447 1691; x_wconf 83' lang='grc'><strong>375.</strong></span> <span class='ocrx_word' id='word_1_441' title='bbox 1473 1657 1584 1700; x_wconf 58' lang='lat' dir='ltr'><strong>Mero).</strong></span> <span class='ocrx_word' id='word_1_442' title='bbox 1618 1661 1713 1688; x_wconf 89' lang='lat' dir='ltr'><strong>Locus</strong></span> <span class='ocrx_word' id='word_1_443' title='bbox 1737 1659 1871 1694; x_wconf 84' lang='lat' dir='ltr'><strong>Terent.‚</strong></span> <span class='ocrx_word' id='word_1_444' title='bbox 1895 1668 1981 1697; x_wconf 88' lang='lat' dir='ltr'><strong>quem</strong></span> <span class='ocrx_word' id='word_1_445' title='bbox 2003 1658 2068 1686; x_wconf 91' lang='lat' dir='ltr'><strong>lau·</strong></span> 
     </span>
     <span class='ocr_line' id='line_1_37' title="bbox 110 1700 2068 1742; baseline -0.005 -3"><span class='ocrx_word' id='word_1_446' title='bbox 110 1711 162 1740; x_wconf 84' lang='lat' dir='ltr'><strong>dat</strong></span> <span class='ocrx_word' id='word_1_447' title='bbox 184 1709 287 1738; x_wconf 82' lang='lat' dir='ltr'><strong>Festus</strong></span> <span class='ocrx_word' id='word_1_448' title='bbox 330 1712 373 1735; x_wconf 86' lang='lat' dir='ltr'><strong>est</strong></span> <span class='ocrx_word' id='word_1_449' title='bbox 398 1705 515 1734; x_wconf 84' lang='lat' dir='ltr'><strong>Phorm.</strong></span> <span class='ocrx_word' id='word_1_450' title='bbox 538 1704 563 1739; x_wconf 86' lang='lat' dir='ltr'><strong>l,</strong></span> <span class='ocrx_word' id='word_1_451' title='bbox 587 1705 623 1739; x_wconf 80' lang='lat'><strong>4,</strong></span> <span class='ocrx_word' id='word_1_452' title='bbox 648 1704 743 1741; x_wconf 72' lang='lat'><strong>(13),</strong></span> <span class='ocrx_word' id='word_1_453' title='bbox 768 1703 808 1732; x_wconf 93' lang='lat' dir='ltr'><strong>ibi</strong></span> <span class='ocrx_word' id='word_1_454' title='bbox 832 1708 929 1732; x_wconf 82' lang='lat' dir='ltr'><strong>tamen</strong></span> <span class='ocrx_word' id='word_1_455' title='bbox 953 1703 1042 1740; x_wconf 72' lang='lat' dir='ltr'><strong>vulgo</strong></span> <span class='ocrx_word' id='word_1_456' title='bbox 1063 1703 1213 1740; x_wconf 81' lang='lat' dir='ltr'><strong>protinus,</strong></span> <span class='ocrx_word' id='word_1_457' title='bbox 1236 1701 1287 1730; x_wconf 85' lang='lat' dir='ltr'><strong>sed</strong></span> <span class='ocrx_word' id='word_1_458' title='bbox 1310 1706 1424 1730; x_wconf 80' lang='lat' dir='ltr'><strong>rectum</strong></span> <span class='ocrx_word' id='word_1_459' title='bbox 1449 1712 1509 1730; x_wconf 86' lang='lat' dir='ltr'><strong>esse</strong></span> <span class='ocrx_word' id='word_1_460' title='bbox 1530 1703 1679 1742; x_wconf 81' lang='lat' dir='ltr'><strong>protinam</strong></span> <span class='ocrx_word' id='word_1_461' title='bbox 1704 1701 1834 1730; x_wconf 83' lang='lat' dir='ltr'><strong>ostendit</strong></span> <span class='ocrx_word' id='word_1_462' title='bbox 1855 1700 1904 1729; x_wconf 82' lang='lat' dir='ltr'><strong>hic</strong></span> <span class='ocrx_word' id='word_1_463' title='bbox 1924 1701 2002 1730; x_wconf 85' lang='lat' dir='ltr'><strong>Festi</strong></span> <span class='ocrx_word' id='word_1_464' title='bbox 2025 1701 2068 1729; x_wconf 93' lang='lat' dir='ltr'><strong>lo-</strong></span> 
     </span>
     <span class='ocr_line' id='line_1_38' title="bbox 111 1730 2068 1789; baseline -0.005 -8"><span class='ocrx_word' id='word_1_465' title='bbox 111 1764 180 1789; x_wconf 90' lang='lat' dir='ltr'><strong>cus,</strong></span> <span class='ocrx_word' id='word_1_466' title='bbox 204 1756 232 1780; x_wconf 86' lang='lat' dir='ltr'><strong>et.</strong></span> <span class='ocrx_word' id='word_1_467' title='bbox 255 1730 343 1778; x_wconf 68' lang='lat' dir='ltr'><strong>do&#39;cet</strong></span> <span class='ocrx_word' id='word_1_468' title='bbox 367 1753 451 1777; x_wconf 76' lang='lat' dir='ltr'><strong>vetus</strong></span> <span class='ocrx_word' id='word_1_469' title='bbox 476 1747 643 1786; x_wconf 79' lang='lat' dir='ltr'><strong>interpres,</strong></span> <span class='ocrx_word' id='word_1_470' title='bbox 676 1746 725 1784; x_wconf 89' lang='lat' dir='ltr'><strong>qui</strong></span> <span class='ocrx_word' id='word_1_471' title='bbox 750 1747 882 1774; x_wconf 79' lang='lat' dir='ltr'><strong>Donatus</strong></span> <span class='ocrx_word' id='word_1_472' title='bbox 906 1746 1025 1774; x_wconf 86' lang='lat' dir='ltr'><strong>dicitur.</strong></span> <span class='ocrx_word' id='word_1_473' title='bbox 1063 1744 1216 1773; x_wconf 87' lang='lat' dir='ltr'><strong>Protinam</strong></span> <span class='ocrx_word' id='word_1_474' title='bbox 1230 1744 1316 1786; x_wconf 75' lang='lat' dir='ltr'><strong>suit,</strong></span> <span class='ocrx_word' id='word_1_475' title='bbox 1345 1745 1458 1783; x_wconf 83' lang='lat' dir='ltr'><strong>inquit,</strong></span> <span class='ocrx_word' id='word_1_476' title='bbox 1488 1752 1514 1773; x_wconf 81' lang='lat' dir='ltr'><strong>et</strong></span> <span class='ocrx_word' id='word_1_477' title='bbox 1537 1745 1580 1774; x_wconf 83' lang='lat' dir='ltr'><strong>sic</strong></span> <span class='ocrx_word' id='word_1_478' title='bbox 1602 1742 1743 1783; x_wconf 76' lang='lat' dir='ltr'><strong>Nigidius</strong></span> <span class='ocrx_word' id='word_1_479' title='bbox 1765 1742 1843 1783; x_wconf 74' lang='lat' dir='ltr'><strong>legit.</strong></span> <span class='ocrx_word' id='word_1_480' title='bbox 1867 1742 1957 1773; x_wconf 74' lang='lat' dir='ltr'><strong>Duc.</strong></span> <span class='ocrx_word' id='word_1_481' title='bbox 1993 1742 2068 1772; x_wconf 84' lang='lat' dir='ltr'><strong>Pro-</strong></span> 
     </span>
     <span class='ocr_line' id='line_1_39' title="bbox 111 1785 1521 1826; baseline -0.007 -1"><span class='ocrx_word' id='word_1_482' title='bbox 111 1796 181 1825; x_wconf 77' lang='lat' dir='ltr'><strong>tinis</strong></span> <span class='ocrx_word' id='word_1_483' title='bbox 204 1794 291 1824; x_wconf 82' lang='lat' dir='ltr'><strong>etiam</strong></span> <span class='ocrx_word' id='word_1_484' title='bbox 315 1797 430 1820; x_wconf 85' lang='lat' dir='ltr'><strong>veteres</strong></span> <span class='ocrx_word' id='word_1_485' title='bbox 453 1791 563 1819; x_wconf 77' lang='lat' dir='ltr'><strong>dixere.</strong></span> <span class='ocrx_word' id='word_1_486' title='bbox 605 1788 678 1817; x_wconf 86' lang='lat' dir='ltr'><strong>Vide</strong></span> <span class='ocrx_word' id='word_1_487' title='bbox 702 1789 829 1817; x_wconf 86' lang='lat' dir='ltr'><strong>Nonium</strong></span> <span class='ocrx_word' id='word_1_488' title='bbox 853 1789 883 1816; x_wconf 89' lang='lat' dir='ltr'><strong>in</strong></span> <span class='ocrx_word' id='word_1_489' title='bbox 907 1787 1043 1817; x_wconf 79' lang='lat' dir='ltr'><strong>Protinus</strong></span> <span class='ocrx_word' id='word_1_490' title='bbox 1067 1786 1145 1825; x_wconf 73' lang='lat' dir='ltr'><strong>(pag.</strong></span> <span class='ocrx_word' id='word_1_491' title='bbox 1159 1788 1231 1819; x_wconf 86' lang='lat'><strong>375.</strong></span> <span class='ocrx_word' id='word_1_492' title='bbox 1257 1786 1371 1826; x_wconf 85' lang='lat' dir='ltr'><strong>Merc.).</strong></span> <span class='ocrx_word' id='word_1_493' title='bbox 1418 1785 1521 1816; x_wconf 77' lang='lat' dir='ltr'><strong>Goth.</strong></span> 
     </span>
    </p>

    <p class='ocr_par' dir='ltr' id='par_1_14' title="bbox 112 1825 2070 1918">
     <span class='ocr_line' id='line_1_40' title="bbox 277 1825 2070 1869; baseline -0.006 -5"><span class='ocrx_word' id='word_1_494' title='bbox 277 1834 430 1864; x_wconf 89' lang='lat' dir='ltr'><strong>Pruina.</strong></span> <span class='ocrx_word' id='word_1_495' title='bbox 476 1833 536 1861; x_wconf 80' lang='lat' dir='ltr'><strong>Ros</strong></span> <span class='ocrx_word' id='word_1_496' title='bbox 558 1836 733 1867; x_wconf 80' lang='lat' dir='ltr'><strong>concretus,</strong></span> <span class='ocrx_word' id='word_1_497' title='bbox 764 1831 928 1860; x_wconf 84' lang='lat' dir='ltr'><strong>secundum</strong></span> <span class='ocrx_word' id='word_1_498' title='bbox 952 1830 1158 1865; x_wconf 79' lang='lat' dir='ltr'><strong>Aristotelem,</strong></span> <span class='ocrx_word' id='word_1_499' title='bbox 1190 1830 1274 1868; x_wconf 82' lang='lat' dir='ltr'><strong>quasi</strong></span> <span class='ocrx_word' id='word_1_500' title='bbox 1296 1830 1418 1869; x_wconf 86' lang='lat' dir='ltr'><strong>pyrina,</strong></span> <span class='ocrx_word' id='word_1_501' title='bbox 1451 1825 1510 1859; x_wconf 76' lang='grc' dir='ltr'><strong>ἆηὸ</strong></span> <span class='ocrx_word' id='word_1_502' title='bbox 1533 1832 1588 1860; x_wconf 86' lang='grc' dir='ltr'><strong>τοῦ</strong></span> <span class='ocrx_word' id='word_1_503' title='bbox 1610 1826 1724 1868; x_wconf 77' lang='grc' dir='ltr'><strong><em>πυρός,</em></strong></span> <span class='ocrx_word' id='word_1_504' title='bbox 1755 1828 1802 1857; x_wconf 88' lang='lat' dir='ltr'><strong>vel</strong></span> <span class='ocrx_word' id='word_1_505' title='bbox 1825 1826 1987 1857; x_wconf 84' lang='lat' dir='ltr'><strong>secundum</strong></span> <span class='ocrx_word' id='word_1_506' title='bbox 2010 1826 2070 1855; x_wconf 78' lang='lat' dir='ltr'><strong>Fe—</strong></span> 
     </span>
     <span class='ocr_line' id='line_1_41' title="bbox 112 1871 1514 1918; baseline -0.006 -7"><span class='ocrx_word' id='word_1_507' title='bbox 112 1887 192 1912; x_wconf 81' lang='lat' dir='ltr'><strong>stum</strong></span> <span class='ocrx_word' id='word_1_508' title='bbox 216 1878 300 1918; x_wconf 82' lang='lat' dir='ltr'><strong>quasi</strong></span> <span class='ocrx_word' id='word_1_509' title='bbox 322 1877 475 1916; x_wconf 84' lang='lat' dir='ltr'><strong>perurina,</strong></span> <span class='ocrx_word' id='word_1_510' title='bbox 503 1874 653 1913; x_wconf 81' lang='lat' dir='ltr'><strong>quomodo</strong></span> <span class='ocrx_word' id='word_1_511' title='bbox 677 1879 705 1902; x_wconf 88' lang='lat' dir='ltr'><strong>et</strong></span> <span class='ocrx_word' id='word_1_512' title='bbox 728 1875 850 1902; x_wconf 89' lang='lat' dir='ltr'><strong>Graecis</strong></span> <span class='ocrx_word' id='word_1_513' title='bbox 874 1873 983 1902; x_wconf 86' lang='lat' dir='ltr'><strong>dicitur</strong></span> <span class='ocrx_word' id='word_1_514' title='bbox 1006 1871 1116 1912; x_wconf 83' lang='grc' dir='ltr'><em>αἷθρος</em></span> <span class='ocrx_word' id='word_1_515' title='bbox 1139 1872 1174 1901; x_wconf 86' lang='lat' dir='ltr'><strong>ab</strong></span> <span class='ocrx_word' id='word_1_516' title='bbox 1199 1873 1295 1908; x_wconf 80' lang='grc' dir='ltr'><strong><em>αἶ’θω,</em></strong></span> <span class='ocrx_word' id='word_1_517' title='bbox 1319 1883 1379 1901; x_wconf 82' lang='lat' dir='ltr'><strong>uro.</strong></span> <span class='ocrx_word' id='word_1_518' title='bbox 1425 1871 1514 1902; x_wconf 89' lang='lat' dir='ltr'><strong>Dac.</strong></span> 
     </span>
    </p>

    <p class='ocr_par' dir='ltr' id='par_1_15' title="bbox 109 1911 2070 2007">
     <span class='ocr_line' id='line_1_42' title="bbox 280 1911 2070 1958; baseline -0.004 -11"><span class='ocrx_word' id='word_1_519' title='bbox 280 1919 477 1958; x_wconf 76' lang='lat' dir='ltr'><strong>Prugnum.</strong></span> <span class='ocrx_word' id='word_1_520' title='bbox 521 1916 690 1956; x_wconf 71' lang='lat' dir='ltr'><strong>Privignus,</strong></span> <span class='ocrx_word' id='word_1_521' title='bbox 716 1917 875 1957; x_wconf 73' lang='lat' dir='ltr'><strong>pruignus‚</strong></span> <span class='ocrx_word' id='word_1_522' title='bbox 901 1927 1048 1955; x_wconf 58' lang='lat' dir='ltr'><strong>pragma,</strong></span> <span class='ocrx_word' id='word_1_523' title='bbox 1070 1916 1117 1944; x_wconf 86' lang='lat' dir='ltr'><strong>vel</strong></span> <span class='ocrx_word' id='word_1_524' title='bbox 1140 1915 1241 1954; x_wconf 90' lang='lat' dir='ltr'><strong>potius</strong></span> <span class='ocrx_word' id='word_1_525' title='bbox 1261 1915 1414 1954; x_wconf 70' lang='lat' dir='ltr'><strong>prigenus,</strong></span> <span class='ocrx_word' id='word_1_526' title='bbox 1435 1915 1573 1953; x_wconf 72' lang='lat' dir='ltr'><strong>prignus,</strong></span> <span class='ocrx_word' id='word_1_527' title='bbox 1596 1924 1735 1954; x_wconf 78' lang='lat' dir='ltr'><strong>prugnus.</strong></span> <span class='ocrx_word' id='word_1_528' title='bbox 1762 1911 1849 1941; x_wconf 86' lang='lat' dir='ltr'><strong>Dac.</strong></span> <span class='ocrx_word' id='word_1_529' title='bbox 1893 1911 1953 1940; x_wconf 87' lang='lat' dir='ltr'><strong>Pro</strong></span> <span class='ocrx_word' id='word_1_530' title='bbox 1973 1911 2070 1951; x_wconf 79' lang='lat' dir='ltr'><strong>privi-</strong></span> 
     </span>
     <span class='ocr_line' id='line_1_43' title="bbox 109 1957 944 2007; baseline -0.007 -14"><span class='ocrx_word' id='word_1_531' title='bbox 109 1977 210 2007; x_wconf 75' lang='lat' dir='ltr'><strong>gnum.</strong></span> <span class='ocrx_word' id='word_1_532' title='bbox 247 1963 305 1992; x_wconf 84' lang='lat' dir='ltr'><strong>Pro</strong></span> <span class='ocrx_word' id='word_1_533' title='bbox 328 1971 469 2001; x_wconf 80' lang='lat' dir='ltr'><strong>prunum.</strong></span> <span class='ocrx_word' id='word_1_534' title='bbox 504 1960 560 1989; x_wconf 84' lang='lat' dir='ltr'><strong>Alii</strong></span> <span class='ocrx_word' id='word_1_535' title='bbox 581 1970 636 1999; x_wconf 84' lang='lat' dir='ltr'><strong>pro</strong></span> <span class='ocrx_word' id='word_1_536' title='bbox 657 1969 791 1999; x_wconf 83' lang='lat' dir='ltr'><strong>pronum.</strong></span> <span class='ocrx_word' id='word_1_537' title='bbox 839 1957 944 1988; x_wconf 74' lang='lat' dir='ltr'><strong>Goth.</strong></span> 
     </span>
    </p>
   </div>
   <div class='ocr_carea' id='block_1_3' title="bbox 277 2002 2067 2103">
    <p class='ocr_par' dir='ltr' id='par_1_16' title="bbox 277 2002 2067 2103">
     <span class='ocr_line' id='line_1_44' title="bbox 277 2002 2067 2052; baseline -0.004 -10"><span class='ocrx_word' id='word_1_538' title='bbox 277 2012 372 2052; x_wconf 89' lang='lat' dir='ltr'><strong>Prop</strong></span> <span class='ocrx_word' id='word_1_539' title='bbox 381 2024 477 2052; x_wconf 79' lang='lat' dir='ltr'><strong>ages.</strong></span> <span class='ocrx_word' id='word_1_540' title='bbox 521 2012 570 2040; x_wconf 82' lang='lat' dir='ltr'><strong>Sic</strong></span> <span class='ocrx_word' id='word_1_541' title='bbox 588 2008 766 2050; x_wconf 76' lang='lat' dir='ltr'><strong>Compages,</strong></span> <span class='ocrx_word' id='word_1_542' title='bbox 792 2009 934 2050; x_wconf 73' lang='lat' dir='ltr'><strong>Impages.</strong></span> <span class='ocrx_word' id='word_1_543' title='bbox 958 2008 1011 2037; x_wconf 90' lang='lat' dir='ltr'><strong>Da</strong></span> <span class='ocrx_word' id='word_1_544' title='bbox 1021 2019 1046 2037; x_wconf 92' lang='lat' dir='ltr'><strong>c.</strong></span> <span class='ocrx_word' id='word_1_545' title='bbox 1072 2008 1156 2037; x_wconf 78' lang='lat' dir='ltr'><strong>Adde</strong></span> <span class='ocrx_word' id='word_1_546' title='bbox 1170 2009 1302 2037; x_wconf 79' lang='lat' dir='ltr'><strong>Nonium</strong></span> <span class='ocrx_word' id='word_1_547' title='bbox 1326 2004 1368 2047; x_wconf 83' lang='lat' dir='ltr'><strong>(p.</strong></span> <span class='ocrx_word' id='word_1_548' title='bbox 1383 2006 1433 2038; x_wconf 81' lang='grc'><strong>64.</strong></span> <span class='ocrx_word' id='word_1_549' title='bbox 1451 2007 1487 2037; x_wconf 85' lang='lat' dir='ltr'><strong>M.</strong></span> <span class='ocrx_word' id='word_1_550' title='bbox 1505 2017 1533 2036; x_wconf 88' lang='lat' dir='ltr'><strong>v.</strong></span> <span class='ocrx_word' id='word_1_551' title='bbox 1551 2003 1724 2046; x_wconf 76' lang='lat' dir='ltr'><strong>Propages.)</strong></span> <span class='ocrx_word' id='word_1_552' title='bbox 1747 2005 1777 2034; x_wconf 91' lang='lat' dir='ltr'><strong>in</strong></span> <span class='ocrx_word' id='word_1_553' title='bbox 1792 2003 1937 2044; x_wconf 77' lang='lat' dir='ltr'><strong>Propago.</strong></span> <span class='ocrx_word' id='word_1_554' title='bbox 1963 2002 2067 2034; x_wconf 75' lang='lat' dir='ltr'><strong>Goth.</strong></span> 
     </span>
     <span class='ocr_line' id='line_1_45' title="bbox 277 2057 1776 2103; baseline -0.005 -10"><span class='ocrx_word' id='word_1_555' title='bbox 277 2063 510 2103; x_wconf 85' lang='lat' dir='ltr'><strong>Propetrare.</strong></span> <span class='ocrx_word' id='word_1_556' title='bbox 556 2062 649 2098; x_wconf 89' lang='lat' dir='ltr'><strong>Quasi</strong></span> <span class='ocrx_word' id='word_1_557' title='bbox 670 2069 737 2089; x_wconf 86' lang='lat' dir='ltr'><strong>ante</strong></span> <span class='ocrx_word' id='word_1_558' title='bbox 757 2068 891 2100; x_wconf 84' lang='lat' dir='ltr'><strong>patrare,</strong></span> <span class='ocrx_word' id='word_1_559' title='bbox 920 2060 1097 2099; x_wconf 76' lang='lat' dir='ltr'><strong>providere,</strong></span> <span class='ocrx_word' id='word_1_560' title='bbox 1125 2065 1156 2088; x_wconf 87' lang='lat' dir='ltr'><strong>ut</strong></span> <span class='ocrx_word' id='word_1_561' title='bbox 1179 2058 1293 2098; x_wconf 82' lang='lat' dir='ltr'><strong>aliquid</strong></span> <span class='ocrx_word' id='word_1_562' title='bbox 1317 2063 1436 2096; x_wconf 79' lang='lat' dir='ltr'><strong>agatur,</strong></span> <span class='ocrx_word' id='word_1_563' title='bbox 1461 2058 1641 2097; x_wconf 81' lang='lat' dir='ltr'><strong>perficiatur.</strong></span> <span class='ocrx_word' id='word_1_564' title='bbox 1686 2057 1776 2086; x_wconf 87' lang='lat' dir='ltr'><strong>Dac.</strong></span> 
     </span>
    </p>
   </div>
   <div class='ocr_carea' id='block_1_4' title="bbox 114 2105 2069 2297">
    <p class='ocr_par' dir='ltr' id='par_1_17' title="bbox 114 2105 2069 2243">
     <span class='ocr_line' id='line_1_46' title="bbox 279 2105 2069 2153; baseline -0.006 -10"><span class='ocrx_word' id='word_1_565' title='bbox 279 2112 523 2153; x_wconf 85' lang='lat' dir='ltr'><strong>Propudium.</strong></span> <span class='ocrx_word' id='word_1_566' title='bbox 568 2113 634 2141; x_wconf 88' lang='lat' dir='ltr'><strong>Non</strong></span> <span class='ocrx_word' id='word_1_567' title='bbox 658 2112 801 2146; x_wconf 81' lang='lat' dir='ltr'><strong>dubium,</strong></span> <span class='ocrx_word' id='word_1_568' title='bbox 839 2121 915 2150; x_wconf 85' lang='lat' dir='ltr'><strong>quae</strong></span> <span class='ocrx_word' id='word_1_569' title='bbox 939 2110 1059 2139; x_wconf 75' lang='lat' dir='ltr'><strong>Graecis</strong></span> <span class='ocrx_word' id='word_1_570' title='bbox 1089 2107 1284 2148; x_wconf 73' lang='grc' dir='ltr'><strong>καθάρματα,</strong></span> <span class='ocrx_word' id='word_1_571' title='bbox 1325 2120 1357 2137; x_wconf 86' lang='lat' dir='ltr'><strong>ea</strong></span> <span class='ocrx_word' id='word_1_572' title='bbox 1381 2109 1491 2137; x_wconf 81' lang='lat' dir='ltr'><strong>Latinis</strong></span> <span class='ocrx_word' id='word_1_573' title='bbox 1521 2107 1671 2148; x_wconf 85' lang='lat' dir='ltr'><strong>propudia</strong></span> <span class='ocrx_word' id='word_1_574' title='bbox 1700 2107 1790 2136; x_wconf 84' lang='lat' dir='ltr'><strong>dicta.</strong></span> <span class='ocrx_word' id='word_1_575' title='bbox 1834 2106 1908 2135; x_wconf 82' lang='lat' dir='ltr'><strong>Inde</strong></span> <span class='ocrx_word' id='word_1_576' title='bbox 1935 2105 2069 2134; x_wconf 82' lang='lat' dir='ltr'><strong>homines</strong></span> 
     </span>
     <span class='ocr_line' id='line_1_47' title="bbox 114 2147 2041 2195; baseline -0.007 -5"><span class='ocrx_word' id='word_1_577' title='bbox 114 2161 292 2192; x_wconf 74' lang='lat' dir='ltr'><strong>sceleratos,</strong></span> <span class='ocrx_word' id='word_1_578' title='bbox 317 2162 350 2185; x_wconf 87' lang='lat' dir='ltr'><strong>ut</strong></span> <span class='ocrx_word' id='word_1_579' title='bbox 373 2157 480 2185; x_wconf 80' lang='lat' dir='ltr'><strong>Graeci</strong></span> <span class='ocrx_word' id='word_1_580' title='bbox 503 2154 698 2195; x_wconf 75' lang='grc' dir='ltr'><strong><em>καθάρματα,</em></strong></span> <span class='ocrx_word' id='word_1_581' title='bbox 719 2156 762 2182; x_wconf 75' lang='lat' dir='ltr'><strong>sic</strong></span> <span class='ocrx_word' id='word_1_582' title='bbox 786 2154 909 2183; x_wconf 71' lang='lat' dir='ltr'><strong>[tomani</strong></span> <span class='ocrx_word' id='word_1_583' title='bbox 933 2153 1052 2183; x_wconf 84' lang='lat' dir='ltr'><strong>eosdem</strong></span> <span class='ocrx_word' id='word_1_584' title='bbox 1074 2151 1222 2192; x_wconf 87' lang='lat' dir='ltr'><strong>propudia</strong></span> <span class='ocrx_word' id='word_1_585' title='bbox 1246 2157 1402 2182; x_wconf 88' lang='lat' dir='ltr'><strong>vocarunt.</strong></span> <span class='ocrx_word' id='word_1_586' title='bbox 1429 2150 1530 2181; x_wconf 87' lang='lat' dir='ltr'><strong>Scal.</strong></span> <span class='ocrx_word' id='word_1_587' title='bbox 1575 2151 1669 2180; x_wconf 82' lang='lat' dir='ltr'><strong>l&#39;laut.</strong></span> <span class='ocrx_word' id='word_1_588' title='bbox 1693 2149 1814 2179; x_wconf 68' lang='lat' dir='ltr'><strong>(iurcul.</strong></span> <span class='ocrx_word' id='word_1_589' title='bbox 1838 2148 1880 2189; x_wconf 85' lang='lat'><strong>(1,</strong></span> <span class='ocrx_word' id='word_1_590' title='bbox 1903 2150 1940 2186; x_wconf 83' lang='grc'><strong>3,</strong></span> <span class='ocrx_word' id='word_1_591' title='bbox 1963 2147 2041 2186; x_wconf 73' lang='lat'><strong>34.):</strong></span> 
     </span>
     <span class='ocr_line' id='line_1_48' title="bbox 758 2201 1389 2243; baseline 0.002 -11"><span class='ocrx_word' id='word_1_592' title='bbox 758 2221 799 2227; x_wconf 89' lang='lat'>—</span> <span class='ocrx_word' id='word_1_593' title='bbox 842 2221 884 2227; x_wconf 91' lang='lat'>—</span> <span class='ocrx_word' id='word_1_594' title='bbox 929 2222 966 2227; x_wconf 92' lang='lat'><strong>-—</strong></span> <span class='ocrx_word' id='word_1_595' title='bbox 1015 2202 1095 2242; x_wconf 76' lang='lat' dir='ltr'><strong>Quid</strong></span> <span class='ocrx_word' id='word_1_596' title='bbox 1117 2204 1162 2232; x_wconf 80' lang='lat' dir='ltr'><strong>ais</strong></span> <span class='ocrx_word' id='word_1_597' title='bbox 1181 2201 1389 2243; x_wconf 77' lang='lat' dir='ltr'><strong>propudium?</strong></span> 
     </span>
    </p>

    <p class='ocr_par' dir='ltr' id='par_1_18' title="bbox 115 2245 2065 2297">
     <span class='ocr_line' id='line_1_49' title="bbox 115 2245 2065 2297; baseline -0.008 -5"><span class='ocrx_word' id='word_1_598' title='bbox 115 2263 201 2292; x_wconf 89' lang='lat' dir='ltr'><strong>Dac.</strong></span> <span class='ocrx_word' id='word_1_599' title='bbox 235 2273 249 2289; x_wconf 88' lang='lat' dir='ltr'><strong>r</strong></span> <span class='ocrx_word' id='word_1_600' title='bbox 272 2283 278 2290; x_wconf 95' lang='lat'><strong>.</strong></span> <span class='ocrx_word' id='word_1_601' title='bbox 301 2281 309 2288; x_wconf 90' lang='lat'><strong>.</strong></span> <span class='ocrx_word' id='word_1_602' title='bbox 332 2280 339 2288; x_wconf 93' lang='lat'><strong>.</strong></span> <span class='ocrx_word' id='word_1_603' title='bbox 362 2257 470 2297; x_wconf 80' lang='lat' dir='ltr'><strong>procul</strong></span> <span class='ocrx_word' id='word_1_604' title='bbox 489 2259 556 2288; x_wconf 75' lang='lat' dir='ltr'><strong>sint.</strong></span> <span class='ocrx_word' id='word_1_605' title='bbox 601 2257 655 2285; x_wconf 84' lang='lat' dir='ltr'><strong>Hic</strong></span> <span class='ocrx_word' id='word_1_606' title='bbox 679 2256 770 2285; x_wconf 85' lang='lat' dir='ltr'><strong>verba</strong></span> <span class='ocrx_word' id='word_1_607' title='bbox 795 2256 874 2284; x_wconf 85' lang='lat' dir='ltr'><strong>Festi</strong></span> <span class='ocrx_word' id='word_1_608' title='bbox 897 2256 1073 2284; x_wconf 85' lang='lat' dir='ltr'><strong>coaluerunt</strong></span> <span class='ocrx_word' id='word_1_609' title='bbox 1094 2264 1162 2283; x_wconf 89' lang='lat' dir='ltr'><strong>cum</strong></span> <span class='ocrx_word' id='word_1_610' title='bbox 1186 2254 1268 2282; x_wconf 83' lang='lat' dir='ltr'><strong>Pauli</strong></span> <span class='ocrx_word' id='word_1_611' title='bbox 1291 2254 1429 2293; x_wconf 77' lang='lat' dir='ltr'><strong>epitome..</strong></span> <span class='ocrx_word' id='word_1_612' title='bbox 1467 2252 1668 2292; x_wconf 84' lang='lat' dir='ltr'><strong>Repetendum</strong></span> <span class='ocrx_word' id='word_1_613' title='bbox 1691 2252 1795 2291; x_wconf 80' lang='lat' dir='ltr'><strong>igitur:</strong></span> <span class='ocrx_word' id='word_1_614' title='bbox 1820 2248 1999 2290; x_wconf 86' lang='lat' dir='ltr'><strong>Propudium</strong></span> <span class='ocrx_word' id='word_1_615' title='bbox 2021 2245 2065 2275; x_wconf 73' lang='lat' dir='ltr'><strong>di-</strong></span> 
     </span>
    </p>
   </div>
   <div class='ocr_carea' id='block_1_5' title="bbox 115 2290 2067 2338">
    <p class='ocr_par' dir='ltr' id='par_1_19' title="bbox 115 2290 2067 2338">
     <span class='ocr_line' id='line_1_50' title="bbox 115 2290 2067 2338; baseline -0.007 -4"><span class='ocrx_word' id='word_1_616' title='bbox 115 2304 219 2335; x_wconf 80' lang='lat' dir='ltr'><strong>cebant</strong></span> <span class='ocrx_word' id='word_1_617' title='bbox 241 2308 297 2332; x_wconf 87' lang='lat' dir='ltr'><strong>etc.</strong></span> <span class='ocrx_word' id='word_1_618' title='bbox 334 2302 414 2330; x_wconf 85' lang='lat' dir='ltr'><strong>Nihil</strong></span> <span class='ocrx_word' id='word_1_619' title='bbox 440 2302 558 2330; x_wconf 85' lang='lat' dir='ltr'><strong>certius.</strong></span> <span class='ocrx_word' id='word_1_620' title='bbox 583 2300 671 2329; x_wconf 89' lang='lat' dir='ltr'><strong>Dac.</strong></span> <span class='ocrx_word' id='word_1_621' title='bbox 714 2299 789 2328; x_wconf 88' lang='lat' dir='ltr'><strong>Vide</strong></span> <span class='ocrx_word' id='word_1_622' title='bbox 812 2309 900 2338; x_wconf 83' lang='lat' dir='ltr'><strong>supra</strong></span> <span class='ocrx_word' id='word_1_623' title='bbox 922 2309 994 2337; x_wconf 86' lang='lat' dir='ltr'><strong>pro,</strong></span> <span class='ocrx_word' id='word_1_624' title='bbox 1016 2297 1073 2326; x_wconf 84' lang='lat' dir='ltr'><strong>ibi:</strong></span> <span class='ocrx_word' id='word_1_625' title='bbox 1098 2297 1170 2326; x_wconf 89' lang='lat' dir='ltr'><strong>alias</strong></span> <span class='ocrx_word' id='word_1_626' title='bbox 1194 2307 1248 2336; x_wconf 76' lang='lat' dir='ltr'><strong>pro</strong></span> <span class='ocrx_word' id='word_1_627' title='bbox 1272 2296 1412 2336; x_wconf 85' lang='lat' dir='ltr'><strong>privandi</strong></span> <span class='ocrx_word' id='word_1_628' title='bbox 1435 2296 1584 2324; x_wconf 77' lang='lat' dir='ltr'><strong>facultate.</strong></span> <span class='ocrx_word' id='word_1_629' title='bbox 1625 2295 1701 2325; x_wconf 86' lang='lat' dir='ltr'><strong>Gell.</strong></span> <span class='ocrx_word' id='word_1_630' title='bbox 1718 2295 1753 2324; x_wconf 89' lang='lat' dir='ltr'><strong>ll.</strong></span> <span class='ocrx_word' id='word_1_631' title='bbox 1777 2305 1843 2333; x_wconf 88' lang='lat' dir='ltr'><strong>cap.</strong></span> <span class='ocrx_word' id='word_1_632' title='bbox 1856 2296 1900 2324; x_wconf 81' lang='lat'><strong>7.:</strong></span> <span class='ocrx_word' id='word_1_633' title='bbox 1931 2290 1965 2319; x_wconf 80' lang='lat' dir='ltr'><strong>Si</strong></span> <span class='ocrx_word' id='word_1_634' title='bbox 1983 2295 2067 2328; x_wconf 71' lang='lat' dir='ltr'><strong>pater</strong></span> 
     </span>
    </p>
   </div>
   <div class='ocr_carea' id='block_1_6' title="bbox 114 2338 2065 2422">
    <p class='ocr_par' dir='ltr' id='par_1_20' title="bbox 114 2338 2065 2422">
     <span class='ocr_line' id='line_1_51' title="bbox 114 2338 2065 2389; baseline -0.009 -12"><span class='ocrx_word' id='word_1_635' title='bbox 114 2349 250 2388; x_wconf 85' lang='lat' dir='ltr'><strong>imperet,</strong></span> <span class='ocrx_word' id='word_1_636' title='bbox 290 2355 412 2373; x_wconf 68' lang='lat' dir='ltr'><strong>uxorem</strong></span> <span class='ocrx_word' id='word_1_637' title='bbox 443 2342 547 2373; x_wconf 83' lang='lat' dir='ltr'><strong>ducere</strong></span> <span class='ocrx_word' id='word_1_638' title='bbox 576 2342 717 2384; x_wconf 76' lang='lat' dir='ltr'><strong>infamem</strong></span> <span class='ocrx_word' id='word_1_639' title='bbox 748 2352 805 2370; x_wconf 85' lang='lat' dir='ltr'><strong>non</strong></span> <span class='ocrx_word' id='word_1_640' title='bbox 833 2339 994 2381; x_wconf 84' lang='lat' dir='ltr'><strong>parendum</strong></span> <span class='ocrx_word' id='word_1_641' title='bbox 1020 2340 1090 2368; x_wconf 74' lang='lat' dir='ltr'><strong>sarit</strong></span> <span class='ocrx_word' id='word_1_642' title='bbox 1113 2340 1196 2372; x_wconf 80' lang='lat' dir='ltr'><strong>l.12.</strong></span> <span class='ocrx_word' id='word_1_643' title='bbox 1212 2340 1241 2368; x_wconf 87' lang='lat' dir='ltr'><strong>ff.</strong></span> <span class='ocrx_word' id='word_1_644' title='bbox 1259 2340 1308 2388; x_wconf 26' lang='lat' dir='ltr'><strong>&#39;de&#39;</strong></span> <span class='ocrx_word' id='word_1_645' title='bbox 1325 2339 1483 2379; x_wconf 70' lang='lat' dir='ltr'><strong>sponsalib.</strong></span> <span class='ocrx_word' id='word_1_646' title='bbox 1502 2341 1550 2370; x_wconf 83' lang='lat'><strong>13.</strong></span> <span class='ocrx_word' id='word_1_647' title='bbox 1575 2338 1686 2389; x_wconf 72' lang='lat' dir='ltr'><strong>§·.53ff·</strong></span> <span class='ocrx_word' id='word_1_648' title='bbox 1709 2338 1745 2367; x_wconf 89' lang='lat' dir='ltr'><strong>de</strong></span> <span class='ocrx_word' id='word_1_649' title='bbox 1768 2338 1914 2366; x_wconf 84' lang='lat' dir='ltr'><strong>bonorum</strong></span> <span class='ocrx_word' id='word_1_650' title='bbox 1937 2341 2065 2371; x_wconf 80' lang='lat' dir='ltr'><strong>possess.</strong></span> 
     </span>
     <span class='ocr_line' id='line_1_52' title="bbox 115 2378 1818 2422; baseline -0.008 -2"><span class='ocrx_word' id='word_1_651' title='bbox 115 2395 220 2420; x_wconf 85' lang='lat' dir='ltr'><strong>contra</strong></span> <span class='ocrx_word' id='word_1_652' title='bbox 245 2388 303 2417; x_wconf 88' lang='lat' dir='ltr'><strong>tab.</strong></span> <span class='ocrx_word' id='word_1_653' title='bbox 329 2385 434 2416; x_wconf 76' lang='lat' dir='ltr'><strong>Goth.</strong></span> <span class='ocrx_word' id='word_1_654' title='bbox 466 2384 547 2417; x_wconf 84' lang='lat' dir='ltr'><strong>Cum.</strong></span> <span class='ocrx_word' id='word_1_655' title='bbox 582 2388 680 2422; x_wconf 84' lang='lat' dir='ltr'><strong>Quum</strong></span> <span class='ocrx_word' id='word_1_656' title='bbox 705 2395 782 2414; x_wconf 82' lang='lat' dir='ltr'><strong>cum.</strong></span> <span class='ocrx_word' id='word_1_657' title='bbox 806 2383 915 2414; x_wconf 84' lang='lat' dir='ltr'><strong>Idem.</strong></span> <span class='ocrx_word' id='word_1_658' title='bbox 951 2381 1127 2414; x_wconf 76' lang='lat' dir='ltr'><strong>Maledicte.</strong></span> <span class='ocrx_word' id='word_1_659' title='bbox 1157 2382 1317 2412; x_wconf 75' lang='lat' dir='ltr'><strong>Maledictt.</strong></span> <span class='ocrx_word' id='word_1_660' title='bbox 1342 2380 1451 2412; x_wconf 84' lang='lat' dir='ltr'><strong>Idem.</strong></span> <span class='ocrx_word' id='word_1_661' title='bbox 1480 2380 1557 2410; x_wconf 62' lang='lat' dir='ltr'><strong>omi.</strong></span> <span class='ocrx_word' id='word_1_662' title='bbox 1590 2381 1664 2410; x_wconf 69' lang='lat' dir='ltr'><strong>tunt.</strong></span> <span class='ocrx_word' id='word_1_663' title='bbox 1710 2378 1818 2409; x_wconf 88' lang='lat' dir='ltr'><strong>Idem.</strong></span> 
     </span>
    </p>
   </div>
   <div class='ocr_carea' id='block_1_7' title="bbox 158 2434 1666 2469">
    <p class='ocr_par' dir='ltr' id='par_1_21' title="bbox 158 2434 1666 2469">
     <span class='ocr_line' id='line_1_53' title="bbox 158 2434 1666 2469; baseline -0.003 0"><span class='ocrx_word' id='word_1_664' title='bbox 158 2441 326 2469; x_wconf 60' lang='lat' dir='ltr'><strong>Grumum.</strong></span> <span class='ocrx_word' id='word_1_665' title='bbox 347 2448 416 2467; x_wconf 63' lang='lat' dir='ltr'><strong>nn.</strong></span> <span class='ocrx_word' id='word_1_666' title='bbox 439 2436 473 2466; x_wconf 86' lang='lat'><strong>11.</strong></span> <span class='ocrx_word' id='word_1_667' title='bbox 1537 2434 1568 2468; x_wconf 89' lang='lat' dir='ltr'>E</span> <span class='ocrx_word' id='word_1_668' title='bbox 1582 2444 1601 2467; x_wconf 84' lang='lat' dir='ltr'><strong>e</strong></span> <span class='ocrx_word' id='word_1_669' title='bbox 1615 2445 1633 2467; x_wconf 86' lang='lat' dir='ltr'><strong>e</strong></span> <span class='ocrx_word' id='word_1_670' title='bbox 1648 2444 1666 2466; x_wconf 83' lang='lat' dir='ltr'><strong>e</strong></span> 
     </span>
    </p>
   </div>
  </div>
 </body>
</html>
