2263 2668
502 94 564 127 DE
591 93 981 128 SIGNIFICATIONE
1009 91 1293 127 VERBORUM.
1346 94 1491 128 LIBER
1517 96 1608 130 XIII.

1962 93 2034 126 111

86 189 237 225 October
263 199 367 232 equus
394 183 677 232 appellabatur³¹,
720 184 811 231 qui³²
833 188 865 220 in
893 197 1015 231 campo
1042 186 1167 219 Martio
1196 199 1307 220 mense
1335 187 1478 222 Octobri
1506 190 1608 223 Marti
1642 182 1922 223 immolabaturffl.
1982 188 2035 220 De

183 241 275 275 cuius
303 240 414 284 capite
440 251 564 284 magna
574 235 599 256 ³³
620 243 690 272 erat
717 240 883 272 contentio
911 239 994 271 inter
1021 238 1270 272 Suburanenses

182 292 328 337 pariete,
368 291 417 323 illi
443 291 487 323 ad
513 296 638 323 turrem
649 287 674 307 ³⁷
696 290 882 323 Mamiliam
908 290 942 322 id
969 286 1155 334 figerentffi.

1281 236 1306 256 ³⁵
1328 244 1360 272 et
1386 240 1636 282 sacravienses,
1688 246 1722 273 ut
1755 239 1793 272 hi
1825 240 1860 273 in
1885 235 2035 283 regiae³⁸

1209 290 1312 324 Cuius
1339 292 1464 334 cauda,
1503 297 1538 325 ut
1565 304 1606 326 ex
1634 304 1674 326 ea
1700 292 1833 336 sanguis
1859 290 1892 323 in
1919 289 2033 324 focum

186 338 413 383 destillaret³⁹‚
444 353 568 387 magna
595 342 763 376 celeritate
789 343 1021 386 perferebatur
1046 341 1081 373 in
1107 342 1246 387 regiam.

86 395 304 429 occidamus
329 394 467 427 Plautus
492 390 636 439 posuit⁴⁰
658 404 721 437 pro
748 399 865 427 contra
892 392 1058 427 cedamus.

86 446 285 482 occentare
311 445 468 479 dicebant
493 456 558 490 pro
586 445 772 479 convicium
805 445 935 486 facere,
984 455 1087 488 quum
1097 439 1121 460 ¹³¹
1145 443 1180 475 id
1208 443 1299 477 clare
1327 449 1359 477 et
1386 456 1463 479 cum
1489 446 1637 490 quodam
1665 441 1823 479 canore⁴²
1843 445 1954 485 fieret,
2001 449 2036 476 ut

184 497 307 543 procul
334 496 482 530 exaudiri
506 497 684 542 potuisset,
711 497 804 540 quod
830 502 927 542 turpe
953 490 1195 533 habebatur433
1224 496 1302 538 quia
1328 507 1396 529 non
1422 497 1490 530 sine
1517 509 1617 531 causa
1640 497 1712 530 fieri
1739 500 1893 542 putatur,
1920 491 2033 528 inde⁴⁴

185 549 381 583 cantilenam
410 548 494 590 dici,
540 548 617 592 quia
643 548 735 581 illam
761 560 827 581 non
854 553 968 583 cantus
994 546 1232 582 iucunditatem
1260 552 1354 592 puto.

87 600 216 635 Ocrem
242 604 392 633 montem
419 599 658 645 confragosum
686 600 843 633 dicebant
869 601 1004 644 antiqui.

1058 599 1147 633 Hine
1174 609 1293 632 ocreae
1320 595 1469 633 dictae⁴⁵
1489 600 1706 644 inaequaliter
1733 601 1912 632 tuberatae.

86 651 226 686 Occare
253 656 287 685 et
312 655 455 684 occator
481 652 523 684 ab
551 648 805 685 occaedendo⁴⁶
826 651 968 693 dictum,
1001 651 1095 695 quod
1121 650 1266 695 grandes
1293 655 1401 684 terrae
1427 651 1545 686 caedat
1571 652 1703 697 globos.

86 703 195 738 Ocius
218 709 251 737 et
274 703 432 736 ocissime
452 703 630 747 positivum
650 703 805 736 Latinum
827 715 893 736 non
917 703 1061 745 habent,

1091 702 1151 735 sed
1172 702 1215 735 ab
1238 714 1279 736 eo
1301 703 1452 745 veniunt,
1481 703 1574 747 quod
1596 708 1643 736 est
1668 704 1702 736 in
1723 701 1858 735 Graeco
1880 699 1991 739 ὠκέως
2000 695 2034 733 ⁴³².

86 755 248 789 Ocimum
275 754 445 788 Graecum
473 759 506 788 et
532 767 552 787 a
578 755 748 789 celeritate
774 755 930 789 nascendi
957 759 1004 788 est
1030 754 1167 788 dictum.

87 806 338 852 Occupaticz'us
364 818 445 852 ager
472 806 612 847 dicitur,
652 806 710 850 qui
737 807 883 840 desertus
911 819 930 840 a
957 806 1139 841 cultoribus
1165 805 1311 850 propriis
1339 806 1382 839 ab
1409 807 1481 839 aliis
1509 802 1736 850 occupaturffl.

87 858 244 893 Orchite's
268 869 373 903 genus
400 858 497 891 oleae
523 870 563 892 ex
590 858 724 892 Graeco
751 855 922 900 dictum¹¹⁹‚
963 858 1057 903 quod
1084 857 1315 903 magnitudine
1342 857 1381 890 sit
1407 858 1507 891 instar
1534 858 1769 892 testiculorum.

88 909 284 944 Orchestra
309 910 404 943 locus
429 910 462 941 in
489 920 595 943 scena.

88 961 187 995 Orca
218 972 326 1006 genus
359 961 504 994 marinae
537 957 691 994 beluae⁵⁰
716 962 915 1002 maximum,
967 960 1011 994 ad
1045 960 1137 995 cuius
1172 960 1418 994 similitudinem
1454 972 1532 993 vasa
1565 956 1711 993 ficaria⁵¹
1741 968 1840 991 orcae
1867 956 2037 990 dicuntur:

189 1018 263 1046 sunt
289 1012 375 1045 enim
402 1017 522 1045 teretes
548 1018 647 1056 atque
673 1013 828 1046 uniformi
855 1011 977 1057 specie.

88 1064 187 1100 0νίνί
213 1064 303 1098 nasci
328 1064 382 1097 vel
408 1075 554 1109 surgere.

88 1116 189 1151 Orba
213 1115 304 1161 apud
330 1120 446 1160 poetas
472 1111 669 1160 significat⁵²

690 1114 820 1159 privata
846 1115 957 1158 aliqua
983 1126 1127 1159 persona
1154 1125 1241 1149 cara.

87 1168 191 1202 Orba
218 1172 282 1209 est,
321 1178 407 1211 quae
433 1172 563 1211 patrem
591 1171 647 1200 aut
672 1166 760 1200 filios
786 1166 881 1210 quasi
906 1167 1019 1200 lumen
1046 1166 1161 1200 amisit.

88 1220 246 1265 Ortygia
270 1219 374 1252 Delos
399 1214 548 1252 insula⁵³.

88 1271 261 1306 Oratores
286 1281 326 1303 ex
353 1270 488 1303 Graeco
516 1267 690 1318 α’ρητῆρες
713 1265 841 1309 dicti⁵⁴‚
889 1269 983 1312 quod
1018 1269 1108 1302 missi
1141 1269 1185 1302 ad
1219 1280 1316 1315 reges
1344 1269 1560 1311 nationesque
1587 1267 1668 1300 deos
1694 1265 1839 1298 solerent
1862 1261 2037 1310 ἀρᾶσθαι,

185 1322 220 1355 id
248 1326 295 1354 est
320 1322 431 1355 testari
441 1318 474 1354 ⁵5.

527 1321 575 1354 Hi
602 1320 706 1353 modo
733 1320 947 1365 appellantur
973 1321 1099 1367 legati.

87 1374 205 1409 Orata
231 1384 337 1418 genus
363 1373 461 1418 piscis
487 1384 506 1405 a
532 1372 648 1406 colore
674 1372 744 1405 auri
772 1372 879 1413 dicta,
916 1373 1010 1417 quod
1037 1373 1149 1407 rustici
1176 1383 1278 1408 orum
1305 1366 1506 1412 dicebantffi,
1545 1373 1581 1402 ut
1608 1368 1771 1402 auriculas
1798 1359 1985 1400 oriculas⁵⁷.

88 1426 207 1461 oreae
232 1425 334 1468 freni,
368 1424 461 1468 quod
489 1435 548 1457 ore
573 1421 801 1466 inseruntur⁵⁸‚
828 1424 919 1458 dieti.

88 1478 203 1513 Oreus
227 1476 332 1509 Liber
357 1481 454 1521 pater
479 1480 512 1509 et
539 1476 690 1509 Oreades
716 1475 889 1520 nymphae
916 1488 935 1508 a
961 1475 1129 1509 montibus
1156 1475 1378 1520 appellantur.

89 1528 303 1564 ordinarius
333 1527 439 1560 homo
471 1538 582 1561 scurra
615 1524 681 1561 et⁵⁹
707 1528 898 1571 improbus,
945 1527 1004 1571 qui
1036 1527 1165 1561 assidue
1192 1528 1225 1560 in
1251 1526 1364 1559 litibus
1390 1528 1556 1564 moratur,
1604 1524 1649 1556 ob
1678 1532 1819 1564 eamque
1846 1529 1979 1553 causam
2006 1517 2038 1549 in

188 1579 304 1612 ordine
330 1583 392 1611 stat
417 1583 607 1624 praetorem
635 1579 846 1620 adeuntium,
874 1579 942 1612 sive
969 1578 1077 1612 dictus
1103 1590 1165 1624 per
1191 1578 1475 1617 contrarietatem,
1503 1576 1582 1619 quia
1608 1574 1744 1608 minime
1770 1571 1889 1605 ordine
1916 1564 2036 1601 vivitffl’.

87 1704 195 1722 oceano
212 1692 292 1730 vulg.
314 1708 355 1713 -—
377 1694 422 1726 30)
448 1691 600 1730 Occisum]
627 1702 683 1721 om.
697 1692 826 1730 glossam
842 1692 899 1720 Gu.
912 1694 940 1724 1.
980 1693 1040 1721 Oc-

86 1739 170 1765 cisus
189 1736 219 1764 S.
247 1750 290 1756 —
318 1732 364 1772 31)
388 1733 619 1773 appellabatur]
643 1735 818 1773 appellatur
834 1735 865 1765 L.
880 1735 913 1762 B.
959 1734 1042 1763 Cete-

85 1789 152 1809 rum
167 1788 225 1806 om.
240 1777 297 1806 Gu.
313 1779 340 1808 1.
355 1775 433 1805 hanc
446 1777 590 1815 glossam,
621 1781 649 1805 et
670 1787 743 1815 quae
763 1781 927 1816 sequuntur
946 1787 1041 1815 usque

86 1822 123 1851 ad
143 1822 291 1850 Oratores.
313 1835 355 1840 —
375 1821 420 1853 32)
446 1819 514 1858 qui]
533 1821 606 1859 quia
622 1819 655 1848 B.
677 1836 719 1841 —
739 1817 786 1860 33)
811 1819 1040 1858 immolabatur]

85 1864 264 1893 immolatur
285 1861 318 1889 L.
341 1877 380 1882 —
403 1862 448 1896 34)
472 1861 604 1901 magna]
627 1862 675 1890 Sic
697 1862 734 1891 M.
756 1862 813 1892 Gu.
829 1865 858 1893 2.
904 1864 1039 1890 maxima

84 1907 167 1944 vulg.
186 1922 229 1927 —
255 1903 301 1942 35)
325 1903 568 1944 Subur-arienses]
593 1904 770 1933 Suburanus
785 1905 815 1936 L.
862 1904 1039 1933 Subur-anes

83 1950 117 1978 Β,
133 1959 179 1989 pr,
205 1964 239 1969 --
263 1948 308 1983 36)
331 1946 450 1986 regiae]
474 1957 530 1975 om.
551 1948 582 1976 L.
604 1963 647 1969 -—
668 1947 716 1985 37)
738 1949 869 1982 turrem]
893 1947 942 1975 Sic
957 1948 989 1975 L.
1005 1947 1038 1975 B.

85 1993 186 2023 Gu,2,
231 1989 341 2017 turrim
363 1989 441 2027 vulg.
469 2006 512 2011 —
538 1989 586 2028 38)
600 1989 751 2029 figerent]
774 1990 983 2029 significarent
1005 1989 1039 2018 Β.

83 2051 126 2057 -
148 2031 194 2072 39)
218 2030 396 2070 destillaret]
421 2031 471 2059 Sic
488 2032 545 2062 Gu.
557 2035 586 2064 2.
631 2032 796 2060 distillaret
812 2032 892 2070 vulg.
909 2042 975 2060 cuni
993 2041 1040 2060 re-

84 2076 182 2117 liquis.
205 2091 247 2096 —
269 2076 316 2109 40)
332 2073 450 2112 posuit]
467 2075 611 2113 imposuit
626 2085 670 2114 pr.
692 2091 734 2096 —
755 2076 803 2111 41)
827 2073 934 2113 quum]
950 2084 1040 2112 quom

84 2120 117 2148 B.
139 2134 181 2141 —·
204 2116 250 2156 42)
273 2114 392 2154 canore]
415 2116 544 2145 clamore
559 2117 592 2147 L.
614 2133 656 2139 —
677 2115 725 2156 43)
747 2116 928 2156 habebatur]
950 2116 1040 2144 habet

83 2162 115 2191 B.
132 2172 178 2200 pr.
200 2175 242 2181 —
263 2158 309 2193 44)
330 2158 411 2197 inde]
433 2158 469 2186 id
483 2160 513 2187 L.
535 2175 578 2180 —
596 2158 642 2198 45)
666 2158 775 2194 dictae]
800 2169 856 2187 om.
873 2159 905 2187 B.
928 2175 968 2180 —-—
991 2157 1037 2198 46)

84 2200 286 2240 occaedendo]
309 2200 470 2229 occidendo
488 2201 520 2230 L.
542 2217 583 2223 -—
608 2203 656 2236 47)
679 2201 717 2229 αῖ)
740 2211 770 2229 eo
790 2202 929 2238 veniunt,
957 2200 1041 2240 quod

84 2253 125 2276 est
146 2249 178 2275 in
196 2246 310 2274 Graeco
326 2241 441 2282 ὠκέως]
465 2244 514 2273 Sic
531 2243 569 2273 M.
586 2243 682 2274 Gu.2.
730 2241 809 2279 ω’κῦς
830 2244 911 2282 vulg.
954 2244 1038 2272 velox

85 2289 152 2319 add.
175 2298 221 2328 pr.
266 2286 304 2315 ab
323 2298 354 2314 eo
379 2288 457 2314 venit
479 2298 512 2315 ex
530 2288 645 2315 Graeco
661 2282 740 2322 ω’κυς
760 2286 790 2315 Β.
835 2286 873 2314 ab
894 2285 1037 2327 (lacuna)

86 2334 206 2362 veniunt
218 2331 333 2360 Graeco
347 2329 413 2365 (sic)
428 2330 459 2358 L.
482 2345 522 2351 —
544 2330 589 2364 48)
613 2328 651 2356 ab
667 2329 740 2357 aliis
755 2329 937 2368 occupatur]
961 2329 1037 2358 Miro

1083 1692 1174 1721 modo
1197 1691 1262 1720 cod.
1279 1692 1310 1720 Ι..
1332 1691 1406 1719 haec
1427 1689 1547 1718 exhibet
1567 1693 1637 1729 post
1654 1697 1704 1717 vv.
1723 1686 1885 1715 Orchestra
1906 1686 1991 1712 locus·
2006 1694 2038 1710 m

1083 1745 1180 1762 scena.
1203 1751 1244 1755 -
1267 1735 1314 1769 49)
1337 1732 1462 1770 dictum]
1484 1731 1580 1771 ὄρχεις
1596 1731 1662 1760 add.
1677 1730 1774 1767 vulg,
1798 1727 1850 1757 sed
1864 1737 1919 1755 om.
1937 1735 2038 1754 omnes

1084 1777 1174 1806 codd.
1190 1781 1217 1805 et
1235 1776 1303 1805 edit.
1320 1786 1366 1814 pr.
1412 1775 1484 1805 cod.
1499 1775 1533 1803 B.
1550 1776 1582 1803 in
1596 1783 1687 1811 marg.
1707 1771 1827 1802 exhibet
1843 1766 1940 1807 ὅρκεις
1955 1771 2038 1796 testi-

1083 1820 1183 1848 culus.
1205 1835 1247 1840 —-
1269 1820 1317 1853 50)
1341 1817 1457 1856 beluae]
1480 1817 1528 1846 Sic
1544 1818 1576 1847 L.
1590 1818 1624 1846 B.
1640 1816 1679 1845 M.
1698 1816 1792 1846 Gu.2.
1827 1812 1942 1840 belluae
1957 1812 2037 1849 vulg.

1084 1879 1120 1883 -
1140 1859 1188 1902 51)
1202 1860 1340 1899 ficaria]
1364 1859 1413 1889 Sic
1425 1861 1457 1889 B.
1473 1860 1510 1889 M.
1526 1861 1581 1889 Gu.
1599 1863 1628 1892 2.
1645 1869 1692 1898 pr.
1735 1857 1859 1886 vinaria
1872 1853 1953 1891 vulg.
1990 1854 2038 1891 fi-

1082 1904 1169 1932 ctilia
1184 1904 1214 1931 L.
1235 1919 1278 1925 ——
1298 1905 1344 1939 52)
1367 1902 1462 1942 apud.
1473 1909 1553 1942 poet.
1566 1901 1661 1942 siga]
1686 1900 1736 1930 Sic
1751 1900 1849 1929 Gu.2·
1894 1898 1972 1935 Sign-
1985 1907 2036 1934 ap.

1077 1952 1156 1986 poet.
1169 1946 1248 1983 vulg.
1269 1961 1311 1968 —-
1333 1948 1378 1979 53)
1401 1946 1516 1984 insula]
1541 1945 1625 1974 dicta
1641 1950 1683 1973 est
1698 1943 1736 1971 ab
1751 1952 1820 1979 ave,
1844 1950 1922 1979 quae
1938 1945 2038 1967 cotur-

1082 1991 1136 2018 nix
1157 1987 1242 2016 dicta
1263 1993 1305 2016 est
1326 1987 1394 2018 add.
1410 1989 1441 2018 L.
1465 2006 1507 2010 —
1528 1989 1576 2024 54)
1599 1999 1632 2016 ex
1649 1988 1762 2016 Graeco
1781 1981 1926 2024 ἅρητῆρες
1943 1981 2036 2021 dicti]

1082 2032 1131 2060 Sic
1144 2031 1181 2060 M.
1200 2032 1292 2062 Gu.2.
1309 2031 1337 2061 S.
1381 2033 1511 2060 aritiras
1524 2031 1562 2061 M.
1579 2031 1634 2059 Gu.
1645 2033 1673 2061 2.
1717 2027 1793 2056 dicti
1807 2031 1879 2054 Slmt
1895 2036 1928 2054 ⁶³7
1944 2027 2036 2055 Grae-

1083 2085 1133 2111 co,
1184 2073 1247 2102 uod
1265 2077 1320 2102 etc.
1341 2074 1373 2103 B.
1417 2084 1476 2104 om.
1496 2074 1643 2103 Graecum
1664 2073 1694 2101 L,
1739 2068 1875 2111 ἐρᾶσθαι
1894 2069 1974 2107 vulg.
1995 2083 2037 2091 -—

1081 2119 1129 2152 55)
1154 2118 1301 2156 αρᾶσθαι,
1325 2115 1360 2144 id
1373 2122 1415 2144 est
1427 2116 1545 2156 testari]
1561 2117 1594 2145 B.
1608 2116 1645 2146 M.
1664 2115 1721 2143 Gu.
1733 2116 1761 2145 2.
1776 2114 1804 2141 S.
1849 2109 1986 2151 οἷρᾶσθαι
2003 2110 2037 2138 (ld

1081 2165 1124 2187 est
1146 2169 1204 2188 om.
1224 2158 1305 2197 vulg.
1350 2158 1420 2187 deos
1441 2160 1565 2188 solerent
1586 2157 1622 2187 id
1642 2163 1685 2186 est
1705 2157 1826 2186 tristari
1840 2165 1886 2194 pr.
1916 2171 1957 2176 —-
1988 2152 2033 2190 56)

1080 2212 1168 2230 orum
1182 2200 1331 2237 dicebant]
1348 2201 1406 2233 dic,
1423 2214 1463 2233 or.
1477 2203 1508 2232 L.
1532 2218 1570 2224 —
1595 2199 1641 2240 57)
1665 2202 1763 2230 auric.
1778 2197 1862 2235 oria]
1879 2199 1949 2226 oric.
1965 2206 2031 2223 aur.

1081 2245 1111 2275 L.
1134 2261 1176 2266 —
1204 2246 1249 2280 58)
1271 2255 1320 2272 ore
1339 2244 1531 2284 inseruntur]
1556 2245 1604 2273 Sic
1624 2244 1663 2273 M.
1686 2244 1744 2272 Gu.
1763 2246 1790 2274 1.
1807 2244 1838 2273 2.
1882 2250 1931 2267 ore
1952 2239 2032 2266 inse-

1080 2293 1190 2316 rantur
1207 2287 1239 2317 B.
1261 2297 1306 2327 pr.
1352 2289 1384 2316 in
1408 2299 1456 2317 ore
1474 2290 1649 2317 inserantur
1670 2288 1702 2315 L.
1747 2286 1794 2313 ori
1812 2285 1981 2311 inseruntur
1999 2279 2028 2305 S.

1081 2346 1120 2351 ”““
1143 2331 1188 2368 59)
1210 2332 1250 2366 et]
1274 2335 1363 2369 atque
1377 2331 1408 2361 L.
1430 2347 1473 2354 --
1494 2332 1542 2370 60)
1569 2329 1655 2368 vivit]
1678 2331 1785 2357 vivunt
1801 2326 1857 2352 Gn.
1870 2326 1895 2354 1.
