<?xml version="1.0" encoding="UTF-8"?>
<!DOCTYPE html PUBLIC "-//W3C//DTD XHTML 1.0 Transitional//EN"
    "http://www.w3.org/TR/xhtml1/DTD/xhtml1-transitional.dtd">
<html xmlns="http://www.w3.org/1999/xhtml" xml:lang="en" lang="en">
 <head>
  <title>
</title>
<meta http-equiv="Content-Type" content="text/html;charset=utf-8" />
  <meta name='ocr-system' content='tesseract 3.04.00' />
  <meta name='ocr-capabilities' content='ocr_page ocr_carea ocr_par ocr_line ocrx_word'/>
</head>
<body>
  <div class='ocr_page' id='page_1' title='image "./corpusgrammatico01linduoft_0858.png"; bbox 0 0 2263 2668; ppageno 0'>
   <div class='ocr_carea' id='block_1_1' title="bbox 241 157 1756 210">
    <p class='ocr_par' dir='ltr' id='par_1_1' title="bbox 241 157 1756 210">
     <span class='ocr_line' id='line_1_1' title="bbox 241 157 1756 210; baseline -0.007 0"><span class='ocrx_word' id='word_1_1' title='bbox 241 176 316 210; x_wconf 81' lang='lat'>432</span> <span class='ocrx_word' id='word_1_2' title='bbox 666 165 1012 203; x_wconf 85' lang='lat' dir='ltr'><strong>COMMENTARII</strong></span> <span class='ocrx_word' id='word_1_3' title='bbox 1036 165 1085 198; x_wconf 88' lang='lat' dir='ltr'>IN</span> <span class='ocrx_word' id='word_1_4' title='bbox 1110 157 1253 201; x_wconf 83' lang='lat' dir='ltr'><strong>PAULI</strong></span> <span class='ocrx_word' id='word_1_5' title='bbox 1278 165 1476 202; x_wconf 89' lang='lat' dir='ltr'>DIACONI</span> <span class='ocrx_word' id='word_1_6' title='bbox 1501 165 1756 201; x_wconf 85' lang='lat' dir='ltr'><strong>EXCERPTA</strong></span> 
     </span>
    </p>
   </div>
   <div class='ocr_carea' id='block_1_2' title="bbox 240 257 2191 1829">
    <p class='ocr_par' dir='ltr' id='par_1_2' title="bbox 242 257 2182 598">
     <span class='ocr_line' id='line_1_2' title="bbox 245 257 2180 308; baseline -0.001 -14"><span class='ocrx_word' id='word_1_7' title='bbox 245 278 348 308; x_wconf 76' lang='lat' dir='ltr'>nempe</span> <span class='ocrx_word' id='word_1_8' title='bbox 370 267 485 305; x_wconf 75' lang='lat' dir='ltr'>fructus</span> <span class='ocrx_word' id='word_1_9' title='bbox 507 262 621 301; x_wconf 77' lang='lat' dir='ltr'>frutus,</span> <span class='ocrx_word' id='word_1_10' title='bbox 652 260 752 299; x_wconf 77' lang='lat' dir='ltr'>frutis.</span> <span class='ocrx_word' id='word_1_11' title='bbox 795 258 869 288; x_wconf 84' lang='lat' dir='ltr'>Vide</span> <span class='ocrx_word' id='word_1_12' title='bbox 892 257 1012 288; x_wconf 83' lang='lat' dir='ltr'>Salmas.</span> <span class='ocrx_word' id='word_1_13' title='bbox 1034 257 1066 286; x_wconf 82' lang='lat' dir='ltr'>in</span> <span class='ocrx_word' id='word_1_14' title='bbox 1089 259 1179 288; x_wconf 82' lang='lat' dir='ltr'>Solin.</span> <span class='ocrx_word' id='word_1_15' title='bbox 1202 270 1265 299; x_wconf 86' lang='lat' dir='ltr'>cap.</span> <span class='ocrx_word' id='word_1_16' title='bbox 1277 261 1306 291; x_wconf 89' lang='lat'>8.</span> <span class='ocrx_word' id='word_1_17' title='bbox 1338 259 1426 289; x_wconf 84' lang='lat' dir='ltr'>Dae.</span> <span class='ocrx_word' id='word_1_18' title='bbox 1474 258 1573 288; x_wconf 80' lang='lat' dir='ltr'>Venus</span> <span class='ocrx_word' id='word_1_19' title='bbox 1595 258 1695 289; x_wconf 76' lang='lat' dir='ltr'>Marti</span> <span class='ocrx_word' id='word_1_20' title='bbox 1716 263 1747 288; x_wconf 86' lang='lat' dir='ltr'>et</span> <span class='ocrx_word' id='word_1_21' title='bbox 1771 257 1869 289; x_wconf 72' lang='lat' dir='ltr'>Venus</span> <span class='ocrx_word' id='word_1_22' title='bbox 1891 260 1974 291; x_wconf 81' lang='lat' dir='ltr'>Fruti</span> <span class='ocrx_word' id='word_1_23' title='bbox 1999 273 2088 293; x_wconf 88' lang='lat' dir='ltr'>unam</span> <span class='ocrx_word' id='word_1_24' title='bbox 2111 273 2180 294; x_wconf 88' lang='lat' dir='ltr'>ean-</span> 
     </span>
     <span class='ocr_line' id='line_1_3' title="bbox 243 299 2181 349; baseline 0 -13"><span class='ocrx_word' id='word_1_25' title='bbox 243 313 368 349; x_wconf 75' lang='lat' dir='ltr'>demque</span> <span class='ocrx_word' id='word_1_26' title='bbox 390 308 472 336; x_wconf 87' lang='lat' dir='ltr'>deam</span> <span class='ocrx_word' id='word_1_27' title='bbox 494 303 659 342; x_wconf 82' lang='lat' dir='ltr'>significare</span> <span class='ocrx_word' id='word_1_28' title='bbox 681 301 753 331; x_wconf 88' lang='lat' dir='ltr'>mihi</span> <span class='ocrx_word' id='word_1_29' title='bbox 776 302 924 330; x_wconf 87' lang='lat' dir='ltr'>videntur.</span> <span class='ocrx_word' id='word_1_30' title='bbox 968 299 1105 339; x_wconf 73' lang='lat' dir='ltr'>Murti(s)</span> <span class='ocrx_word' id='word_1_31' title='bbox 1129 302 1205 331; x_wconf 87' lang='lat' dir='ltr'>enim</span> <span class='ocrx_word' id='word_1_32' title='bbox 1228 314 1333 342; x_wconf 83' lang='lat' dir='ltr'>corpus</span> <span class='ocrx_word' id='word_1_33' title='bbox 1355 301 1501 340; x_wconf 87' lang='lat' dir='ltr'>significat</span> <span class='ocrx_word' id='word_1_34' title='bbox 1523 302 1554 330; x_wconf 88' lang='lat' dir='ltr'>in</span> <span class='ocrx_word' id='word_1_35' title='bbox 1575 302 1675 340; x_wconf 87' lang='lat' dir='ltr'>lingua</span> <span class='ocrx_word' id='word_1_36' title='bbox 1698 302 1864 339; x_wconf 73' lang='lat' dir='ltr'>sanserita,</span> <span class='ocrx_word' id='word_1_37' title='bbox 1894 313 1931 331; x_wconf 83' lang='lat' dir='ltr'>ex</span> <span class='ocrx_word' id='word_1_38' title='bbox 1953 314 2011 342; x_wconf 87' lang='lat' dir='ltr'>qua</span> <span class='ocrx_word' id='word_1_39' title='bbox 2032 316 2065 335; x_wconf 89' lang='lat' dir='ltr'>re</span> <span class='ocrx_word' id='word_1_40' title='bbox 2087 317 2181 346; x_wconf 82' lang='lat' dir='ltr'>appa-</span> 
     </span>
     <span class='ocr_line' id='line_1_4' title="bbox 243 343 2181 387; baseline -0.003 -4"><span class='ocrx_word' id='word_1_41' title='bbox 243 359 290 384; x_wconf 85' lang='lat' dir='ltr'>ret</span> <span class='ocrx_word' id='word_1_42' title='bbox 312 360 415 381; x_wconf 88' lang='lat' dir='ltr'>nomen</span> <span class='ocrx_word' id='word_1_43' title='bbox 442 346 539 376; x_wconf 83' lang='lat' dir='ltr'>Venus</span> <span class='ocrx_word' id='word_1_44' title='bbox 562 345 671 381; x_wconf 74' lang='lat' dir='ltr'>Marti,</span> <span class='ocrx_word' id='word_1_45' title='bbox 695 344 758 373; x_wconf 91' lang='lat' dir='ltr'>sive</span> <span class='ocrx_word' id='word_1_46' title='bbox 780 343 900 373; x_wconf 72' lang='lat' dir='ltr'>Murtea</span> <span class='ocrx_word' id='word_1_47' title='bbox 922 353 1096 381; x_wconf 83' lang='lat' dir='ltr'><strong>corpoream</strong></span> <span class='ocrx_word' id='word_1_48' title='bbox 1120 344 1282 383; x_wconf 83' lang='lat' dir='ltr'>significare</span> <span class='ocrx_word' id='word_1_49' title='bbox 1307 344 1465 380; x_wconf 83' lang='lat' dir='ltr'>Venerem,</span> <span class='ocrx_word' id='word_1_50' title='bbox 1495 343 1526 373; x_wconf 88' lang='lat' dir='ltr'>h.</span> <span class='ocrx_word' id='word_1_51' title='bbox 1549 354 1572 373; x_wconf 87' lang='lat' dir='ltr'>e.</span> <span class='ocrx_word' id='word_1_52' title='bbox 1594 344 1746 382; x_wconf 85' lang='lat' dir='ltr'>vulgarem</span> <span class='ocrx_word' id='word_1_53' title='bbox 1769 345 1849 373; x_wconf 89' lang='lat' dir='ltr'>illam</span> <span class='ocrx_word' id='word_1_54' title='bbox 1872 349 1902 374; x_wconf 89' lang='lat' dir='ltr'>et</span> <span class='ocrx_word' id='word_1_55' title='bbox 1923 345 2098 387; x_wconf 80' lang='grc' dir='ltr'><em>πάνδημον,</em></span> <span class='ocrx_word' id='word_1_56' title='bbox 2122 359 2181 378; x_wconf 88' lang='lat' dir='ltr'>non</span> 
     </span>
     <span class='ocr_line' id='line_1_5' title="bbox 245 385 2181 425; baseline -0.003 0"><span class='ocrx_word' id='word_1_57' title='bbox 245 395 380 425; x_wconf 81' lang='lat' dir='ltr'>Uraniam</span> <span class='ocrx_word' id='word_1_58' title='bbox 403 391 463 419; x_wconf 82' lang='lat' dir='ltr'>sive</span> <span class='ocrx_word' id='word_1_59' title='bbox 484 389 648 417; x_wconf 86' lang='lat' dir='ltr'>coelestem.</span> <span class='ocrx_word' id='word_1_60' title='bbox 691 387 771 415; x_wconf 88' lang='lat' dir='ltr'>Idem</span> <span class='ocrx_word' id='word_1_61' title='bbox 795 391 892 415; x_wconf 84' lang='lat' dir='ltr'>autem</span> <span class='ocrx_word' id='word_1_62' title='bbox 916 386 1037 415; x_wconf 86' lang='lat' dir='ltr'>denotat</span> <span class='ocrx_word' id='word_1_63' title='bbox 1061 385 1161 416; x_wconf 83' lang='lat' dir='ltr'>Venus</span> <span class='ocrx_word' id='word_1_64' title='bbox 1179 386 1277 423; x_wconf 78' lang='lat' dir='ltr'>Fruti,</span> <span class='ocrx_word' id='word_1_65' title='bbox 1308 387 1371 415; x_wconf 89' lang='lat' dir='ltr'>sive</span> <span class='ocrx_word' id='word_1_66' title='bbox 1393 386 1491 415; x_wconf 78' lang='lat' dir='ltr'>Fruiis</span> <span class='ocrx_word' id='word_1_67' title='bbox 1512 385 1541 416; x_wconf 85' lang='lat' dir='ltr'>h.</span> <span class='ocrx_word' id='word_1_68' title='bbox 1564 397 1588 416; x_wconf 84' lang='lat' dir='ltr'>e.</span> <span class='ocrx_word' id='word_1_69' title='bbox 1612 396 1687 425; x_wconf 88' lang='lat' dir='ltr'>quae</span> <span class='ocrx_word' id='word_1_70' title='bbox 1709 396 1794 415; x_wconf 89' lang='lat' dir='ltr'>usum</span> <span class='ocrx_word' id='word_1_71' title='bbox 1818 397 1977 417; x_wconf 89' lang='lat' dir='ltr'>venereum</span> <span class='ocrx_word' id='word_1_72' title='bbox 1999 394 2027 418; x_wconf 90' lang='lat' dir='ltr'>et</span> <span class='ocrx_word' id='word_1_73' title='bbox 2050 391 2181 420; x_wconf 75' lang='lat' dir='ltr'>fructum</span> 
     </span>
     <span class='ocr_line' id='line_1_6' title="bbox 244 428 2182 475; baseline -0.002 -9"><span class='ocrx_word' id='word_1_74' title='bbox 244 435 376 475; x_wconf 83' lang='lat' dir='ltr'>corporis</span> <span class='ocrx_word' id='word_1_75' title='bbox 399 435 523 471; x_wconf 84' lang='lat' dir='ltr'>spectat.</span> <span class='ocrx_word' id='word_1_76' title='bbox 565 430 627 458; x_wconf 80' lang='lat' dir='ltr'>Nisi</span> <span class='ocrx_word' id='word_1_77' title='bbox 649 429 726 458; x_wconf 86' lang='lat' dir='ltr'>forte</span> <span class='ocrx_word' id='word_1_78' title='bbox 748 428 859 465; x_wconf 74' lang='lat' dir='ltr'>Frutis,</span> <span class='ocrx_word' id='word_1_79' title='bbox 885 432 916 457; x_wconf 86' lang='lat' dir='ltr'>ut</span> <span class='ocrx_word' id='word_1_80' title='bbox 931 428 1026 466; x_wconf 72' lang='lat' dir='ltr'>frum,</span> <span class='ocrx_word' id='word_1_81' title='bbox 1061 428 1155 467; x_wconf 74' lang='lat' dir='ltr'>frugis</span> <span class='ocrx_word' id='word_1_82' title='bbox 1177 430 1331 458; x_wconf 89' lang='lat' dir='ltr'>meliorem</span> <span class='ocrx_word' id='word_1_83' title='bbox 1354 429 1484 467; x_wconf 83' lang='lat' dir='ltr'>aliquem</span> <span class='ocrx_word' id='word_1_84' title='bbox 1506 438 1595 458; x_wconf 84' lang='lat' dir='ltr'>usum</span> <span class='ocrx_word' id='word_1_85' title='bbox 1617 434 1646 458; x_wconf 88' lang='lat' dir='ltr'>et</span> <span class='ocrx_word' id='word_1_86' title='bbox 1668 429 1800 458; x_wconf 87' lang='lat' dir='ltr'>altiorem</span> <span class='ocrx_word' id='word_1_87' title='bbox 1825 430 1980 459; x_wconf 82' lang='lat' dir='ltr'><strong>utilitatem</strong></span> <span class='ocrx_word' id='word_1_88' title='bbox 2001 432 2182 472; x_wconf 83' lang='lat' dir='ltr'><strong>salutemque</strong></span> 
     </span>
     <span class='ocr_line' id='line_1_7' title="bbox 242 470 2182 517; baseline -0.002 -11"><span class='ocrx_word' id='word_1_89' title='bbox 242 477 398 517; x_wconf 84' lang='lat' dir='ltr'>significet,</span> <span class='ocrx_word' id='word_1_90' title='bbox 435 483 509 512; x_wconf 88' lang='lat' dir='ltr'>quae</span> <span class='ocrx_word' id='word_1_91' title='bbox 530 483 577 501; x_wconf 84' lang='lat' dir='ltr'>res</span> <span class='ocrx_word' id='word_1_92' title='bbox 600 471 783 512; x_wconf 79' lang='lat' dir='ltr'>probabilior</span> <span class='ocrx_word' id='word_1_93' title='bbox 805 471 960 507; x_wconf 72' lang='lat' dir='ltr'>redditur,</span> <span class='ocrx_word' id='word_1_94' title='bbox 995 470 1020 498; x_wconf 92' lang='lat' dir='ltr'>si</span> <span class='ocrx_word' id='word_1_95' title='bbox 1041 471 1134 500; x_wconf 83' lang='lat' dir='ltr'>virum</span> <span class='ocrx_word' id='word_1_96' title='bbox 1150 472 1234 511; x_wconf 77' lang='lat' dir='ltr'>frugi</span> <span class='ocrx_word' id='word_1_97' title='bbox 1256 476 1284 500; x_wconf 93' lang='lat' dir='ltr'>et</span> <span class='ocrx_word' id='word_1_98' title='bbox 1308 471 1417 500; x_wconf 83' lang='lat' dir='ltr'><strong>similes</strong></span> <span class='ocrx_word' id='word_1_99' title='bbox 1439 471 1583 500; x_wconf 86' lang='lat' dir='ltr'>formulas</span> <span class='ocrx_word' id='word_1_100' title='bbox 1607 481 1821 511; x_wconf 86' lang='lat' dir='ltr'>comparamus.</span> <span class='ocrx_word' id='word_1_101' title='bbox 1864 473 1938 501; x_wconf 88' lang='lat' dir='ltr'>Tum</span> <span class='ocrx_word' id='word_1_102' title='bbox 1965 472 2064 503; x_wconf 84' lang='lat' dir='ltr'>Venus</span> <span class='ocrx_word' id='word_1_103' title='bbox 2085 474 2182 505; x_wconf 78' lang='lat' dir='ltr'>Fruiis</span> 
     </span>
     <span class='ocr_line' id='line_1_8' title="bbox 242 512 2182 556; baseline -0.002 -6"><span class='ocrx_word' id='word_1_104' title='bbox 242 525 317 550; x_wconf 86' lang='lat' dir='ltr'>esset</span> <span class='ocrx_word' id='word_1_105' title='bbox 340 517 460 555; x_wconf 77' lang='lat' dir='ltr'>frugalis</span> <span class='ocrx_word' id='word_1_106' title='bbox 484 526 575 544; x_wconf 82' lang='lat' dir='ltr'>venus</span> <span class='ocrx_word' id='word_1_107' title='bbox 599 520 627 543; x_wconf 88' lang='lat' dir='ltr'>et</span> <span class='ocrx_word' id='word_1_108' title='bbox 649 515 772 543; x_wconf 88' lang='lat' dir='ltr'>salutem</span> <span class='ocrx_word' id='word_1_109' title='bbox 795 513 965 542; x_wconf 81' lang='lat' dir='ltr'>hominibus</span> <span class='ocrx_word' id='word_1_110' title='bbox 989 512 1123 542; x_wconf 82' lang='lat' dir='ltr'>afferens.</span> <span class='ocrx_word' id='word_1_111' title='bbox 1169 514 1248 543; x_wconf 81' lang='lat' dir='ltr'>Haec</span> <span class='ocrx_word' id='word_1_112' title='bbox 1275 524 1345 542; x_wconf 86' lang='lat' dir='ltr'>vero</span> <span class='ocrx_word' id='word_1_113' title='bbox 1368 524 1415 543; x_wconf 87' lang='lat' dir='ltr'>res</span> <span class='ocrx_word' id='word_1_114' title='bbox 1438 513 1550 543; x_wconf 86' lang='lat' dir='ltr'>altioris</span> <span class='ocrx_word' id='word_1_115' title='bbox 1575 519 1617 543; x_wconf 82' lang='lat' dir='ltr'>cst</span> <span class='ocrx_word' id='word_1_116' title='bbox 1639 514 1805 552; x_wconf 79' lang='lat' dir='ltr'>indaginis,</span> <span class='ocrx_word' id='word_1_117' title='bbox 1842 525 1933 553; x_wconf 87' lang='lat' dir='ltr'>quare</span> <span class='ocrx_word' id='word_1_118' title='bbox 1958 515 2182 556; x_wconf 84' lang='lat' dir='ltr'>mythographis</span> 
     </span>
     <span class='ocr_line' id='line_1_9' title="bbox 242 555 2037 598; baseline -0.002 -8"><span class='ocrx_word' id='word_1_119' title='bbox 242 563 299 593; x_wconf 82' lang='lat' dir='ltr'>erit</span> <span class='ocrx_word' id='word_1_120' title='bbox 320 558 522 598; x_wconf 87' lang='lat' dir='ltr'>relinquenda.</span> <span class='ocrx_word' id='word_1_121' title='bbox 567 559 702 586; x_wconf 88' lang='lat' dir='ltr'>Ceterum</span> <span class='ocrx_word' id='word_1_122' title='bbox 731 556 869 585; x_wconf 81' lang='lat' dir='ltr'><em>Venerem</em></span> <span class='ocrx_word' id='word_1_123' title='bbox 892 555 1042 585; x_wconf 81' lang='lat' dir='ltr'>Murteam</span> <span class='ocrx_word' id='word_1_124' title='bbox 1064 566 1124 585; x_wconf 85' lang='lat' dir='ltr'>non</span> <span class='ocrx_word' id='word_1_125' title='bbox 1147 567 1233 595; x_wconf 83' lang='lat' dir='ltr'>posse</span> <span class='ocrx_word' id='word_1_126' title='bbox 1256 556 1365 585; x_wconf 84' lang='lat' dir='ltr'>dictam</span> <span class='ocrx_word' id='word_1_127' title='bbox 1388 566 1450 585; x_wconf 85' lang='lat' dir='ltr'>esse</span> <span class='ocrx_word' id='word_1_128' title='bbox 1473 567 1489 585; x_wconf 87' lang='lat' dir='ltr'>a</span> <span class='ocrx_word' id='word_1_129' title='bbox 1512 558 1630 597; x_wconf 75' lang='lat' dir='ltr'>myrtis,</span> <span class='ocrx_word' id='word_1_130' title='bbox 1660 557 1719 585; x_wconf 89' lang='lat' dir='ltr'>iam</span> <span class='ocrx_word' id='word_1_131' title='bbox 1744 557 1793 585; x_wconf 86' lang='lat' dir='ltr'>alii</span> <span class='ocrx_word' id='word_1_132' title='bbox 1814 557 2037 587; x_wconf 81' lang='lat' dir='ltr'>intellexerunt.</span> 
     </span>
    </p>

    <p class='ocr_par' dir='ltr' id='par_1_3' title="bbox 240 597 2185 1014">
     <span class='ocr_line' id='line_1_10' title="bbox 406 597 2183 640; baseline -0.001 -10"><span class='ocrx_word' id='word_1_133' title='bbox 406 599 610 640; x_wconf 75' lang='lat' dir='ltr'>Fringilla.</span> <span class='ocrx_word' id='word_1_134' title='bbox 656 599 781 635; x_wconf 77' lang='grc' dir='ltr'><strong><em>Σπίνος.</em></strong></span> <span class='ocrx_word' id='word_1_135' title='bbox 805 597 902 628; x_wconf 84' lang='lat' dir='ltr'>Scal.</span> <span class='ocrx_word' id='word_1_136' title='bbox 940 598 1054 626; x_wconf 80' lang='lat' dir='ltr'>Nonius</span> <span class='ocrx_word' id='word_1_137' title='bbox 1078 598 1162 638; x_wconf 86' lang='lat' dir='ltr'>(pag.</span> <span class='ocrx_word' id='word_1_138' title='bbox 1176 601 1247 631; x_wconf 84' lang='grc'>308.</span> <span class='ocrx_word' id='word_1_139' title='bbox 1271 609 1292 627; x_wconf 76' lang='grc'>8.</span> <span class='ocrx_word' id='word_1_140' title='bbox 1315 609 1342 629; x_wconf 86' lang='lat' dir='ltr'>v.</span> <span class='ocrx_word' id='word_1_141' title='bbox 1365 598 1471 639; x_wconf 74' lang='lat' dir='ltr'>Frigit.</span> <span class='ocrx_word' id='word_1_142' title='bbox 1494 599 1568 637; x_wconf 85' lang='grc' dir='ltr'>Μ.);</span> <span class='ocrx_word' id='word_1_143' title='bbox 1599 598 1715 639; x_wconf 81' lang='lat' dir='ltr'>Frigere</span> <span class='ocrx_word' id='word_1_144' title='bbox 1737 606 1777 627; x_wconf 80' lang='lat' dir='ltr'>est</span> <span class='ocrx_word' id='word_1_145' title='bbox 1799 606 1825 628; x_wconf 71' lang='lat' dir='ltr'>e!</span> <span class='ocrx_word' id='word_1_146' title='bbox 1842 600 1980 639; x_wconf 79' lang='lat' dir='ltr'>friguiire</span> <span class='ocrx_word' id='word_1_147' title='bbox 2001 608 2027 629; x_wconf 73' lang='lat' dir='ltr'>et</span> <span class='ocrx_word' id='word_1_148' title='bbox 2043 600 2183 638; x_wconf 74' lang='lat' dir='ltr'>fritinire,</span> 
     </span>
     <span class='ocr_line' id='line_1_11' title="bbox 241 639 2183 682; baseline -0.003 -6"><span class='ocrx_word' id='word_1_149' title='bbox 241 645 376 677; x_wconf 77' lang='lat' dir='ltr'>subsilire</span> <span class='ocrx_word' id='word_1_150' title='bbox 398 655 462 674; x_wconf 86' lang='lat' dir='ltr'>cum</span> <span class='ocrx_word' id='word_1_151' title='bbox 485 653 573 680; x_wconf 81' lang='lat' dir='ltr'>sono,</span> <span class='ocrx_word' id='word_1_152' title='bbox 595 641 642 671; x_wconf 81' lang='lat' dir='ltr'>vel</span> <span class='ocrx_word' id='word_1_153' title='bbox 661 642 733 681; x_wconf 80' lang='lat' dir='ltr'>erigi</span> <span class='ocrx_word' id='word_1_154' title='bbox 755 649 781 670; x_wconf 82' lang='lat' dir='ltr'>et</span> <span class='ocrx_word' id='word_1_155' title='bbox 801 639 938 677; x_wconf 76' lang='lat' dir='ltr'>exsilire,</span> <span class='ocrx_word' id='word_1_156' title='bbox 953 639 1055 680; x_wconf 73' lang='grc' dir='ltr'><strong><em>ηιιοᾶ,</em></strong></span> <span class='ocrx_word' id='word_1_157' title='bbox 1078 652 1263 682; x_wconf 79' lang='lat' dir='ltr'>quaecunque</span> <span class='ocrx_word' id='word_1_158' title='bbox 1279 641 1446 680; x_wconf 72' lang='lat' dir='ltr'>friguntur,</span> <span class='ocrx_word' id='word_1_159' title='bbox 1472 640 1520 669; x_wconf 77' lang='lat' dir='ltr'>vel</span> <span class='ocrx_word' id='word_1_160' title='bbox 1532 641 1661 680; x_wconf 77' lang='lat' dir='ltr'>frigent,</span> <span class='ocrx_word' id='word_1_161' title='bbox 1686 642 1776 670; x_wconf 87' lang='lat' dir='ltr'>nimio</span> <span class='ocrx_word' id='word_1_162' title='bbox 1800 641 1898 671; x_wconf 87' lang='lat' dir='ltr'>calore</span> <span class='ocrx_word' id='word_1_163' title='bbox 1918 641 1965 671; x_wconf 79' lang='lat' dir='ltr'>vel</span> <span class='ocrx_word' id='word_1_164' title='bbox 1980 643 2096 682; x_wconf 77' lang='lat' dir='ltr'>frigore</span> <span class='ocrx_word' id='word_1_165' title='bbox 2118 653 2183 672; x_wconf 82' lang='lat' dir='ltr'>cum</span> 
     </span>
     <span class='ocr_line' id='line_1_12' title="bbox 242 682 2184 724; baseline -0.003 -5"><span class='ocrx_word' id='word_1_166' title='bbox 242 700 313 719; x_wconf 80' lang='lat' dir='ltr'>sono</span> <span class='ocrx_word' id='word_1_167' title='bbox 336 698 433 717; x_wconf 82' lang='lat' dir='ltr'>susum</span> <span class='ocrx_word' id='word_1_168' title='bbox 455 683 613 715; x_wconf 75' lang='lat' dir='ltr'>sussiliunt.</span> <span class='ocrx_word' id='word_1_169' title='bbox 660 686 683 713; x_wconf 89' lang='lat' dir='ltr'><strong>A</strong></span> <span class='ocrx_word' id='word_1_170' title='bbox 699 684 836 724; x_wconf 60' lang='lat' dir='ltr'>friguttire</span> <span class='ocrx_word' id='word_1_171' title='bbox 857 683 948 721; x_wconf 79' lang='lat' dir='ltr'>igitur</span> <span class='ocrx_word' id='word_1_172' title='bbox 970 683 1032 712; x_wconf 88' lang='lat' dir='ltr'>sive</span> <span class='ocrx_word' id='word_1_173' title='bbox 1049 683 1207 723; x_wconf 76' lang='lat' dir='ltr'>fringutire</span> <span class='ocrx_word' id='word_1_174' title='bbox 1229 684 1284 712; x_wconf 87' lang='lat' dir='ltr'>erit</span> <span class='ocrx_word' id='word_1_175' title='bbox 1300 682 1457 722; x_wconf 75' lang='lat' dir='ltr'>fringillus</span> <span class='ocrx_word' id='word_1_176' title='bbox 1479 683 1540 712; x_wconf 87' lang='lat' dir='ltr'>sive</span> <span class='ocrx_word' id='word_1_177' title='bbox 1557 682 1711 722; x_wconf 75' lang='lat' dir='ltr'>fringilla,</span> <span class='ocrx_word' id='word_1_178' title='bbox 1741 685 1803 712; x_wconf 84' lang='lat' dir='ltr'>avis</span> <span class='ocrx_word' id='word_1_179' title='bbox 1828 685 1870 713; x_wconf 84' lang='lat' dir='ltr'>sic</span> <span class='ocrx_word' id='word_1_180' title='bbox 1893 685 1988 721; x_wconf 85' lang='lat' dir='ltr'>dicta,</span> <span class='ocrx_word' id='word_1_181' title='bbox 2011 684 2095 723; x_wconf 84' lang='lat' dir='ltr'>quod</span> <span class='ocrx_word' id='word_1_182' title='bbox 2117 694 2184 713; x_wconf 90' lang='lat' dir='ltr'>cre-</span> 
     </span>
     <span class='ocr_line' id='line_1_13' title="bbox 242 725 2182 764; baseline -0.002 -4"><span class='ocrx_word' id='word_1_183' title='bbox 242 733 297 761; x_wconf 89' lang='lat' dir='ltr'>bro</span> <span class='ocrx_word' id='word_1_184' title='bbox 320 730 453 759; x_wconf 80' lang='lat' dir='ltr'>subsiliat</span> <span class='ocrx_word' id='word_1_185' title='bbox 475 733 503 756; x_wconf 89' lang='lat' dir='ltr'>et</span> <span class='ocrx_word' id='word_1_186' title='bbox 525 727 672 756; x_wconf 80' lang='lat' dir='ltr'>subsultet</span> <span class='ocrx_word' id='word_1_187' title='bbox 694 736 762 756; x_wconf 90' lang='lat' dir='ltr'>cum</span> <span class='ocrx_word' id='word_1_188' title='bbox 789 737 872 756; x_wconf 89' lang='lat' dir='ltr'>sono.</span> <span class='ocrx_word' id='word_1_189' title='bbox 918 726 967 754; x_wconf 90' lang='lat' dir='ltr'>Sic</span> <span class='ocrx_word' id='word_1_190' title='bbox 989 736 1005 754; x_wconf 88' lang='lat' dir='ltr'>a</span> <span class='ocrx_word' id='word_1_191' title='bbox 1031 726 1181 764; x_wconf 73' lang='lat' dir='ltr'>fritinnire</span> <span class='ocrx_word' id='word_1_192' title='bbox 1201 726 1345 764; x_wconf 80' lang='lat' dir='ltr'>fritinnus</span> <span class='ocrx_word' id='word_1_193' title='bbox 1367 731 1396 754; x_wconf 88' lang='lat' dir='ltr'>et</span> <span class='ocrx_word' id='word_1_194' title='bbox 1418 736 1472 764; x_wconf 88' lang='lat' dir='ltr'>per</span> <span class='ocrx_word' id='word_1_195' title='bbox 1495 725 1720 754; x_wconf 82' lang='lat' dir='ltr'>diminutionem</span> <span class='ocrx_word' id='word_1_196' title='bbox 1743 725 1870 764; x_wconf 74' lang='lat' dir='ltr'>fritillas</span> <span class='ocrx_word' id='word_1_197' title='bbox 1893 727 2061 764; x_wconf 84' lang='lat' dir='ltr'>vasculum,</span> <span class='ocrx_word' id='word_1_198' title='bbox 2092 727 2182 756; x_wconf 90' lang='lat' dir='ltr'>turri-</span> 
     </span>
     <span class='ocr_line' id='line_1_14' title="bbox 243 767 2184 810; baseline -0.004 -6"><span class='ocrx_word' id='word_1_199' title='bbox 243 775 326 809; x_wconf 85' lang='lat' dir='ltr'>cula,</span> <span class='ocrx_word' id='word_1_200' title='bbox 349 773 379 800; x_wconf 86' lang='lat' dir='ltr'>iu</span> <span class='ocrx_word' id='word_1_201' title='bbox 403 781 461 810; x_wconf 91' lang='lat' dir='ltr'>quo</span> <span class='ocrx_word' id='word_1_202' title='bbox 486 775 613 799; x_wconf 82' lang='lat' dir='ltr'>tesserae</span> <span class='ocrx_word' id='word_1_203' title='bbox 636 770 802 804; x_wconf 79' lang='lat' dir='ltr'>fritiniunt,</span> <span class='ocrx_word' id='word_1_204' title='bbox 825 779 892 797; x_wconf 91' lang='lat' dir='ltr'>cum</span> <span class='ocrx_word' id='word_1_205' title='bbox 916 779 990 797; x_wconf 89' lang='lat' dir='ltr'>sono</span> <span class='ocrx_word' id='word_1_206' title='bbox 1013 767 1175 797; x_wconf 85' lang='lat' dir='ltr'>subsiliunt</span> <span class='ocrx_word' id='word_1_207' title='bbox 1198 778 1421 806; x_wconf 86' lang='lat' dir='ltr'>concussaeque</span> <span class='ocrx_word' id='word_1_208' title='bbox 1444 768 1603 806; x_wconf 78' lang='lat' dir='ltr'>agitantur.</span> <span class='ocrx_word' id='word_1_209' title='bbox 1642 769 1680 797; x_wconf 87' lang='lat' dir='ltr'>At</span> <span class='ocrx_word' id='word_1_210' title='bbox 1703 769 1796 797; x_wconf 88' lang='lat' dir='ltr'>Varro</span> <span class='ocrx_word' id='word_1_211' title='bbox 1820 769 1876 806; x_wconf 91' lang='lat' dir='ltr'>(l)e</span> <span class='ocrx_word' id='word_1_212' title='bbox 1894 770 1924 798; x_wconf 90' lang='lat' dir='ltr'>L.</span> <span class='ocrx_word' id='word_1_213' title='bbox 1941 770 1972 799; x_wconf 89' lang='lat' dir='ltr'>L.</span> <span class='ocrx_word' id='word_1_214' title='bbox 1991 772 2102 808; x_wconf 79' lang='lat' dir='ltr'>p.381.</span> <span class='ocrx_word' id='word_1_215' title='bbox 2121 770 2184 808; x_wconf 91' lang='lat' dir='ltr'>Sp.)</span> 
     </span>
     <span class='ocr_line' id='line_1_15' title="bbox 242 810 2185 853; baseline -0.003 -8"><span class='ocrx_word' id='word_1_216' title='bbox 242 817 356 851; x_wconf 87' lang='lat' dir='ltr'>innuit,</span> <span class='ocrx_word' id='word_1_217' title='bbox 390 813 550 853; x_wconf 77' lang='lat' dir='ltr'>fringuiire</span> <span class='ocrx_word' id='word_1_218' title='bbox 572 818 600 841; x_wconf 89' lang='lat' dir='ltr'>et</span> <span class='ocrx_word' id='word_1_219' title='bbox 622 813 774 851; x_wconf 74' lang='lat' dir='ltr'>fritinnire</span> <span class='ocrx_word' id='word_1_220' title='bbox 796 821 884 840; x_wconf 87' lang='lat' dir='ltr'>voces</span> <span class='ocrx_word' id='word_1_221' title='bbox 906 821 968 840; x_wconf 84' lang='lat' dir='ltr'>esse</span> <span class='ocrx_word' id='word_1_222' title='bbox 990 821 1006 839; x_wconf 89' lang='lat' dir='ltr'>a</span> <span class='ocrx_word' id='word_1_223' title='bbox 1029 821 1100 839; x_wconf 91' lang='lat' dir='ltr'>sono</span> <span class='ocrx_word' id='word_1_224' title='bbox 1123 811 1251 847; x_wconf 77' lang='lat' dir='ltr'>effictas,</span> <span class='ocrx_word' id='word_1_225' title='bbox 1288 815 1317 839; x_wconf 86' lang='lat' dir='ltr'>et</span> <span class='ocrx_word' id='word_1_226' title='bbox 1339 811 1419 839; x_wconf 89' lang='lat' dir='ltr'>illam</span> <span class='ocrx_word' id='word_1_227' title='bbox 1443 811 1656 849; x_wconf 78' lang='lat' dir='ltr'>fringillarum‚</span> <span class='ocrx_word' id='word_1_228' title='bbox 1694 810 1773 839; x_wconf 88' lang='lat' dir='ltr'>hanc</span> <span class='ocrx_word' id='word_1_229' title='bbox 1801 811 1997 840; x_wconf 85' lang='lat' dir='ltr'>hirundinum</span> <span class='ocrx_word' id='word_1_230' title='bbox 2022 811 2185 851; x_wconf 85' lang='lat' dir='ltr'>propriam,</span> 
     </span>
     <span class='ocr_line' id='line_1_16' title="bbox 241 852 2185 897; baseline -0.002 -11"><span class='ocrx_word' id='word_1_231' title='bbox 241 858 294 888; x_wconf 87' lang='lat' dir='ltr'>sed</span> <span class='ocrx_word' id='word_1_232' title='bbox 315 867 368 897; x_wconf 88' lang='lat' dir='ltr'>per</span> <span class='ocrx_word' id='word_1_233' title='bbox 390 855 591 894; x_wconf 78' lang='lat' dir='ltr'>metaphoram</span> <span class='ocrx_word' id='word_1_234' title='bbox 614 855 651 884; x_wconf 88' lang='lat' dir='ltr'>ad</span> <span class='ocrx_word' id='word_1_235' title='bbox 673 854 809 884; x_wconf 85' lang='lat' dir='ltr'>homines</span> <span class='ocrx_word' id='word_1_236' title='bbox 830 854 994 883; x_wconf 74' lang='lat' dir='ltr'>transferri.</span> <span class='ocrx_word' id='word_1_237' title='bbox 1041 853 1110 882; x_wconf 90' lang='lat' dir='ltr'>Eius</span> <span class='ocrx_word' id='word_1_238' title='bbox 1139 854 1229 882; x_wconf 85' lang='lat' dir='ltr'>verba</span> <span class='ocrx_word' id='word_1_239' title='bbox 1252 858 1321 881; x_wconf 87' lang='lat' dir='ltr'>sunt</span> <span class='ocrx_word' id='word_1_240' title='bbox 1343 853 1395 882; x_wconf 90' lang='lat' dir='ltr'>lib.</span> <span class='ocrx_word' id='word_1_241' title='bbox 1409 853 1442 884; x_wconf 91' lang='lat' dir='ltr'>V.</span> <span class='ocrx_word' id='word_1_242' title='bbox 1466 853 1502 882; x_wconf 84' lang='lat' dir='ltr'>de</span> <span class='ocrx_word' id='word_1_243' title='bbox 1525 854 1557 882; x_wconf 90' lang='lat' dir='ltr'>L.</span> <span class='ocrx_word' id='word_1_244' title='bbox 1578 853 1625 882; x_wconf 83' lang='lat' dir='ltr'>L.:</span> <span class='ocrx_word' id='word_1_245' title='bbox 1655 852 1791 882; x_wconf 77' lang='lat' dir='ltr'>Eiusdem</span> <span class='ocrx_word' id='word_1_246' title='bbox 1815 854 1939 893; x_wconf 87' lang='lat' dir='ltr'>(Ennii)</span> <span class='ocrx_word' id='word_1_247' title='bbox 1960 853 1999 882; x_wconf 83' lang='lat' dir='ltr'>ab</span> <span class='ocrx_word' id='word_1_248' title='bbox 2022 852 2185 890; x_wconf 75' lang='lat' dir='ltr'>hirundine,</span> 
     </span>
     <span class='ocr_line' id='line_1_17' title="bbox 241 894 2185 939; baseline -0.002 -12"><span class='ocrx_word' id='word_1_249' title='bbox 241 898 374 939; x_wconf 62' lang='lat' dir='ltr'>nest-ende</span> <span class='ocrx_word' id='word_1_250' title='bbox 391 899 514 937; x_wconf 79' lang='lat' dir='ltr'>fritinni</span> <span class='ocrx_word' id='word_1_251' title='bbox 534 898 669 928; x_wconf 72' lang='lat' dir='ltr'>suaviter.</span> <span class='ocrx_word' id='word_1_252' title='bbox 699 896 748 926; x_wconf 90' lang='lat' dir='ltr'>M.</span> <span class='ocrx_word' id='word_1_253' title='bbox 765 895 876 925; x_wconf 77' lang='lat' dir='ltr'>Actius</span> <span class='ocrx_word' id='word_1_254' title='bbox 899 897 930 925; x_wconf 88' lang='lat' dir='ltr'>in</span> <span class='ocrx_word' id='word_1_255' title='bbox 955 895 1063 925; x_wconf 84' lang='lat' dir='ltr'>Casina</span> <span class='ocrx_word' id='word_1_256' title='bbox 1085 895 1192 934; x_wconf 81' lang='lat' dir='ltr'>(Plaut.</span> <span class='ocrx_word' id='word_1_257' title='bbox 1216 897 1280 924; x_wconf 89' lang='lat' dir='ltr'>Cas.</span> <span class='ocrx_word' id='word_1_258' title='bbox 1296 896 1340 932; x_wconf 90' lang='lat' dir='ltr'>II,</span> <span class='ocrx_word' id='word_1_259' title='bbox 1363 897 1399 932; x_wconf 84' lang='lat'>3,</span> <span class='ocrx_word' id='word_1_260' title='bbox 1423 894 1488 935; x_wconf 84' lang='lat'>49.)</span> <span class='ocrx_word' id='word_1_261' title='bbox 1510 907 1528 924; x_wconf 82' lang='lat' dir='ltr'>a</span> <span class='ocrx_word' id='word_1_262' title='bbox 1545 894 1729 935; x_wconf 80' lang='lat' dir='ltr'>Fringuilla,</span> <span class='ocrx_word' id='word_1_263' title='bbox 1752 895 1824 936; x_wconf 79' lang='lat' dir='ltr'>quid</span> <span class='ocrx_word' id='word_1_264' title='bbox 1839 896 1999 936; x_wconf 76' lang='lat' dir='ltr'>fringutis‚</span> <span class='ocrx_word' id='word_1_265' title='bbox 2022 895 2094 937; x_wconf 80' lang='lat' dir='ltr'>quid</span> <span class='ocrx_word' id='word_1_266' title='bbox 2111 896 2185 925; x_wconf 81' lang='lat' dir='ltr'>istuc</span> 
     </span>
     <span class='ocr_line' id='line_1_18' title="bbox 240 936 2185 980; baseline -0.002 -9"><span class='ocrx_word' id='word_1_267' title='bbox 240 951 301 972; x_wconf 72' lang='lat' dir='ltr'>tam</span> <span class='ocrx_word' id='word_1_268' title='bbox 324 939 428 980; x_wconf 82' lang='lat' dir='ltr'>cupide</span> <span class='ocrx_word' id='word_1_269' title='bbox 450 939 557 979; x_wconf 79' lang='lat' dir='ltr'>cupis?</span> <span class='ocrx_word' id='word_1_270' title='bbox 586 940 658 969; x_wconf 90' lang='lat' dir='ltr'>Inde</span> <span class='ocrx_word' id='word_1_271' title='bbox 680 938 852 978; x_wconf 75' lang='lat' dir='ltr'>Fulgentius</span> <span class='ocrx_word' id='word_1_272' title='bbox 876 938 1035 978; x_wconf 76' lang='lat' dir='ltr'>Frigutire,</span> <span class='ocrx_word' id='word_1_273' title='bbox 1057 938 1170 977; x_wconf 86' lang='lat' dir='ltr'>iuquit,</span> <span class='ocrx_word' id='word_1_274' title='bbox 1193 945 1234 967; x_wconf 82' lang='lat' dir='ltr'>est</span> <span class='ocrx_word' id='word_1_275' title='bbox 1255 937 1399 967; x_wconf 68' lang='lat' dir='ltr'>subtiliter</span> <span class='ocrx_word' id='word_1_276' title='bbox 1421 936 1575 978; x_wconf 75' lang='lat' dir='ltr'>adgarrire</span> <span class='ocrx_word' id='word_1_277' title='bbox 1598 943 1627 967; x_wconf 84' lang='lat' dir='ltr'>et</span> <span class='ocrx_word' id='word_1_278' title='bbox 1649 937 1736 967; x_wconf 82' lang='lat' dir='ltr'>affert</span> <span class='ocrx_word' id='word_1_279' title='bbox 1757 939 1857 967; x_wconf 85' lang='lat' dir='ltr'>locum</span> <span class='ocrx_word' id='word_1_280' title='bbox 1879 939 1991 977; x_wconf 88' lang='lat' dir='ltr'>Plauti,</span> <span class='ocrx_word' id='word_1_281' title='bbox 2014 949 2099 977; x_wconf 90' lang='lat' dir='ltr'>quem</span> <span class='ocrx_word' id='word_1_282' title='bbox 2122 938 2185 967; x_wconf 86' lang='lat' dir='ltr'>Iau-</span> 
     </span>
     <span class='ocr_line' id='line_1_19' title="bbox 241 983 546 1014; baseline -0.01 0"><span class='ocrx_word' id='word_1_283' title='bbox 241 986 291 1014; x_wconf 87' lang='lat' dir='ltr'>dat</span> <span class='ocrx_word' id='word_1_284' title='bbox 314 984 415 1013; x_wconf 86' lang='lat' dir='ltr'>Varro.</span> <span class='ocrx_word' id='word_1_285' title='bbox 461 983 546 1011; x_wconf 90' lang='lat' dir='ltr'>Dac.</span> 
     </span>
    </p>

    <p class='ocr_par' dir='ltr' id='par_1_4' title="bbox 405 1022 1530 1062">
     <span class='ocr_line' id='line_1_20' title="bbox 405 1022 1530 1062; baseline -0.003 -8"><span class='ocrx_word' id='word_1_286' title='bbox 405 1024 612 1055; x_wconf 77' lang='lat' dir='ltr'>Fratriare.</span> <span class='ocrx_word' id='word_1_287' title='bbox 656 1023 804 1053; x_wconf 76' lang='lat' dir='ltr'>Fratrare.</span> <span class='ocrx_word' id='word_1_288' title='bbox 845 1023 880 1052; x_wconf 82' lang='lat' dir='ltr'>Et</span> <span class='ocrx_word' id='word_1_289' title='bbox 896 1022 1099 1062; x_wconf 75' lang='lat' dir='ltr'>fraterculare.</span> <span class='ocrx_word' id='word_1_290' title='bbox 1139 1023 1214 1052; x_wconf 84' lang='lat' dir='ltr'>Vide</span> <span class='ocrx_word' id='word_1_291' title='bbox 1237 1022 1399 1052; x_wconf 81' lang='lat' dir='ltr'>Sororiare.</span> <span class='ocrx_word' id='word_1_292' title='bbox 1445 1022 1530 1053; x_wconf 88' lang='lat' dir='ltr'>Dac.</span> 
     </span>
    </p>

    <p class='ocr_par' dir='ltr' id='par_1_5' title="bbox 240 1063 2187 1279">
     <span class='ocr_line' id='line_1_21' title="bbox 403 1063 2187 1106; baseline -0.001 -11"><span class='ocrx_word' id='word_1_293' title='bbox 403 1066 567 1106; x_wconf 76' lang='lat' dir='ltr'>Frigere.</span> <span class='ocrx_word' id='word_1_294' title='bbox 611 1068 635 1095; x_wconf 81' lang='lat' dir='ltr'>A</span> <span class='ocrx_word' id='word_1_295' title='bbox 658 1070 778 1106; x_wconf 80' lang='grc' dir='ltr'><strong><em>φρικεῖν</em></strong></span> <span class='ocrx_word' id='word_1_296' title='bbox 798 1067 859 1095; x_wconf 89' lang='lat' dir='ltr'>sive</span> <span class='ocrx_word' id='word_1_297' title='bbox 882 1069 1009 1106; x_wconf 74' lang='grc' dir='ltr'><em>φριγεῖν.</em></span> <span class='ocrx_word' id='word_1_298' title='bbox 1045 1066 1120 1104; x_wconf 79' lang='lat' dir='ltr'>Lege</span> <span class='ocrx_word' id='word_1_299' title='bbox 1143 1063 1278 1105; x_wconf 78' lang='grc' dir='ltr'><em>φρύγειν.</em></span> <span class='ocrx_word' id='word_1_300' title='bbox 1319 1066 1503 1094; x_wconf 86' lang='lat' dir='ltr'>Glossarium</span> <span class='ocrx_word' id='word_1_301' title='bbox 1527 1065 1609 1103; x_wconf 79' lang='lat' dir='ltr'>frigit</span> <span class='ocrx_word' id='word_1_302' title='bbox 1632 1063 1754 1106; x_wconf 76' lang='grc' dir='ltr'><em>φρύγει,</em></span> <span class='ocrx_word' id='word_1_303' title='bbox 1777 1067 1932 1106; x_wconf 81' lang='grc' dir='ltr'><em>τεγαυίζει,</em></span> <span class='ocrx_word' id='word_1_304' title='bbox 1956 1066 2103 1104; x_wconf 83' lang='lat' dir='ltr'>sartagine</span> <span class='ocrx_word' id='word_1_305' title='bbox 2125 1070 2187 1094; x_wconf 88' lang='lat' dir='ltr'>tor-</span> 
     </span>
     <span class='ocr_line' id='line_1_22' title="bbox 240 1107 2186 1148; baseline -0.003 -7"><span class='ocrx_word' id='word_1_306' title='bbox 240 1118 294 1141; x_wconf 89' lang='lat' dir='ltr'>ret.</span> <span class='ocrx_word' id='word_1_307' title='bbox 337 1110 408 1140; x_wconf 86' lang='lat' dir='ltr'>Inde</span> <span class='ocrx_word' id='word_1_308' title='bbox 432 1110 541 1148; x_wconf 76' lang='lat' dir='ltr'>frictae</span> <span class='ocrx_word' id='word_1_309' title='bbox 570 1121 656 1139; x_wconf 86' lang='lat' dir='ltr'>nuces</span> <span class='ocrx_word' id='word_1_310' title='bbox 680 1110 782 1138; x_wconf 89' lang='lat' dir='ltr'>Plauto</span> <span class='ocrx_word' id='word_1_311' title='bbox 811 1109 917 1146; x_wconf 89' lang='lat' dir='ltr'>(Poen.</span> <span class='ocrx_word' id='word_1_312' title='bbox 934 1109 963 1145; x_wconf 90' lang='lat' dir='ltr'>I,</span> <span class='ocrx_word' id='word_1_313' title='bbox 987 1111 1021 1144; x_wconf 83' lang='grc'>2,</span> <span class='ocrx_word' id='word_1_314' title='bbox 1047 1109 1136 1144; x_wconf 83' lang='grc'>113.)</span> <span class='ocrx_word' id='word_1_315' title='bbox 1159 1107 1290 1137; x_wconf 78' lang='lat' dir='ltr'>Frictum</span> <span class='ocrx_word' id='word_1_316' title='bbox 1320 1109 1396 1138; x_wconf 83' lang='lat' dir='ltr'>cicer</span> <span class='ocrx_word' id='word_1_317' title='bbox 1419 1108 1544 1137; x_wconf 86' lang='lat' dir='ltr'>Horatio</span> <span class='ocrx_word' id='word_1_318' title='bbox 1568 1108 1600 1147; x_wconf 67' lang='grc' dir='ltr'>(ἶ)</span> <span class='ocrx_word' id='word_1_319' title='bbox 1623 1108 1718 1139; x_wconf 84' lang='lat' dir='ltr'>Plaut.</span> <span class='ocrx_word' id='word_1_320' title='bbox 1741 1108 1851 1139; x_wconf 86' lang='lat' dir='ltr'>Bacch.</span> <span class='ocrx_word' id='word_1_321' title='bbox 1867 1109 1922 1145; x_wconf 80' lang='lat' dir='ltr'>lv,</span> <span class='ocrx_word' id='word_1_322' title='bbox 1945 1112 1982 1146; x_wconf 86' lang='lat'>5,</span> <span class='ocrx_word' id='word_1_323' title='bbox 2006 1107 2067 1148; x_wconf 88' lang='lat'>6.).</span> <span class='ocrx_word' id='word_1_324' title='bbox 2096 1107 2186 1136; x_wconf 79' lang='lat' dir='ltr'>Dae.</span> 
     </span>
     <span class='ocr_line' id='line_1_23' title="bbox 242 1149 2187 1194; baseline -0.003 -11"><span class='ocrx_word' id='word_1_325' title='bbox 242 1154 358 1194; x_wconf 76' lang='lat' dir='ltr'>Frigere</span> <span class='ocrx_word' id='word_1_326' title='bbox 377 1154 396 1181; x_wconf 89' lang='lat' dir='ltr'>i.</span> <span class='ocrx_word' id='word_1_327' title='bbox 419 1163 442 1183; x_wconf 89' lang='lat' dir='ltr'>e.</span> <span class='ocrx_word' id='word_1_328' title='bbox 468 1157 598 1188; x_wconf 78' lang='lat' dir='ltr'>torrere,</span> <span class='ocrx_word' id='word_1_329' title='bbox 624 1162 702 1180; x_wconf 82' lang='lat' dir='ltr'>mera</span> <span class='ocrx_word' id='word_1_330' title='bbox 725 1151 875 1180; x_wconf 86' lang='lat' dir='ltr'>Sanscrita</span> <span class='ocrx_word' id='word_1_331' title='bbox 897 1161 957 1180; x_wconf 84' lang='lat' dir='ltr'>vox</span> <span class='ocrx_word' id='word_1_332' title='bbox 980 1155 1022 1179; x_wconf 85' lang='lat' dir='ltr'>est</span> <span class='ocrx_word' id='word_1_333' title='bbox 1044 1149 1197 1186; x_wconf 71' lang='lat' dir='ltr'>hlzridsclz,</span> <span class='ocrx_word' id='word_1_334' title='bbox 1220 1155 1352 1188; x_wconf 88' lang='lat' dir='ltr'>torrere,</span> <span class='ocrx_word' id='word_1_335' title='bbox 1376 1161 1481 1180; x_wconf 85' lang='lat' dir='ltr'>assare.</span> <span class='ocrx_word' id='word_1_336' title='bbox 1519 1150 1638 1179; x_wconf 81' lang='lat' dir='ltr'>Radicis</span> <span class='ocrx_word' id='word_1_337' title='bbox 1661 1151 1738 1179; x_wconf 84' lang='lat' dir='ltr'>enim</span> <span class='ocrx_word' id='word_1_338' title='bbox 1761 1151 1836 1180; x_wconf 89' lang='lat' dir='ltr'>illud</span> <span class='ocrx_word' id='word_1_339' title='bbox 1859 1150 1932 1181; x_wconf 70' lang='lat' dir='ltr'>&lt;isch</span> <span class='ocrx_word' id='word_1_340' title='bbox 1953 1151 1984 1179; x_wconf 88' lang='lat' dir='ltr'>in</span> <span class='ocrx_word' id='word_1_341' title='bbox 2001 1150 2105 1179; x_wconf 83' lang='lat' dir='ltr'>Latino</span> <span class='ocrx_word' id='word_1_342' title='bbox 2127 1159 2187 1178; x_wconf 87' lang='lat' dir='ltr'>ser-</span> 
     </span>
     <span class='ocr_line' id='line_1_24' title="bbox 241 1191 2187 1234; baseline -0.003 -8"><span class='ocrx_word' id='word_1_343' title='bbox 241 1207 345 1233; x_wconf 89' lang='lat' dir='ltr'>mone,</span> <span class='ocrx_word' id='word_1_344' title='bbox 382 1194 631 1234; x_wconf 86' lang='lat' dir='ltr'>quemadmodum</span> <span class='ocrx_word' id='word_1_345' title='bbox 653 1204 741 1234; x_wconf 87' lang='lat' dir='ltr'>saepe</span> <span class='ocrx_word' id='word_1_346' title='bbox 762 1194 792 1223; x_wconf 88' lang='lat' dir='ltr'>in</span> <span class='ocrx_word' id='word_1_347' title='bbox 815 1193 967 1223; x_wconf 75' lang='lat' dir='ltr'>sanserito</span> <span class='ocrx_word' id='word_1_348' title='bbox 988 1203 1121 1223; x_wconf 87' lang='lat' dir='ltr'>sermone</span> <span class='ocrx_word' id='word_1_349' title='bbox 1141 1203 1197 1233; x_wconf 89' lang='lat' dir='ltr'>per</span> <span class='ocrx_word' id='word_1_350' title='bbox 1219 1193 1371 1232; x_wconf 88' lang='lat' dir='ltr'>derivata,</span> <span class='ocrx_word' id='word_1_351' title='bbox 1405 1193 1513 1223; x_wconf 85' lang='lat' dir='ltr'>transit</span> <span class='ocrx_word' id='word_1_352' title='bbox 1531 1193 1562 1221; x_wconf 91' lang='lat' dir='ltr'>in</span> <span class='ocrx_word' id='word_1_353' title='bbox 1583 1204 1619 1233; x_wconf 80' lang='lat' dir='ltr'>g,</span> <span class='ocrx_word' id='word_1_354' title='bbox 1651 1197 1685 1222; x_wconf 90' lang='lat' dir='ltr'>ut</span> <span class='ocrx_word' id='word_1_355' title='bbox 1707 1192 1875 1231; x_wconf 74' lang='lat' dir='ltr'>bliandsclz,</span> <span class='ocrx_word' id='word_1_356' title='bbox 1911 1193 2032 1232; x_wconf 78' lang='lat' dir='ltr'>frango,</span> <span class='ocrx_word' id='word_1_357' title='bbox 2060 1191 2187 1233; x_wconf 75' lang='lat' dir='ltr'>pindsch.</span> 
     </span>
     <span class='ocr_line' id='line_1_25' title="bbox 242 1236 846 1279; baseline -0.002 -11"><span class='ocrx_word' id='word_1_358' title='bbox 242 1240 348 1279; x_wconf 80' lang='lat' dir='ltr'>pingo,</span> <span class='ocrx_word' id='word_1_359' title='bbox 379 1236 509 1267; x_wconf 74' lang='lat' dir='ltr'>bhudsch</span> <span class='ocrx_word' id='word_1_360' title='bbox 532 1238 626 1275; x_wconf 82' lang='lat' dir='ltr'>(frug)</span> <span class='ocrx_word' id='word_1_361' title='bbox 649 1238 752 1275; x_wconf 84' lang='lat' dir='ltr'>fruor,</span> <span class='ocrx_word' id='word_1_362' title='bbox 781 1237 846 1267; x_wconf 79' lang='lat' dir='ltr'>alia.</span> 
     </span>
    </p>

    <p class='ocr_par' dir='ltr' id='par_1_6' title="bbox 243 1278 2186 1363">
     <span class='ocr_line' id='line_1_26' title="bbox 404 1278 2186 1319; baseline -0.001 -11"><span class='ocrx_word' id='word_1_363' title='bbox 404 1278 610 1319; x_wconf 75' lang='lat' dir='ltr'>Fregellae.</span> <span class='ocrx_word' id='word_1_364' title='bbox 653 1280 802 1318; x_wconf 85' lang='lat' dir='ltr'>Fregellae</span> <span class='ocrx_word' id='word_1_365' title='bbox 824 1279 893 1308; x_wconf 87' lang='lat' dir='ltr'>urbs</span> <span class='ocrx_word' id='word_1_366' title='bbox 917 1279 987 1308; x_wconf 90' lang='lat' dir='ltr'>olim</span> <span class='ocrx_word' id='word_1_367' title='bbox 1011 1279 1119 1309; x_wconf 88' lang='lat' dir='ltr'>nobilis</span> <span class='ocrx_word' id='word_1_368' title='bbox 1142 1279 1179 1308; x_wconf 90' lang='lat' dir='ltr'>ad</span> <span class='ocrx_word' id='word_1_369' title='bbox 1202 1279 1326 1308; x_wconf 90' lang='lat' dir='ltr'>fluvium</span> <span class='ocrx_word' id='word_1_370' title='bbox 1349 1280 1439 1309; x_wconf 87' lang='lat' dir='ltr'>Lirim</span> <span class='ocrx_word' id='word_1_371' title='bbox 1462 1280 1533 1317; x_wconf 87' lang='lat' dir='ltr'>sita,</span> <span class='ocrx_word' id='word_1_372' title='bbox 1557 1278 1653 1316; x_wconf 79' lang='lat' dir='ltr'>unde,</span> <span class='ocrx_word' id='word_1_373' title='bbox 1676 1284 1834 1318; x_wconf 84' lang='lat' dir='ltr'>postquam</span> <span class='ocrx_word' id='word_1_374' title='bbox 1857 1280 1937 1309; x_wconf 86' lang='lat' dir='ltr'>cives</span> <span class='ocrx_word' id='word_1_375' title='bbox 1954 1280 2079 1308; x_wconf 86' lang='lat' dir='ltr'>Romam</span> <span class='ocrx_word' id='word_1_376' title='bbox 2102 1287 2186 1306; x_wconf 84' lang='lat' dir='ltr'>com-</span> 
     </span>
     <span class='ocr_line' id='line_1_27' title="bbox 243 1320 2036 1363; baseline -0.001 -10"><span class='ocrx_word' id='word_1_377' title='bbox 243 1325 461 1363; x_wconf 81' lang='lat' dir='ltr'>migraverunt,</span> <span class='ocrx_word' id='word_1_378' title='bbox 484 1323 583 1358; x_wconf 87' lang='lat' dir='ltr'>locus,</span> <span class='ocrx_word' id='word_1_379' title='bbox 608 1322 658 1350; x_wconf 86' lang='lat' dir='ltr'>ubi</span> <span class='ocrx_word' id='word_1_380' title='bbox 681 1322 867 1359; x_wconf 86' lang='lat' dir='ltr'>habitavere,</span> <span class='ocrx_word' id='word_1_381' title='bbox 892 1320 1041 1360; x_wconf 74' lang='lat' dir='ltr'>Fregellae</span> <span class='ocrx_word' id='word_1_382' title='bbox 1063 1322 1160 1351; x_wconf 86' lang='lat' dir='ltr'>dictus</span> <span class='ocrx_word' id='word_1_383' title='bbox 1181 1327 1234 1351; x_wconf 87' lang='lat' dir='ltr'>est.</span> <span class='ocrx_word' id='word_1_384' title='bbox 1255 1322 1343 1352; x_wconf 87' lang='lat' dir='ltr'>Dac.</span> <span class='ocrx_word' id='word_1_385' title='bbox 1377 1321 1454 1351; x_wconf 86' lang='lat' dir='ltr'>Felii</span> <span class='ocrx_word' id='word_1_386' title='bbox 1474 1322 1608 1361; x_wconf 77' lang='lat' dir='ltr'>hospites.</span> <span class='ocrx_word' id='word_1_387' title='bbox 1639 1322 1718 1350; x_wconf 88' lang='lat' dir='ltr'>Illim</span> <span class='ocrx_word' id='word_1_388' title='bbox 1740 1322 1882 1361; x_wconf 77' lang='lat' dir='ltr'>hospites.</span> <span class='ocrx_word' id='word_1_389' title='bbox 1932 1320 2036 1351; x_wconf 74' lang='lat' dir='ltr'><strong><em>Goth.</em></strong></span> 
     </span>
    </p>

    <p class='ocr_par' dir='ltr' id='par_1_7' title="bbox 243 1361 2191 1829">
     <span class='ocr_line' id='line_1_28' title="bbox 406 1361 2187 1404; baseline -0.002 -11"><span class='ocrx_word' id='word_1_390' title='bbox 406 1364 580 1394; x_wconf 81' lang='lat' dir='ltr'>Festram.</span> <span class='ocrx_word' id='word_1_391' title='bbox 625 1365 706 1394; x_wconf 87' lang='lat' dir='ltr'>Nihil</span> <span class='ocrx_word' id='word_1_392' title='bbox 728 1370 879 1404; x_wconf 84' lang='lat' dir='ltr'>praeterea</span> <span class='ocrx_word' id='word_1_393' title='bbox 903 1364 984 1393; x_wconf 85' lang='lat' dir='ltr'>addit</span> <span class='ocrx_word' id='word_1_394' title='bbox 1006 1365 1210 1404; x_wconf 84' lang='lat' dir='ltr'>ineptissimus</span> <span class='ocrx_word' id='word_1_395' title='bbox 1232 1365 1400 1401; x_wconf 81' lang='lat' dir='ltr'>mutilatur,</span> <span class='ocrx_word' id='word_1_396' title='bbox 1430 1364 1489 1393; x_wconf 90' lang='lat' dir='ltr'>hoc</span> <span class='ocrx_word' id='word_1_397' title='bbox 1510 1374 1570 1393; x_wconf 86' lang='lat' dir='ltr'>uno</span> <span class='ocrx_word' id='word_1_398' title='bbox 1594 1369 1768 1400; x_wconf 81' lang='lat' dir='ltr'>contentus,</span> <span class='ocrx_word' id='word_1_399' title='bbox 1793 1365 1941 1393; x_wconf 87' lang='lat' dir='ltr'>vocabula</span> <span class='ocrx_word' id='word_1_400' title='bbox 1963 1368 2078 1392; x_wconf 87' lang='lat' dir='ltr'>tantum</span> <span class='ocrx_word' id='word_1_401' title='bbox 2100 1361 2187 1391; x_wconf 85' lang='lat' dir='ltr'>nobis</span> 
     </span>
     <span class='ocr_line' id='line_1_29' title="bbox 243 1406 2187 1449; baseline -0.004 -10"><span class='ocrx_word' id='word_1_402' title='bbox 243 1418 409 1449; x_wconf 89' lang='lat' dir='ltr'>apponere,</span> <span class='ocrx_word' id='word_1_403' title='bbox 435 1407 658 1445; x_wconf 87' lang='lat' dir='ltr'>significationis</span> <span class='ocrx_word' id='word_1_404' title='bbox 680 1412 709 1436; x_wconf 88' lang='lat' dir='ltr'>et</span> <span class='ocrx_word' id='word_1_405' title='bbox 732 1408 826 1436; x_wconf 85' lang='lat' dir='ltr'>omnis</span> <span class='ocrx_word' id='word_1_406' title='bbox 848 1407 924 1435; x_wconf 84' lang='lat' dir='ltr'>ritus</span> <span class='ocrx_word' id='word_1_407' title='bbox 947 1411 1034 1445; x_wconf 87' lang='lat' dir='ltr'>atque</span> <span class='ocrx_word' id='word_1_408' title='bbox 1056 1407 1240 1445; x_wconf 83' lang='lat' dir='ltr'>antiquitatis</span> <span class='ocrx_word' id='word_1_409' title='bbox 1263 1417 1392 1435; x_wconf 86' lang='lat' dir='ltr'>securus.</span> <span class='ocrx_word' id='word_1_410' title='bbox 1435 1407 1474 1435; x_wconf 83' lang='lat' dir='ltr'>At</span> <span class='ocrx_word' id='word_1_411' title='bbox 1497 1417 1549 1435; x_wconf 87' lang='lat' dir='ltr'>nos</span> <span class='ocrx_word' id='word_1_412' title='bbox 1571 1407 1713 1442; x_wconf 82' lang='lat' dir='ltr'>sciamus,</span> <span class='ocrx_word' id='word_1_413' title='bbox 1740 1407 1860 1435; x_wconf 81' lang='lat' dir='ltr'>sestram</span> <span class='ocrx_word' id='word_1_414' title='bbox 1882 1407 1973 1435; x_wconf 85' lang='lat' dir='ltr'>fuisse</span> <span class='ocrx_word' id='word_1_415' title='bbox 1996 1407 2106 1435; x_wconf 84' lang='lat' dir='ltr'>ostium</span> <span class='ocrx_word' id='word_1_416' title='bbox 2127 1406 2187 1433; x_wconf 86' lang='lat' dir='ltr'>mi—</span> 
     </span>
     <span class='ocr_line' id='line_1_30' title="bbox 243 1447 2187 1488; baseline -0.004 -7"><span class='ocrx_word' id='word_1_417' title='bbox 243 1452 404 1481; x_wconf 86' lang='lat' dir='ltr'>nusculum</span> <span class='ocrx_word' id='word_1_418' title='bbox 425 1451 456 1478; x_wconf 74' lang='lat' dir='ltr'>iu</span> <span class='ocrx_word' id='word_1_419' title='bbox 481 1450 621 1480; x_wconf 85' lang='lat' dir='ltr'>sacrario.</span> <span class='ocrx_word' id='word_1_420' title='bbox 667 1450 754 1486; x_wconf 90' lang='lat' dir='ltr'>Quod</span> <span class='ocrx_word' id='word_1_421' title='bbox 785 1454 901 1479; x_wconf 88' lang='lat' dir='ltr'>tantum</span> <span class='ocrx_word' id='word_1_422' title='bbox 932 1449 1027 1486; x_wconf 80' lang='lat' dir='ltr'>abest,</span> <span class='ocrx_word' id='word_1_423' title='bbox 1065 1455 1097 1478; x_wconf 89' lang='lat' dir='ltr'>ut</span> <span class='ocrx_word' id='word_1_424' title='bbox 1118 1450 1353 1488; x_wconf 84' lang='lat' dir='ltr'>praetermittere</span> <span class='ocrx_word' id='word_1_425' title='bbox 1384 1449 1521 1478; x_wconf 89' lang='lat' dir='ltr'>debuerit</span> <span class='ocrx_word' id='word_1_426' title='bbox 1544 1449 1735 1478; x_wconf 85' lang='lat' dir='ltr'>abbreviator</span> <span class='ocrx_word' id='word_1_427' title='bbox 1754 1449 1826 1486; x_wconf 88' lang='lat' dir='ltr'>iste,</span> <span class='ocrx_word' id='word_1_428' title='bbox 1864 1454 1897 1478; x_wconf 88' lang='lat' dir='ltr'>ut</span> <span class='ocrx_word' id='word_1_429' title='bbox 1919 1449 2008 1477; x_wconf 87' lang='lat' dir='ltr'>etiam</span> <span class='ocrx_word' id='word_1_430' title='bbox 2031 1447 2068 1476; x_wconf 86' lang='lat' dir='ltr'>de</span> <span class='ocrx_word' id='word_1_431' title='bbox 2092 1457 2127 1475; x_wconf 89' lang='lat' dir='ltr'>eo</span> <span class='ocrx_word' id='word_1_432' title='bbox 2150 1447 2187 1474; x_wconf 91' lang='lat' dir='ltr'>li—</span> 
     </span>
     <span class='ocr_line' id='line_1_31' title="bbox 243 1488 2188 1531; baseline -0.004 -7"><span class='ocrx_word' id='word_1_433' title='bbox 243 1496 330 1524; x_wconf 87' lang='lat' dir='ltr'>brum</span> <span class='ocrx_word' id='word_1_434' title='bbox 359 1494 467 1522; x_wconf 87' lang='lat' dir='ltr'>iustum</span> <span class='ocrx_word' id='word_1_435' title='bbox 496 1493 656 1522; x_wconf 81' lang='lat' dir='ltr'>confecerit</span> <span class='ocrx_word' id='word_1_436' title='bbox 686 1492 875 1521; x_wconf 80' lang='lat' dir='ltr'>doctissimus</span> <span class='ocrx_word' id='word_1_437' title='bbox 905 1491 992 1520; x_wconf 89' lang='lat' dir='ltr'>simul</span> <span class='ocrx_word' id='word_1_438' title='bbox 1023 1496 1111 1530; x_wconf 90' lang='lat' dir='ltr'>atque</span> <span class='ocrx_word' id='word_1_439' title='bbox 1141 1492 1356 1521; x_wconf 80' lang='lat' dir='ltr'>vetustissimus</span> <span class='ocrx_word' id='word_1_440' title='bbox 1385 1492 1596 1530; x_wconf 83' lang='lat' dir='ltr'>grammaticus</span> <span class='ocrx_word' id='word_1_441' title='bbox 1618 1492 1656 1521; x_wconf 90' lang='lat' dir='ltr'>M.</span> <span class='ocrx_word' id='word_1_442' title='bbox 1676 1492 1823 1520; x_wconf 87' lang='lat' dir='ltr'>Antonius</span> <span class='ocrx_word' id='word_1_443' title='bbox 1847 1491 1976 1531; x_wconf 85' lang='lat' dir='ltr'>Gnipho.</span> <span class='ocrx_word' id='word_1_444' title='bbox 2019 1488 2188 1519; x_wconf 83' lang='lat' dir='ltr'>Macrobius</span> 
     </span>
     <span class='ocr_line' id='line_1_32' title="bbox 244 1530 2189 1575; baseline -0.003 -9"><span class='ocrx_word' id='word_1_445' title='bbox 244 1539 316 1575; x_wconf 82' lang='lat' dir='ltr'>(Sat.</span> <span class='ocrx_word' id='word_1_446' title='bbox 329 1536 387 1572; x_wconf 84' lang='lat'>111,</span> <span class='ocrx_word' id='word_1_447' title='bbox 412 1536 490 1572; x_wconf 80' lang='lat'>12.):</span> <span class='ocrx_word' id='word_1_448' title='bbox 514 1534 586 1564; x_wconf 78' lang='lat' dir='ltr'>Item</span> <span class='ocrx_word' id='word_1_449' title='bbox 602 1535 753 1564; x_wconf 73' lang='lat' dir='ltr'>Antonius</span> <span class='ocrx_word' id='word_1_450' title='bbox 778 1533 911 1574; x_wconf 77' lang='lat' dir='ltr'>Gnipho,</span> <span class='ocrx_word' id='word_1_451' title='bbox 933 1535 978 1563; x_wconf 86' lang='lat' dir='ltr'>vir</span> <span class='ocrx_word' id='word_1_452' title='bbox 1001 1533 1120 1571; x_wconf 78' lang='lat' dir='ltr'>doctus,</span> <span class='ocrx_word' id='word_1_453' title='bbox 1144 1535 1225 1563; x_wconf 82' lang='lat' dir='ltr'>cuius</span> <span class='ocrx_word' id='word_1_454' title='bbox 1247 1532 1379 1563; x_wconf 76' lang='lat' dir='ltr'>scholam</span> <span class='ocrx_word' id='word_1_455' title='bbox 1402 1532 1501 1563; x_wconf 80' lang='lat' dir='ltr'>Cicero</span> <span class='ocrx_word' id='word_1_456' title='bbox 1521 1541 1588 1573; x_wconf 76' lang='lat' dir='ltr'>post</span> <span class='ocrx_word' id='word_1_457' title='bbox 1611 1533 1741 1562; x_wconf 81' lang='lat' dir='ltr'>laborem</span> <span class='ocrx_word' id='word_1_458' title='bbox 1759 1535 1824 1573; x_wconf 84' lang='lat' dir='ltr'>fori</span> <span class='ocrx_word' id='word_1_459' title='bbox 1839 1531 2064 1574; x_wconf 72' lang='lat' dir='ltr'>frequentabat,</span> <span class='ocrx_word' id='word_1_460' title='bbox 2088 1530 2189 1560; x_wconf 79' lang='lat' dir='ltr'>Salios</span> 
     </span>
     <span class='ocr_line' id='line_1_33' title="bbox 244 1574 2190 1617; baseline -0.004 -8"><span class='ocrx_word' id='word_1_461' title='bbox 244 1577 370 1609; x_wconf 82' lang='lat' dir='ltr'>Herculi</span> <span class='ocrx_word' id='word_1_462' title='bbox 392 1576 477 1606; x_wconf 80' lang='lat' dir='ltr'>datos</span> <span class='ocrx_word' id='word_1_463' title='bbox 496 1576 603 1617; x_wconf 81' lang='lat' dir='ltr'>probat</span> <span class='ocrx_word' id='word_1_464' title='bbox 625 1578 656 1606; x_wconf 85' lang='lat' dir='ltr'>in</span> <span class='ocrx_word' id='word_1_465' title='bbox 678 1588 711 1606; x_wconf 86' lang='lat' dir='ltr'>eo</span> <span class='ocrx_word' id='word_1_466' title='bbox 733 1576 893 1612; x_wconf 84' lang='lat' dir='ltr'>volumine,</span> <span class='ocrx_word' id='word_1_467' title='bbox 922 1587 980 1616; x_wconf 85' lang='lat' dir='ltr'>quo</span> <span class='ocrx_word' id='word_1_468' title='bbox 1004 1575 1152 1615; x_wconf 75' lang='lat' dir='ltr'>disputat,</span> <span class='ocrx_word' id='word_1_469' title='bbox 1184 1574 1256 1615; x_wconf 80' lang='lat' dir='ltr'>quid</span> <span class='ocrx_word' id='word_1_470' title='bbox 1277 1577 1314 1604; x_wconf 79' lang='lat' dir='ltr'>sit</span> <span class='ocrx_word' id='word_1_471' title='bbox 1338 1575 1454 1612; x_wconf 76' lang='lat' dir='ltr'>Festra,</span> <span class='ocrx_word' id='word_1_472' title='bbox 1487 1575 1567 1616; x_wconf 80' lang='lat' dir='ltr'>quotl</span> <span class='ocrx_word' id='word_1_473' title='bbox 1589 1583 1630 1604; x_wconf 83' lang='lat' dir='ltr'>est</span> <span class='ocrx_word' id='word_1_474' title='bbox 1652 1576 1757 1604; x_wconf 78' lang='lat' dir='ltr'>ostium</span> <span class='ocrx_word' id='word_1_475' title='bbox 1779 1575 1972 1605; x_wconf 81' lang='lat' dir='ltr'>minusculum</span> <span class='ocrx_word' id='word_1_476' title='bbox 1994 1575 2025 1603; x_wconf 84' lang='lat' dir='ltr'>in</span> <span class='ocrx_word' id='word_1_477' title='bbox 2047 1574 2190 1610; x_wconf 80' lang='lat' dir='ltr'>sacrario,</span> 
     </span>
     <span class='ocr_line' id='line_1_34' title="bbox 245 1615 2191 1663; baseline -0.003 -13"><span class='ocrx_word' id='word_1_478' title='bbox 245 1633 302 1663; x_wconf 84' lang='lat' dir='ltr'>quo</span> <span class='ocrx_word' id='word_1_479' title='bbox 324 1619 409 1650; x_wconf 81' lang='lat' dir='ltr'>verbo</span> <span class='ocrx_word' id='word_1_480' title='bbox 431 1618 542 1648; x_wconf 78' lang='lat' dir='ltr'>Ennius</span> <span class='ocrx_word' id='word_1_481' title='bbox 564 1620 652 1648; x_wconf 74' lang='lat' dir='ltr'>etiam</span> <span class='ocrx_word' id='word_1_482' title='bbox 674 1631 743 1648; x_wconf 74' lang='lat' dir='ltr'>usus</span> <span class='ocrx_word' id='word_1_483' title='bbox 766 1626 815 1650; x_wconf 77' lang='lat' dir='ltr'>esi.</span> <span class='ocrx_word' id='word_1_484' title='bbox 859 1619 901 1647; x_wconf 84' lang='lat' dir='ltr'>Ita</span> <span class='ocrx_word' id='word_1_485' title='bbox 923 1618 1095 1647; x_wconf 88' lang='lat' dir='ltr'>iamdudum</span> <span class='ocrx_word' id='word_1_486' title='bbox 1118 1617 1276 1655; x_wconf 85' lang='lat' dir='ltr'>legendum</span> <span class='ocrx_word' id='word_1_487' title='bbox 1297 1618 1328 1646; x_wconf 89' lang='lat' dir='ltr'>in</span> <span class='ocrx_word' id='word_1_488' title='bbox 1350 1618 1501 1646; x_wconf 87' lang='lat' dir='ltr'>Macrobio</span> <span class='ocrx_word' id='word_1_489' title='bbox 1523 1618 1666 1656; x_wconf 88' lang='lat' dir='ltr'>suspicati</span> <span class='ocrx_word' id='word_1_490' title='bbox 1688 1627 1808 1655; x_wconf 84' lang='lat' dir='ltr'>sumus,</span> <span class='ocrx_word' id='word_1_491' title='bbox 1834 1628 1902 1646; x_wconf 91' lang='lat' dir='ltr'>cum</span> <span class='ocrx_word' id='word_1_492' title='bbox 1925 1627 1994 1646; x_wconf 88' lang='lat' dir='ltr'>ecce</span> <span class='ocrx_word' id='word_1_493' title='bbox 2018 1615 2191 1645; x_wconf 84' lang='lat' dir='ltr'>confirmata</span> 
     </span>
     <span class='ocr_line' id='line_1_35' title="bbox 247 1658 2190 1699; baseline -0.004 -6"><span class='ocrx_word' id='word_1_494' title='bbox 247 1670 290 1694; x_wconf 90' lang='lat' dir='ltr'>est</span> <span class='ocrx_word' id='word_1_495' title='bbox 317 1662 463 1692; x_wconf 86' lang='lat' dir='ltr'>sententia</span> <span class='ocrx_word' id='word_1_496' title='bbox 491 1667 592 1690; x_wconf 82' lang='lat' dir='ltr'>nostra</span> <span class='ocrx_word' id='word_1_497' title='bbox 622 1662 700 1690; x_wconf 91' lang='lat' dir='ltr'>libro</span> <span class='ocrx_word' id='word_1_498' title='bbox 722 1661 865 1690; x_wconf 89' lang='lat' dir='ltr'>Macrobii</span> <span class='ocrx_word' id='word_1_499' title='bbox 894 1660 1115 1699; x_wconf 69' lang='lat' dir='ltr'>manuscripto,</span> <span class='ocrx_word' id='word_1_500' title='bbox 1153 1660 1236 1689; x_wconf 88' lang='lat' dir='ltr'>cuius</span> <span class='ocrx_word' id='word_1_501' title='bbox 1258 1660 1373 1699; x_wconf 89' lang='lat' dir='ltr'>copiam</span> <span class='ocrx_word' id='word_1_502' title='bbox 1395 1660 1481 1688; x_wconf 77' lang='lat' dir='ltr'>nubis</span> <span class='ocrx_word' id='word_1_503' title='bbox 1505 1660 1575 1689; x_wconf 85' lang='lat' dir='ltr'>secit</span> <span class='ocrx_word' id='word_1_504' title='bbox 1597 1659 1812 1689; x_wconf 84' lang='lat' dir='ltr'>eruditissimus</span> <span class='ocrx_word' id='word_1_505' title='bbox 1835 1671 1869 1689; x_wconf 91' lang='lat' dir='ltr'>ac</span> <span class='ocrx_word' id='word_1_506' title='bbox 1892 1660 1983 1689; x_wconf 89' lang='lat' dir='ltr'>totius</span> <span class='ocrx_word' id='word_1_507' title='bbox 2007 1658 2190 1697; x_wconf 86' lang='lat' dir='ltr'>antiquitatis</span> 
     </span>
     <span class='ocr_line' id='line_1_36' title="bbox 246 1701 2191 1745; baseline -0.004 -10"><span class='ocrx_word' id='word_1_508' title='bbox 246 1707 380 1745; x_wconf 85' lang='lat' dir='ltr'>iurisque</span> <span class='ocrx_word' id='word_1_509' title='bbox 405 1704 501 1733; x_wconf 84' lang='lat' dir='ltr'>civilis</span> <span class='ocrx_word' id='word_1_510' title='bbox 523 1704 766 1743; x_wconf 88' lang='lat' dir='ltr'>promptuarium</span> <span class='ocrx_word' id='word_1_511' title='bbox 788 1704 891 1732; x_wconf 85' lang='lat' dir='ltr'>Petrus</span> <span class='ocrx_word' id='word_1_512' title='bbox 914 1703 1072 1739; x_wconf 88' lang='lat' dir='ltr'>Pithoeus,</span> <span class='ocrx_word' id='word_1_513' title='bbox 1098 1702 1210 1732; x_wconf 90' lang='lat' dir='ltr'>amicus</span> <span class='ocrx_word' id='word_1_514' title='bbox 1233 1708 1343 1731; x_wconf 85' lang='lat' dir='ltr'>noster.</span> <span class='ocrx_word' id='word_1_515' title='bbox 1366 1702 1464 1732; x_wconf 87' lang='lat' dir='ltr'>Scal.</span> <span class='ocrx_word' id='word_1_516' title='bbox 1508 1701 1645 1731; x_wconf 83' lang='lat' dir='ltr'>Fenestra</span> <span class='ocrx_word' id='word_1_517' title='bbox 1669 1713 1684 1731; x_wconf 90' lang='lat' dir='ltr'>a</span> <span class='ocrx_word' id='word_1_518' title='bbox 1708 1703 1843 1740; x_wconf 82' lang='grc' dir='ltr'><strong><em>φανίζω,</em></strong></span> <span class='ocrx_word' id='word_1_519' title='bbox 1865 1702 1949 1741; x_wconf 88' lang='lat' dir='ltr'>quasi</span> <span class='ocrx_word' id='word_1_520' title='bbox 1964 1701 2114 1740; x_wconf 78' lang='lat' dir='ltr'>fanestra,</span> <span class='ocrx_word' id='word_1_521' title='bbox 2136 1710 2191 1740; x_wconf 85' lang='lat' dir='ltr'>per</span> 
     </span>
     <span class='ocr_line' id='line_1_37' title="bbox 250 1742 2191 1787; baseline -0.002 -10"><span class='ocrx_word' id='word_1_522' title='bbox 250 1758 399 1787; x_wconf 86' lang='lat' dir='ltr'>syncopen</span> <span class='ocrx_word' id='word_1_523' title='bbox 416 1747 529 1786; x_wconf 61' lang='lat' dir='ltr'>sesua,</span> <span class='ocrx_word' id='word_1_524' title='bbox 553 1747 611 1775; x_wconf 90' lang='lat' dir='ltr'>nisi</span> <span class='ocrx_word' id='word_1_525' title='bbox 627 1747 721 1785; x_wconf 74' lang='lat' dir='ltr'>festra</span> <span class='ocrx_word' id='word_1_526' title='bbox 745 1747 919 1785; x_wconf 88' lang='lat' dir='ltr'>simpliciter</span> <span class='ocrx_word' id='word_1_527' title='bbox 940 1746 979 1774; x_wconf 83' lang='lat' dir='ltr'>sit</span> <span class='ocrx_word' id='word_1_528' title='bbox 1001 1757 1016 1774; x_wconf 93' lang='lat' dir='ltr'>a</span> <span class='ocrx_word' id='word_1_529' title='bbox 1040 1742 1126 1784; x_wconf 76' lang='grc' dir='ltr'><em>φάω,</em></span> <span class='ocrx_word' id='word_1_530' title='bbox 1150 1750 1183 1774; x_wconf 92' lang='lat' dir='ltr'>ut</span> <span class='ocrx_word' id='word_1_531' title='bbox 1207 1745 1321 1783; x_wconf 81' lang='lat' dir='ltr'>putavit</span> <span class='ocrx_word' id='word_1_532' title='bbox 1341 1745 1470 1774; x_wconf 87' lang='lat' dir='ltr'>Vossius.</span> <span class='ocrx_word' id='word_1_533' title='bbox 1514 1745 1616 1784; x_wconf 85' lang='lat' dir='ltr'>Neque</span> <span class='ocrx_word' id='word_1_534' title='bbox 1631 1744 1727 1783; x_wconf 79' lang='lat' dir='ltr'>fesira</span> <span class='ocrx_word' id='word_1_535' title='bbox 1749 1746 1807 1774; x_wconf 83' lang='lat' dir='ltr'>suit</span> <span class='ocrx_word' id='word_1_536' title='bbox 1828 1745 1948 1784; x_wconf 86' lang='lat' dir='ltr'>quaevis</span> <span class='ocrx_word' id='word_1_537' title='bbox 1971 1745 2116 1781; x_wconf 79' lang='lat' dir='ltr'>fenestra,</span> <span class='ocrx_word' id='word_1_538' title='bbox 2138 1752 2191 1782; x_wconf 83' lang='lat' dir='ltr'>per</span> 
     </span>
     <span class='ocr_line' id='line_1_38' title="bbox 251 1788 1292 1829; baseline -0.004 -9"><span class='ocrx_word' id='word_1_539' title='bbox 251 1802 335 1829; x_wconf 89' lang='lat' dir='ltr'>quam</span> <span class='ocrx_word' id='word_1_540' title='bbox 357 1791 411 1819; x_wconf 83' lang='lat' dir='ltr'>lux</span> <span class='ocrx_word' id='word_1_541' title='bbox 433 1791 574 1826; x_wconf 85' lang='lat' dir='ltr'>intraret,</span> <span class='ocrx_word' id='word_1_542' title='bbox 599 1789 648 1818; x_wconf 79' lang='lat' dir='ltr'>sed</span> <span class='ocrx_word' id='word_1_543' title='bbox 674 1789 871 1818; x_wconf 90' lang='lat' dir='ltr'>minusculum</span> <span class='ocrx_word' id='word_1_544' title='bbox 893 1789 1017 1817; x_wconf 86' lang='lat' dir='ltr'>sacrarii</span> <span class='ocrx_word' id='word_1_545' title='bbox 1040 1788 1157 1817; x_wconf 72' lang='lat' dir='ltr'>ostium.</span> <span class='ocrx_word' id='word_1_546' title='bbox 1201 1788 1292 1817; x_wconf 85' lang='lat' dir='ltr'>Dae.</span> 
     </span>
    </p>
   </div>
   <div class='ocr_carea' id='block_1_3' title="bbox 257 1836 2191 2049">
    <p class='ocr_par' dir='ltr' id='par_1_8' title="bbox 257 1836 2191 2049">
     <span class='ocr_line' id='line_1_39' title="bbox 411 1836 2162 1879; baseline -0.002 -10"><span class='ocrx_word' id='word_1_547' title='bbox 411 1839 582 1870; x_wconf 86' lang='lat' dir='ltr'>Firmum.</span> <span class='ocrx_word' id='word_1_548' title='bbox 629 1840 652 1868; x_wconf 80' lang='lat' dir='ltr'><strong>A</strong></span> <span class='ocrx_word' id='word_1_549' title='bbox 676 1840 791 1869; x_wconf 85' lang='lat' dir='ltr'>Graeco</span> <span class='ocrx_word' id='word_1_550' title='bbox 813 1839 887 1879; x_wconf 79' lang='grc' dir='ltr'>ἕρμα</span> <span class='ocrx_word' id='word_1_551' title='bbox 909 1840 1058 1875; x_wconf 78' lang='lat' dir='ltr'>fulcrum,</span> <span class='ocrx_word' id='word_1_552' title='bbox 1081 1838 1317 1875; x_wconf 87' lang='lat' dir='ltr'>firmamentum,</span> <span class='ocrx_word' id='word_1_553' title='bbox 1339 1838 1398 1867; x_wconf 86' lang='lat' dir='ltr'>nisi</span> <span class='ocrx_word' id='word_1_554' title='bbox 1420 1838 1504 1867; x_wconf 85' lang='lat' dir='ltr'>malis</span> <span class='ocrx_word' id='word_1_555' title='bbox 1528 1848 1595 1866; x_wconf 89' lang='lat' dir='ltr'>cum</span> <span class='ocrx_word' id='word_1_556' title='bbox 1618 1837 1725 1867; x_wconf 89' lang='lat' dir='ltr'>Vossio</span> <span class='ocrx_word' id='word_1_557' title='bbox 1747 1838 1784 1867; x_wconf 87' lang='lat' dir='ltr'>ab</span> <span class='ocrx_word' id='word_1_558' title='bbox 1805 1836 1906 1878; x_wconf 80' lang='grc' dir='ltr'><strong><em>εἷρμος</em></strong></span> <span class='ocrx_word' id='word_1_559' title='bbox 1927 1849 2031 1867; x_wconf 75' lang='lat' dir='ltr'>nexus.</span> <span class='ocrx_word' id='word_1_560' title='bbox 2077 1836 2162 1866; x_wconf 75' lang='lat' dir='ltr'>Duc.</span> 
     </span>
     <span class='ocr_line' id='line_1_40' title="bbox 415 1881 1186 1920; baseline 0 -10"><span class='ocrx_word' id='word_1_561' title='bbox 415 1881 582 1912; x_wconf 78' lang='lat' dir='ltr'>Frausus</span> <span class='ocrx_word' id='word_1_562' title='bbox 603 1883 684 1913; x_wconf 74' lang='lat' dir='ltr'>erit.</span> <span class='ocrx_word' id='word_1_563' title='bbox 728 1883 823 1911; x_wconf 84' lang='lat' dir='ltr'>Plaut.</span> <span class='ocrx_word' id='word_1_564' title='bbox 842 1883 1015 1918; x_wconf 85' lang='lat' dir='ltr'>Asinar.ll,</span> <span class='ocrx_word' id='word_1_565' title='bbox 1038 1884 1068 1912; x_wconf 78' lang='lat'>2.</span> <span class='ocrx_word' id='word_1_566' title='bbox 1091 1881 1186 1920; x_wconf 78' lang='lat'><strong>(20.):</strong></span> 
     </span>
     <span class='ocr_line' id='line_1_41' title="bbox 760 1921 1656 1963; baseline -0.003 -9"><span class='ocrx_word' id='word_1_567' title='bbox 760 1925 865 1954; x_wconf 80' lang='lat' dir='ltr'>Metuo</span> <span class='ocrx_word' id='word_1_568' title='bbox 887 1926 918 1953; x_wconf 85' lang='lat' dir='ltr'>in</span> <span class='ocrx_word' id='word_1_569' title='bbox 942 1935 1107 1959; x_wconf 85' lang='lat' dir='ltr'>commune,</span> <span class='ocrx_word' id='word_1_570' title='bbox 1139 1935 1173 1952; x_wconf 87' lang='lat' dir='ltr'>ne</span> <span class='ocrx_word' id='word_1_571' title='bbox 1194 1934 1281 1963; x_wconf 86' lang='lat' dir='ltr'>quam</span> <span class='ocrx_word' id='word_1_572' title='bbox 1297 1921 1435 1961; x_wconf 71' lang='lat' dir='ltr'>fraudem</span> <span class='ocrx_word' id='word_1_573' title='bbox 1452 1922 1573 1960; x_wconf 70' lang='lat' dir='ltr'>frausus</span> <span class='ocrx_word' id='word_1_574' title='bbox 1594 1923 1656 1951; x_wconf 78' lang='lat' dir='ltr'>siet.</span> 
     </span>
     <span class='ocr_line' id='line_1_42' title="bbox 257 1963 2191 2007; baseline 0 -15"><span class='ocrx_word' id='word_1_575' title='bbox 257 1964 356 1992; x_wconf 79' lang='lat' dir='ltr'>Livius</span> <span class='ocrx_word' id='word_1_576' title='bbox 378 1966 582 1997; x_wconf 74' lang='lat' dir='ltr'>lib.XXX11L</span> <span class='ocrx_word' id='word_1_577' title='bbox 606 1967 700 2005; x_wconf 82' lang='lat'>(14.):</span> <span class='ocrx_word' id='word_1_578' title='bbox 726 1966 785 2006; x_wconf 82' lang='lat' dir='ltr'>Qui</span> <span class='ocrx_word' id='word_1_579' title='bbox 806 1966 953 2007; x_wconf 77' lang='lat' dir='ltr'>capitalen</span> <span class='ocrx_word' id='word_1_580' title='bbox 969 1965 1106 2005; x_wconf 79' lang='lat' dir='ltr'>srauclem</span> <span class='ocrx_word' id='word_1_581' title='bbox 1130 1967 1211 2002; x_wconf 80' lang='lat' dir='ltr'>ausi,</span> <span class='ocrx_word' id='word_1_582' title='bbox 1235 1966 1341 2005; x_wconf 83' lang='lat' dir='ltr'>quique</span> <span class='ocrx_word' id='word_1_583' title='bbox 1359 1966 1500 2005; x_wconf 85' lang='lat' dir='ltr'>pecuniae</span> <span class='ocrx_word' id='word_1_584' title='bbox 1520 1963 1647 1995; x_wconf 78' lang='lat' dir='ltr'>iudicati</span> <span class='ocrx_word' id='word_1_585' title='bbox 1668 1965 1698 1994; x_wconf 85' lang='lat' dir='ltr'>in</span> <span class='ocrx_word' id='word_1_586' title='bbox 1720 1963 1845 1994; x_wconf 80' lang='lat' dir='ltr'>vinculis</span> <span class='ocrx_word' id='word_1_587' title='bbox 1867 1971 1966 1995; x_wconf 72' lang='lat' dir='ltr'>essent.</span> <span class='ocrx_word' id='word_1_588' title='bbox 2000 1964 2089 2003; x_wconf 85' lang='lat' dir='ltr'>Lege:</span> <span class='ocrx_word' id='word_1_589' title='bbox 2105 1963 2191 2002; x_wconf 84' lang='lat' dir='ltr'>frau-</span> 
     </span>
     <span class='ocr_line' id='line_1_43' title="bbox 259 2004 1491 2049; baseline 0.002 -15"><span class='ocrx_word' id='word_1_590' title='bbox 259 2004 322 2034; x_wconf 72' lang='lat' dir='ltr'>dem</span> <span class='ocrx_word' id='word_1_591' title='bbox 336 2006 441 2044; x_wconf 77' lang='lat' dir='ltr'>srausi.</span> <span class='ocrx_word' id='word_1_592' title='bbox 464 2008 561 2039; x_wconf 84' lang='lat' dir='ltr'>Scal.</span> <span class='ocrx_word' id='word_1_593' title='bbox 607 2010 680 2038; x_wconf 87' lang='lat' dir='ltr'>Vide</span> <span class='ocrx_word' id='word_1_594' title='bbox 702 2010 829 2038; x_wconf 90' lang='lat' dir='ltr'>Nonium</span> <span class='ocrx_word' id='word_1_595' title='bbox 852 2009 931 2049; x_wconf 88' lang='lat' dir='ltr'>(pag.</span> <span class='ocrx_word' id='word_1_596' title='bbox 945 2012 1015 2041; x_wconf 79' lang='lat'>112.</span> <span class='ocrx_word' id='word_1_597' title='bbox 1040 2009 1130 2038; x_wconf 86' lang='lat' dir='ltr'>Merc.</span> <span class='ocrx_word' id='word_1_598' title='bbox 1150 2018 1179 2037; x_wconf 88' lang='lat' dir='ltr'>v.</span> <span class='ocrx_word' id='word_1_599' title='bbox 1198 2007 1359 2046; x_wconf 83' lang='lat' dir='ltr'>Frausus.).</span> <span class='ocrx_word' id='word_1_600' title='bbox 1403 2007 1491 2037; x_wconf 84' lang='lat' dir='ltr'>Dae.</span> 
     </span>
    </p>
   </div>
   <div class='ocr_carea' id='block_1_4' title="bbox 260 2055 2189 2142">
    <p class='ocr_par' dir='ltr' id='par_1_9' title="bbox 260 2055 2189 2142">
     <span class='ocr_line' id='line_1_44' title="bbox 421 2055 2189 2099; baseline 0.001 -15"><span class='ocrx_word' id='word_1_601' title='bbox 421 2055 554 2088; x_wconf 87' lang='lat' dir='ltr'>Faleri.</span> <span class='ocrx_word' id='word_1_602' title='bbox 597 2061 631 2090; x_wconf 86' lang='lat' dir='ltr'><em>A</em></span> <span class='ocrx_word' id='word_1_603' title='bbox 653 2060 717 2098; x_wconf 88' lang='lat' dir='ltr'>fale</span> <span class='ocrx_word' id='word_1_604' title='bbox 747 2059 859 2090; x_wconf 70' lang='lat' dir='ltr'>(licium</span> <span class='ocrx_word' id='word_1_605' title='bbox 880 2060 899 2088; x_wconf 93' lang='lat' dir='ltr'>l.</span> <span class='ocrx_word' id='word_1_606' title='bbox 922 2070 959 2089; x_wconf 91' lang='lat' dir='ltr'>m.</span> <span class='ocrx_word' id='word_1_607' title='bbox 981 2059 1071 2089; x_wconf 80' lang='lat' dir='ltr'>habet</span> <span class='ocrx_word' id='word_1_608' title='bbox 1097 2070 1152 2099; x_wconf 86' lang='lat' dir='ltr'>pro</span> <span class='ocrx_word' id='word_1_609' title='bbox 1174 2071 1192 2088; x_wconf 88' lang='grc' dir='ltr'><strong><em>α</em></strong></span> <span class='ocrx_word' id='word_1_610' title='bbox 1213 2057 1282 2088; x_wconf 82' lang='lat' dir='ltr'>sale.</span> <span class='ocrx_word' id='word_1_611' title='bbox 1310 2057 1414 2087; x_wconf 85' lang='lat' dir='ltr'>Fulv.</span> <span class='ocrx_word' id='word_1_612' title='bbox 1444 2057 1519 2087; x_wconf 84' lang='lat' dir='ltr'>Urs.</span> <span class='ocrx_word' id='word_1_613' title='bbox 1565 2057 1591 2087; x_wconf 82' lang='grc' dir='ltr'><strong>Α</strong></span> <span class='ocrx_word' id='word_1_614' title='bbox 1613 2058 1691 2094; x_wconf 77' lang='lat' dir='ltr'>sale,</span> <span class='ocrx_word' id='word_1_615' title='bbox 1725 2057 1806 2097; x_wconf 84' lang='lat' dir='ltr'>quod</span> <span class='ocrx_word' id='word_1_616' title='bbox 1836 2057 1917 2096; x_wconf 85' lang='lat' dir='ltr'>apud</span> <span class='ocrx_word' id='word_1_617' title='bbox 1947 2068 1996 2087; x_wconf 91' lang='lat' dir='ltr'>eos</span> <span class='ocrx_word' id='word_1_618' title='bbox 2026 2057 2070 2086; x_wconf 80' lang='lat' dir='ltr'>sal</span> <span class='ocrx_word' id='word_1_619' title='bbox 2098 2056 2189 2093; x_wconf 84' lang='lat' dir='ltr'>fieret,</span> 
     </span>
     <span class='ocr_line' id='line_1_45' title="bbox 260 2096 2064 2142; baseline 0 -15"><span class='ocrx_word' id='word_1_620' title='bbox 260 2097 343 2137; x_wconf 83' lang='lat' dir='ltr'>prius</span> <span class='ocrx_word' id='word_1_621' title='bbox 362 2096 471 2126; x_wconf 84' lang='lat' dir='ltr'>Halerii</span> <span class='ocrx_word' id='word_1_622' title='bbox 493 2100 572 2131; x_wconf 83' lang='lat' dir='ltr'>dicti.</span> <span class='ocrx_word' id='word_1_623' title='bbox 616 2103 673 2132; x_wconf 88' lang='lat' dir='ltr'>Sed</span> <span class='ocrx_word' id='word_1_624' title='bbox 697 2103 788 2141; x_wconf 87' lang='lat' dir='ltr'>magis</span> <span class='ocrx_word' id='word_1_625' title='bbox 808 2103 907 2142; x_wconf 87' lang='lat' dir='ltr'>placet</span> <span class='ocrx_word' id='word_1_626' title='bbox 928 2102 962 2130; x_wconf 91' lang='lat' dir='ltr'>ab</span> <span class='ocrx_word' id='word_1_627' title='bbox 983 2103 1089 2131; x_wconf 86' lang='lat' dir='ltr'>Haleso</span> <span class='ocrx_word' id='word_1_628' title='bbox 1113 2102 1284 2139; x_wconf 88' lang='lat' dir='ltr'>conditore,</span> <span class='ocrx_word' id='word_1_629' title='bbox 1307 2102 1386 2129; x_wconf 88' lang='lat' dir='ltr'>unde</span> <span class='ocrx_word' id='word_1_630' title='bbox 1409 2105 1437 2128; x_wconf 83' lang='lat' dir='ltr'>et</span> <span class='ocrx_word' id='word_1_631' title='bbox 1460 2100 1575 2130; x_wconf 86' lang='lat' dir='ltr'>Falisci.</span> <span class='ocrx_word' id='word_1_632' title='bbox 1620 2101 1707 2132; x_wconf 82' lang='lat' dir='ltr'>ovid.</span> <span class='ocrx_word' id='word_1_633' title='bbox 1729 2101 1782 2129; x_wconf 90' lang='lat' dir='ltr'>lib.</span> <span class='ocrx_word' id='word_1_634' title='bbox 1796 2100 1846 2130; x_wconf 91' lang='lat' dir='ltr'>IV.</span> <span class='ocrx_word' id='word_1_635' title='bbox 1870 2101 1946 2129; x_wconf 67' lang='lat' dir='ltr'>fast.</span> <span class='ocrx_word' id='word_1_636' title='bbox 1971 2098 2064 2140; x_wconf 82' lang='lat'>(73.):</span> 
     </span>
    </p>
   </div>
   <div class='ocr_carea' id='block_1_5' title="bbox 874 2150 1562 2236">
    <p class='ocr_par' dir='ltr' id='par_1_10' title="bbox 874 2150 1562 2236">
     <span class='ocr_line' id='line_1_46' title="bbox 874 2150 1556 2191; baseline -0.001 -9"><span class='ocrx_word' id='word_1_637' title='bbox 874 2152 1001 2182; x_wconf 76' lang='lat' dir='ltr'>Venerat</span> <span class='ocrx_word' id='word_1_638' title='bbox 1025 2152 1148 2182; x_wconf 74' lang='lat' dir='ltr'>Atrides</span> <span class='ocrx_word' id='word_1_639' title='bbox 1163 2152 1239 2191; x_wconf 78' lang='lat' dir='ltr'>satis</span> <span class='ocrx_word' id='word_1_640' title='bbox 1259 2151 1403 2191; x_wconf 77' lang='lat' dir='ltr'>Agitatus</span> <span class='ocrx_word' id='word_1_641' title='bbox 1426 2150 1556 2181; x_wconf 77' lang='lat' dir='ltr'>Halesus</span> 
     </span>
     <span class='ocr_line' id='line_1_47' title="bbox 913 2192 1562 2236; baseline -0.005 -11"><span class='ocrx_word' id='word_1_642' title='bbox 913 2195 947 2224; x_wconf 90' lang='lat' dir='ltr'><em>A</em></span> <span class='ocrx_word' id='word_1_643' title='bbox 969 2207 1025 2236; x_wconf 86' lang='lat' dir='ltr'>quo</span> <span class='ocrx_word' id='word_1_644' title='bbox 1047 2208 1076 2225; x_wconf 83' lang='lat' dir='ltr'>se</span> <span class='ocrx_word' id='word_1_645' title='bbox 1098 2194 1207 2225; x_wconf 81' lang='lat' dir='ltr'>dictam</span> <span class='ocrx_word' id='word_1_646' title='bbox 1230 2202 1306 2223; x_wconf 76' lang='lat' dir='ltr'>terra</span> <span class='ocrx_word' id='word_1_647' title='bbox 1330 2192 1450 2223; x_wconf 80' lang='lat' dir='ltr'>Falisca</span> <span class='ocrx_word' id='word_1_648' title='bbox 1467 2201 1562 2233; x_wconf 69' lang='lat' dir='ltr'>putas.</span> 
     </span>
    </p>
   </div>
   <div class='ocr_carea' id='block_1_6' title="bbox 263 2240 1846 2285">
    <p class='ocr_par' dir='ltr' id='par_1_11' title="bbox 263 2240 1846 2285">
     <span class='ocr_line' id='line_1_48' title="bbox 263 2240 1846 2285; baseline 0.001 -15"><span class='ocrx_word' id='word_1_649' title='bbox 263 2241 350 2270; x_wconf 78' lang='lat' dir='ltr'>Dae.</span> <span class='ocrx_word' id='word_1_650' title='bbox 396 2240 529 2269; x_wconf 77' lang='lat' dir='ltr'>Fortasse</span> <span class='ocrx_word' id='word_1_651' title='bbox 550 2241 719 2279; x_wconf 83' lang='lat' dir='ltr'>legendum:</span> <span class='ocrx_word' id='word_1_652' title='bbox 748 2246 781 2275; x_wconf 86' lang='lat' dir='ltr'><em>A</em></span> <span class='ocrx_word' id='word_1_653' title='bbox 798 2245 895 2285; x_wconf 84' lang='lat' dir='ltr'>salere</span> <span class='ocrx_word' id='word_1_654' title='bbox 916 2245 1038 2279; x_wconf 79' lang='lat' dir='ltr'>dictum.</span> <span class='ocrx_word' id='word_1_655' title='bbox 1083 2247 1126 2276; x_wconf 83' lang='lat' dir='ltr'>Cf.</span> <span class='ocrx_word' id='word_1_656' title='bbox 1149 2257 1239 2285; x_wconf 87' lang='lat' dir='ltr'>supra</span> <span class='ocrx_word' id='word_1_657' title='bbox 1263 2250 1364 2274; x_wconf 89' lang='lat' dir='ltr'>notata</span> <span class='ocrx_word' id='word_1_658' title='bbox 1386 2256 1402 2273; x_wconf 90' lang='lat' dir='ltr'>a</span> <span class='ocrx_word' id='word_1_659' title='bbox 1421 2244 1494 2274; x_wconf 87' lang='lat' dir='ltr'>viris</span> <span class='ocrx_word' id='word_1_660' title='bbox 1515 2244 1611 2273; x_wconf 89' lang='lat' dir='ltr'>doctis</span> <span class='ocrx_word' id='word_1_661' title='bbox 1634 2244 1672 2273; x_wconf 87' lang='lat' dir='ltr'>ad</span> <span class='ocrx_word' id='word_1_662' title='bbox 1695 2254 1723 2273; x_wconf 90' lang='lat' dir='ltr'>v.</span> <span class='ocrx_word' id='word_1_663' title='bbox 1746 2243 1846 2273; x_wconf 87' lang='lat' dir='ltr'>Falae.</span> 
     </span>
    </p>
   </div>
   <div class='ocr_carea' id='block_1_7' title="bbox 261 2289 2189 2464">
    <p class='ocr_par' dir='ltr' id='par_1_12' title="bbox 261 2289 2189 2464">
     <span class='ocr_line' id='line_1_49' title="bbox 288 2289 2189 2339; baseline 0.001 -20"><span class='ocrx_word' id='word_1_664' title='bbox 288 2333 294 2339; x_wconf 23' lang='grc' dir='ltr'><strong><em>ἢ</em></strong></span> <span class='ocrx_word' id='word_1_665' title='bbox 427 2289 607 2339; x_wconf 55' lang='lat' dir='ltr'>Framare.</span> <span class='ocrx_word' id='word_1_666' title='bbox 651 2293 676 2321; x_wconf 84' lang='lat' dir='ltr'>A</span> <span class='ocrx_word' id='word_1_667' title='bbox 698 2293 818 2334; x_wconf 77' lang='grc' dir='ltr'><em>φράττω</em></span> <span class='ocrx_word' id='word_1_668' title='bbox 845 2297 965 2334; x_wconf 89' lang='lat' dir='ltr'>munio,</span> <span class='ocrx_word' id='word_1_669' title='bbox 1001 2297 1080 2335; x_wconf 87' lang='lat' dir='ltr'>quod</span> <span class='ocrx_word' id='word_1_670' title='bbox 1111 2297 1162 2335; x_wconf 91' lang='lat' dir='ltr'>qui</span> <span class='ocrx_word' id='word_1_671' title='bbox 1193 2297 1308 2335; x_wconf 82' lang='lat' dir='ltr'>vigilias</span> <span class='ocrx_word' id='word_1_672' title='bbox 1335 2297 1464 2333; x_wconf 89' lang='lat' dir='ltr'>obeunt,</span> <span class='ocrx_word' id='word_1_673' title='bbox 1500 2296 1522 2324; x_wconf 86' lang='lat' dir='ltr'>ii</span> <span class='ocrx_word' id='word_1_674' title='bbox 1545 2296 1604 2324; x_wconf 87' lang='lat' dir='ltr'>sint</span> <span class='ocrx_word' id='word_1_675' title='bbox 1625 2295 1707 2324; x_wconf 84' lang='lat' dir='ltr'>velut</span> <span class='ocrx_word' id='word_1_676' title='bbox 1729 2295 1855 2324; x_wconf 86' lang='lat' dir='ltr'>aliorum</span> <span class='ocrx_word' id='word_1_677' title='bbox 1878 2299 1995 2334; x_wconf 86' lang='lat' dir='ltr'>septum</span> <span class='ocrx_word' id='word_1_678' title='bbox 2016 2296 2103 2331; x_wconf 84' lang='lat' dir='ltr'>atque</span> <span class='ocrx_word' id='word_1_679' title='bbox 2123 2300 2189 2319; x_wconf 86' lang='lat' dir='ltr'>mu-</span> 
     </span>
     <span class='ocr_line' id='line_1_50' title="bbox 265 2332 2187 2384; baseline -0.002 -21"><span class='ocrx_word' id='word_1_680' title='bbox 265 2338 435 2362; x_wconf 64' lang='lat' dir='ltr'>nimentum.</span> <span class='ocrx_word' id='word_1_681' title='bbox 489 2333 583 2384; x_wconf 69' lang='lat' dir='ltr'>Aliter</span> <span class='ocrx_word' id='word_1_682' title='bbox 609 2336 699 2372; x_wconf 91' lang='lat' dir='ltr'>paulo</span> <span class='ocrx_word' id='word_1_683' title='bbox 728 2341 822 2366; x_wconf 86' lang='lat' dir='ltr'>tamen</span> <span class='ocrx_word' id='word_1_684' title='bbox 848 2340 975 2377; x_wconf 85' lang='lat' dir='ltr'>Scaliger</span> <span class='ocrx_word' id='word_1_685' title='bbox 1004 2340 1034 2368; x_wconf 86' lang='lat' dir='ltr'>in</span> <span class='ocrx_word' id='word_1_686' title='bbox 1066 2340 1284 2368; x_wconf 85' lang='lat' dir='ltr'>Coniectaneis:</span> <span class='ocrx_word' id='word_1_687' title='bbox 1329 2338 1428 2378; x_wconf 78' lang='lat' dir='ltr'>Frage</span> <span class='ocrx_word' id='word_1_688' title='bbox 1467 2339 1635 2378; x_wconf 76' lang='lat' dir='ltr'>antiquum,</span> <span class='ocrx_word' id='word_1_689' title='bbox 1676 2344 1707 2366; x_wconf 72' lang='lat' dir='ltr'>ui</span> <span class='ocrx_word' id='word_1_690' title='bbox 1741 2348 1836 2377; x_wconf 79' lang='lat' dir='ltr'>pago,</span> <span class='ocrx_word' id='word_1_691' title='bbox 1877 2344 1962 2376; x_wconf 78' lang='lat' dir='ltr'>tago,</span> <span class='ocrx_word' id='word_1_692' title='bbox 2005 2341 2045 2363; x_wconf 71' lang='lat' dir='ltr'>est</span> <span class='ocrx_word' id='word_1_693' title='bbox 2072 2332 2187 2369; x_wconf 78' lang='lat' dir='ltr'>lentare,</span> 
     </span>
     <span class='ocr_line' id='line_1_51' title="bbox 261 2374 2188 2421; baseline -0.005 -9"><span class='ocrx_word' id='word_1_694' title='bbox 261 2377 392 2414; x_wconf 55' lang='lat' dir='ltr'>fimum,</span> <span class='ocrx_word' id='word_1_695' title='bbox 422 2387 523 2414; x_wconf 70' lang='grc' dir='ltr'><strong><em>παρα</em></strong></span> <span class='ocrx_word' id='word_1_696' title='bbox 545 2374 584 2406; x_wconf 67' lang='grc' dir='ltr'>τὸ</span> <span class='ocrx_word' id='word_1_697' title='bbox 606 2375 783 2416; x_wconf 70' lang='lat' dir='ltr'>(pooiystv,</span> <span class='ocrx_word' id='word_1_698' title='bbox 818 2379 893 2408; x_wconf 70' lang='lat' dir='ltr'>unde</span> <span class='ocrx_word' id='word_1_699' title='bbox 915 2379 1120 2420; x_wconf 76' lang='grc' dir='ltr'><em>φράγνυμι,</em></span> <span class='ocrx_word' id='word_1_700' title='bbox 1150 2381 1229 2421; x_wconf 79' lang='lat' dir='ltr'>quod</span> <span class='ocrx_word' id='word_1_701' title='bbox 1250 2382 1396 2421; x_wconf 80' lang='lat' dir='ltr'>significat</span> <span class='ocrx_word' id='word_1_702' title='bbox 1418 2380 1543 2416; x_wconf 78' lang='lat' dir='ltr'>lentare,</span> <span class='ocrx_word' id='word_1_703' title='bbox 1577 2387 1607 2409; x_wconf 79' lang='lat' dir='ltr'>ut</span> <span class='ocrx_word' id='word_1_704' title='bbox 1630 2378 1740 2409; x_wconf 77' lang='lat' dir='ltr'>lentare</span> <span class='ocrx_word' id='word_1_705' title='bbox 1762 2390 1868 2408; x_wconf 81' lang='lat' dir='ltr'>remum</span> <span class='ocrx_word' id='word_1_706' title='bbox 1893 2375 2021 2417; x_wconf 74' lang='lat' dir='ltr'>Virgilio</span> <span class='ocrx_word' id='word_1_707' title='bbox 2041 2374 2121 2413; x_wconf 83' lang='lat' dir='ltr'>(Aen.</span> <span class='ocrx_word' id='word_1_708' title='bbox 2139 2374 2188 2410; x_wconf 88' lang='lat' dir='ltr'>Ill,</span> 
     </span>
     <span class='ocr_line' id='line_1_52' title="bbox 267 2415 2189 2464; baseline -0.002 -17"><span class='ocrx_word' id='word_1_709' title='bbox 267 2418 360 2455; x_wconf 78' lang='lat'>384.)</span> <span class='ocrx_word' id='word_1_710' title='bbox 388 2424 414 2446; x_wconf 77' lang='lat' dir='ltr'>et</span> <span class='ocrx_word' id='word_1_711' title='bbox 442 2416 550 2446; x_wconf 76' lang='lat' dir='ltr'>lentare</span> <span class='ocrx_word' id='word_1_712' title='bbox 577 2430 677 2448; x_wconf 80' lang='lat' dir='ltr'>arcum</span> <span class='ocrx_word' id='word_1_713' title='bbox 702 2418 799 2448; x_wconf 78' lang='lat' dir='ltr'>Statio</span> <span class='ocrx_word' id='word_1_714' title='bbox 829 2421 961 2460; x_wconf 81' lang='lat' dir='ltr'><strong>(Ach.1‚</strong></span> <span class='ocrx_word' id='word_1_715' title='bbox 984 2425 1078 2459; x_wconf 84' lang='lat'>436.).</span> <span class='ocrx_word' id='word_1_716' title='bbox 1123 2423 1174 2452; x_wconf 81' lang='lat' dir='ltr'>Ab</span> <span class='ocrx_word' id='word_1_717' title='bbox 1204 2434 1236 2452; x_wconf 82' lang='lat' dir='ltr'>eo</span> <span class='ocrx_word' id='word_1_718' title='bbox 1266 2421 1427 2464; x_wconf 70' lang='grc' dir='ltr'><em>φράγειν</em></span> <span class='ocrx_word' id='word_1_719' title='bbox 1456 2430 1482 2452; x_wconf 80' lang='lat' dir='ltr'>et</span> <span class='ocrx_word' id='word_1_720' title='bbox 1507 2419 1692 2462; x_wconf 78' lang='grc' dir='ltr'><strong><em>φράττειν</em></strong></span> <span class='ocrx_word' id='word_1_721' title='bbox 1720 2421 1782 2450; x_wconf 75' lang='lat' dir='ltr'>dici</span> <span class='ocrx_word' id='word_1_722' title='bbox 1807 2428 1937 2459; x_wconf 75' lang='lat' dir='ltr'>coeptum</span> <span class='ocrx_word' id='word_1_723' title='bbox 1957 2429 2010 2458; x_wconf 85' lang='lat' dir='ltr'>pro</span> <span class='ocrx_word' id='word_1_724' title='bbox 2032 2415 2142 2446; x_wconf 82' lang='lat' dir='ltr'>ambire</span> <span class='ocrx_word' id='word_1_725' title='bbox 2163 2423 2189 2445; x_wconf 76' lang='lat' dir='ltr'>et</span> 
     </span>
    </p>
   </div>
  </div>
 </body>
</html>
