2263 2668
415 136 481 170 DE
506 135 782 172 VERBORUM
809 131 1198 170 SIGNIFICATIONE
1229 133 1544 170 FRAGMENTA.
1796 134 1869 169 185

98 233 210 268 unde*
237 236 269 265 et
291 232 363 276 ipsa
385 231 543 276 gannitio.
597 230 749 275 Niquis
773 230 902 264 scivit
929 227 1076 262 centuria
1103 231 1167 270 est,
1195 239 1282 271 quae
1309 229 1430 263 dicitur
1455 242 1475 263 a
1496 228 1614 263 Servio
1641 228 1757 262 Tullio
1784 241 1867 275 rege
1894 237 1932 265 Ὗ.
1950 239 2010 266 inde

98 284 290 324 constituta,
316 284 348 316 in
374 294 439 327 qua
465 283 580 317 liceret
606 282 636 315 ei
661 282 859 327 suffragium
880 281 983 322 ferre,
1008 279 1066 322 qui
1092 290 1158 311 non
1184 280 1309 313 tulisset
1334 281 1368 313 in
1394 293 1471 323 sua,
1494 281 1610 324 nequis
1637 280 1716 314 civis
1743 280 1865 315 suffra-

98 337 145 382 gii
172 336 241 368 iure
276 336 476 379 privaretur,
510 346 587 367 nam
617 334 789 368 scisscito*
824 333 989 378 significat
1014 330 1207 363 sententiam
1244 331 1347 364 dicito
1361 333 1398 371 **,
1434 344 1473 366 ac
1508 333 1705 377 suffragium
1732 333 1818 365 ferto
1829 336 1863 376 †,
1882 322 2021 384 :f·s⁵2¹.⁵⁰⁰

97 387 188 422 unde
213 387 293 420 scita
318 387 438 431 plebis.
467 386 526 418 sed
552 386 584 418 in
612 397 651 418 ea
678 385 841 425 centuria,
859 395 965 427 neque
992 387 1144 416 censetur
1171 383 1415 427 quicquam-1⁰13
1449 396 1558 427 neque
1585 384 1732 419 centurio
1763 396 1863 428 prae·
1890 378 1937 424 ΗΖ
1956 368 2022 425 ςέἷὲζ

97 439 223 479 ficitur,
249 450 358 481 neque
384 437 571 471 centurialis
598 442 710 481 potest
735 448 820 477 esse,
847 437 925 479 quia
950 445 1056 467 nemo.
1078 439 1185 468 certus
1212 439 1260 467 est
1287 435 1356 468 eius
1387 436 1561 469 centuriae.
1591 442 1638 468 est
1667 440 1777 469 autem
1804 427 1913 470 ne-††
1923 428 1940 452 f·
1969 429 2038 462 ‘¹⁰³⁵'

97 491 193 535 quis*
219 490 327 531 scivit,
355 489 412 521 nisi
438 489 509 532 quis
536 489 637 522 scivit.
691 484 948 533 Ningulus2‚
978 486 1096 525 nullus,
1124 490 1160 517 ut
1184 486 1309 518 Ennius
1338 487 1376 519 L.
1398 487 1440 520 11.
1890 471 2022 530 ’θιῗὶᾞῖἧ

200 541 270 585 qui
293 541 409 574 ferro
434 539 647 582 minitere,
684 544 811 582 atque
837 539 950 571 inte*
977 537 1220 570 ninculus**
1246 538 1411 571 mederi
1437 543 1571 581 queat.
1871 539 2006 585 ‘st-nite

98 591 257 638 Niger-“³
283 592 397 636 lapis
423 592 455 624 in
478 591 623 625 Comitio
650 591 764 624 locum
794 591 957 624 funestum
983 589 1162 634 significat,
1195 593 1232 621 ut
1258 589 1301 622 ali
1312 590 1334 631 *,
1365 590 1503 622 Romuli
1530 591 1627 622 morti
1653 589 1861 624 destinatum.
1888 574 2038 640 ‘fkmgffiulus

113 641 217 694 nSed
240 655 305 676 non
334 655 393 676 usu
420 643 574 683 obvenit,
601 646 637 675 ut
662 643 710 676 ibi
722 643 940 687 sepeliretur,
965 641 1029 674 sed
1045 640 1247 674 Faustulum
1267 642 1445 674 nutricium
1464 642 1535 674 eius
1561 641 1608 674 ibi
1637 641 1755 686 sepul-
1783 640 1863 687 [26]

99 700 170 729 tum
188 695 321 741 fuisse,
345 699 377 728 et
397 694 595 741 Quintilium
617 706 714 727 avum
740 695 765 726 ti
818 720 824 726 .
878 720 886 727 .
940 719 946 726 .
1001 693 1059 737 qui
1073 692 1217 725 Romuli
1238 696 1363 737 partes
1388 692 1597 737 sequebatur
1623 693 1714 725 cuius
1737 693 1864 726 familia

98 748 196 781 dicta
226 746 411 793 Quintilia,
438 747 538 779 iuxta
565 746 834 791 appellationem
861 745 937 778 eius.
990 743 1032 777 N
1037 755 1163 776 anum
1195 743 1329 777 Graeci
1354 755 1419 777 vas
1447 745 1633 788 aquarium
1660 744 1780 777 dicunt
1798 744 1866 778 hu-

99 800 236 832 milem*
261 802 292 831 ct
318 809 525 841 concavum,
549 797 642 842 quod
667 798 777 843 vulgo
803 800 928 830 vocant
954 796 1094 829 situlum
1114 795 1309 838 barbatum,
1336 796 1429 829 unde
1448 796 1548 837 nani,
1571 796 1780 841 pumiliones
1798 807 1865 842 ap-
1884 802 2022 830 ‘fihumile

93 851 288 896 pellantur.

263 903 418 935 Necem
445 902 635 946 suspicatur
662 901 804 935 Verrius
826 912 850 934 a
881 900 1022 934 Graeco
1049 901 1149 934 duci.-
1175 911 1259 933 nam
1286 900 1338 933 illi
1364 897 1509 944 necyn4,
1536 902 1707 932 mortuum
1734 900 1863 933 dicunt.

100 953 190 986 Inde
210 964 272 986 nos
294 954 458 993 dicimus,
485 954 617 988 necida.
669 954 817 987 Nivem
855 952 997 986 Verrius
1023 953 1275 998 interpretatur
1305 963 1431 985 novum
1467 962 1510 984 ex
1547 951 1704 991 Graeco,
1749 952 1806 995 qui
1831 950 1868 983 id

99 1003 213 1038 neon5
244 1005 373 1040 dicunt.
434 1004 475 1038 N
522 1030 529 1037 .
584 1032 591 1039 .
646 1031 653 1037 .
705 1005 878 1050 significat
913 1004 958 1038 da
1019 1029 1303 1039 .....
1364 1002 1644 1048 Nequinates
1671 1002 1756 1035 dicti
1789 1006 1868 1036 sunt

98 1057 275 1090 Narnensis
286 1058 309 1098 *,
336 1057 395 1101 qui
420 1068 439 1089 e
458 1055 617 1101 Nequino
644 1057 775 1102 oppido
809 1057 925 1090 eiectis
953 1056 1077 1090 colonis
1104 1054 1272 1089 veteribus
1299 1054 1347 1088 ibi
1374 1054 1589 1088 habitarunt.
1656 1053 1744 1087 Cato
1767 1054 1801 1087 in
1824 1048 2038 1086 ea’flNamiess·

99 1108 284 1141 adversus*
310 1109 342 1140 X
368 1108 561 1141 hominibus
612 1133 1113 1143 .........
1166 1108 1420 1152 Negotium,
1462 1105 1554 1149 quod
1588 1116 1653 1138 non
1675 1105 1717 1137 sil
1752 1092 2041 1144 0¹311711·*s.;.e'l³her-

100 1159 252 1193 Navos
275 1171 299 1192 a
324 1160 424 1193 navis
451 1160 642 1200 celeritate,
676 1171 764 1203 quae
798 1159 1016 1193 velocissima
1046 1163 1112 1202 est,
1140 1159 1300 1192 dicimus.
1359 1157 1586 1191 Numidae
1612 1156 1769 1189 dicuntur
1795 1157 1867 1189 No·
1900 1161 1963 1179 mum
1982 1153 2015 1178 (ἴε

98 1211 236 1255 mades,
262 1211 320 1256 qui
347 1211 477 1244 diutius
502 1211 617 1245 vivere
643 1211 824 1253 dicuntur,
851 1211 941 1244 unde
965 1211 1050 1245 Cato
1073 1212 1106 1244 in
1159 1236 1167 1244 .
1221 1237 1228 1244 .
1283 1236 1290 1243 .
1345 1237 1352 1244 .
1405 1208 1585 1242 Numidas
1610 1208 1750 1241 vivaces
1775 1208 1868 1253 quod

99 1263 238 1296 multam
264 1263 377 1295 vivunt
404 1266 574 1303 aetatem,
602 1262 701 1296 dixit.
755 1262 900 1296 Nuces
920 1261 1064 1296 mittiss
1092 1262 1276 1296 Cerialibus
1305 1261 1427 1307 Capito
1457 1260 1598 1294 Sinnius
1625 1260 1763 1292 solitum
1798 1270 1869 1292 esse

100 1315 171 1348 dici
197 1315 259 1356 ait,
287 1324 363 1347 cum
389 1315 563 1347 vellimus*
588 1313 810 1361 significare,
837 1315 986 1347 missilia
1016 1314 1210 1348 Cerialibus
1231 1314 1264 1347 in
1290 1313 1390 1347 Circo
1418 1312 1521 1353 mitti,
1549 1312 1643 1356 quod
1677 1322 1755 1344 cum
1782 1311 1915 1343 mitti'f·
1929 1312 2033 1339 velimus

98 1376 203 1399 nuces
228 1377 302 1398 mos
323 1371 425 1409 esset,
454 1366 555 1410 plane
580 1366 734 1399 volumus
762 1378 785 1399 a
808 1369 917 1410 parte
942 1370 1052 1399 totum
1078 1366 1289 1411 designare,
1324 1366 1403 1409 quia
1430 1364 1515 1397 adeo
1545 1363 1735 1408 deligantur
1760 1373 1870 1407 supra

100 1418 216 1451 omnia
243 1417 318 1450 alia
345 1417 490 1451 missilia
516 1429 598 1461 prae
624 1418 760 1450 flamma
786 1428 862 1450 cum
891 1417 982 1451 sint⁷
1005 1422 1127 1458 ustae,
1164 1429 1254 1462 quae
1279 1419 1503 1462 sparguntur
1529 1426 1643 1449 nuces.
1696 1415 1869 1447 Noven-

100 1469 238 1502 diales
276 1469 413 1501 feriae
449 1470 614 1502 dicuntur
650 1470 828 1502 institutae
862 1481 884 1502 a
915 1470 1014 1503 Tullo
1050 1470 1224 1502 Hostillo*
1257 1481 1355 1513 rege,
1399 1479 1439 1501 ex
1472 1467 1601 1500 monitu
1632 1465 1917 1511 procurandis·f.
1931 1469 2043 1496 Hostilio

93 1520 272 1565 prodigiis
305 1532 395 1553 nono
423 1520 478 1554 die
510 1521 542 1553 iu
575 1521 667 1554 seriis
697 1521 853 1554 Latinis:
891 1522 963 1554 sive
993 1522 1087 1566 quod
1119 1522 1154 1554 iu
1188 1522 1305 1554 more*
1339 1520 1473 1553 Albano
1506 1518 1682 1562 lapidibus
1706 1518 1871 1563 pluisset.-
1890 1522 1924 1547 ’fi
1943 1524 2026 1547 monte

99 1572 170 1605 sive
196 1572 288 1616 quod
308 1583 375 1604 vox
391 1576 479 1605 esset
501 1572 670 1614 exaudita,
697 1577 733 1605 ut
749 1573 871 1605 Albani
886 1584 948 1606 suo
970 1574 1041 1606 ritu
1057 1572 1249 1618 facerent,
1279 1583 1370 1617 quae
1392 1571 1571 1604 omiserant
1593 1580 1696 1610 sacra,
1723 1581 1799 1601 nam
1827 1568 1869 1601 ab

99 1622 151 1655 his
179 1623 242 1655 illa
276 1627 353 1655 sunt
389 1627 470 1656 tunc
505 1628 691 1664 revocata,
731 1635 817 1667 quae
850 1625 950 1657 missa
984 1625 1098 1658 crate*
1132 1637 1151 1657 a
1177 1635 1288 1669 poene
1304 1622 1473 1669 funditus
1502 1621 1620 1654 deleta
1648 1617 1669 1669 Η
1696 1632 1758 1653 ne-
1786 1618 1867 1665 [27]
1889 1622 2033 1665 '‘fi-amissa

100 1674 245 1719 gligere
288 1674 501 1719 temporibus
533 1676 747 1719 sequentibus
783 1675 986 1720 coepissent:
1030 1675 1069 1709 N
1118 1702 1124 1708 .
1179 1700 1186 1707 .
1240 1676 1405 1708 dicuntur
1439 1674 1598 1706 inventae
1632 1684 1655 1705 a
1691 1671 1869 1705 Blarcello
1887 1661 1992 1685 mutate
2014 1666 2045 1684 ³⁰

101 1735 168 1758 cos.
196 1735 329 1769 operae.
351 1725 473 1770 quibus
499 1726 651 1760 admotis
679 1726 882 1770 Syracusae
897 1727 1050 1773 facilius
1076 1727 1261 1772 expugnari
1286 1729 1434 1771 possent.
1493 1724 1688 1757 Navalis
1710 1727 1868 1768 porta,

100 1776 182 1809 item
209 1776 347 1809 navalis
372 1777 486 1822 regio,
513 1777 648 1811 videtur
673 1782 824 1823 utraque
847 1778 892 1811 ab
920 1780 1100 1812 navalium
1124 1779 1268 1819 vicinia,
1296 1778 1342 1810 ita
1366 1776 1542 1821 appellata
1556 1774 1683 1820 fuisse.
1718 1774 1759 1808 N
1763 1786 1870 1807 ona-

100 1827 222 1860 rum⁸
244 1828 427 1872 postridie,
451 1828 582 1869 Iduum,
608 1829 851 1862 Kalendarum
873 1830 949 1863 dies
975 1831 1082 1864 alieni
1098 1830 1281 1865 habentur.
1308 1829 1389 1861 item
1415 1839 1521 1860 novae
1544 1831 1668 1871 nuptae
1682 1837 1714 1859 a.
1724 1826 1758 1860 d.
1776 1824 1870 1860 IIII.

102 1878 256 1912 Kalend.
283 1890 410 1923 nonas,
438 1879 525 1913 Idus
550 1881 645 1914 diem
669 1885 781 1914 atrum
808 1881 1029 1923 inlucescere,
1057 1882 1221 1926 quoniam
1242 1881 1384 1913 decreto
1405 1878 1616 1925 Pontificum
1644 1878 1715 1911 atri
1740 1877 1777 1910 hi
1796 1877 1870 1910 dies

102 1942 171 1963 esse
196 1930 334 1964 iudicati
359 1934 453 1972 sunt,
505 1933 599 1976 quod
632 1933 898 1977 quotiescunque
923 1933 1079 1966 Romani
1105 1933 1210 1966 duces
1237 1931 1319 1964 belli
1346 1930 1494 1975 gerendi
1519 1930 1647 1975 gratia
1674 1930 1728 1963 his
1748 1928 1871 1962 diebus

100 1982 364 2027 supplicavere,
390 1983 478 2016 male
504 1994 609 2028 remp.
632 1994 779 2029 gessere.
809 1984 918 2018 SEX.
946 1983 1157 2018 POMPEI.
1193 1982 1350 2016 FESTI.
1378 1982 1442 2014 DE
1468 1981 1682 2015 VERBOR.
1712 1979 1870 2014 SIGNI.

102 2033 197 2066 LIB.
223 2033 323 2068 XVI.
351 2033 563 2068 INCIPIT.
593 2035 858 2069 FELICITER.
897 2035 972 2069 OB
1005 2033 1361 2068 PRAEPOSJTJO
1389 2033 1545 2067 ALIAS
1568 2031 1781 2066 PONITUR
1801 2041 1872 2076 pro

102 2085 251 2125 circum,
285 2089 322 2117 ut
349 2095 427 2118 cum
453 2085 602 2120 dicimus
620 2086 743 2120 urbem
770 2086 937 2129 obsideri,
965 2087 1171 2133 obsignari,
1204 2085 1388 2120 obvallari.
1417 2085 1511 2118 alias
1538 2085 1681 2130 ponitur
1705 2084 1739 2116 in
1765 2082 1871 2117 vicem

102 2202 302 2231 CEPONIAN.
329 2203 387 2231 ET.
418 2203 606 2234 ROIANVM.
638 2204 694 2234 ET.
718 2203 884 2233 MAMlAN.
908 2204 965 2233 ET.
1010 2208 1039 2233 et
1060 2209 1129 2244 post
1147 2203 1291 2234 NVCVM.
1314 2202 1510 2232 SPARSION.
1534 2201 1627 2231 MOD.
1652 2202 1750 2230 XXX.
1793 2201 1870 2229 Urs.

100 2245 268 2274 PRATVM.
298 2246 361 2274 Ex.
391 2245 499 2274 Osco.
524 2247 582 2275 AB.
612 2247 645 2275 R.
675 2247 705 2275 P.
729 2246 871 2276 REDEM.
901 2247 964 2279 EX.
1010 2263 1048 2269 -
1080 2247 1111 2286 7)
1140 2248 1217 2275 Sunt
1243 2246 1312 2277 Ven.
1343 2247 1388 2276 Sc.
1420 2262 1463 2268 -
1506 2243 1537 2285 8)
1568 2244 1757 2282 Nonarum]
1795 2242 1870 2272 Vide

101 2288 218 2323 Qvou.
248 2288 396 2318 REDlTV.
430 2288 546 2325 QVOD.
575 2289 702 2318 ANNIS.
737 2289 785 2317 Vl.
814 2289 964 2318 11).MA1.
1007 2289 1108 2318 locum
1139 2288 1238 2319 Verrii
1273 2289 1352 2328 apud
1385 2288 1480 2326 Agell.
1524 2287 1575 2317 lib.
1596 2287 1624 2319 5.
1665 2298 1731 2327 cap.
1755 2288 1803 2319 17.
1840 2285 1870 2314 in

102 2330 174 2360 DIE.
198 2330 333 2360 NATAL.
358 2331 440 2360 SVO.
459 2331 614 2360 PERPET.
638 2331 827 2362 DARETVR.
852 2331 964 2361 PRAE-
1007 2342 1065 2371 quo
1094 2332 1271 2371 legendum,
1308 2331 1522 2372 rempublicam
1553 2330 1633 2359 male
1655 2335 1776 2370 gestam
1802 2339 1870 2357 esse.

101 2372 246 2402 SENTIB.
278 2372 445 2402 MVNlClP.
475 2374 532 2402 ET.
563 2374 721 2403 INCOLIS.
750 2375 807 2403 ET.
831 2374 961 2403 MVLIE-
1013 2375 1089 2403 Urs.

102 2415 173 2444 RIB.
195 2415 339 2444 NVPTIS.
371 2416 551 2447 CRVSTVL.
576 2417 607 2446 P.
638 2417 657 2446 Ι.
682 2416 805 2445 MVLSI.
829 2416 960 2446 HEMJN.

150 2475 313 2504 GRAMMAT.
338 2486 403 2504 LA‘r.
428 2476 460 2504 II.
1567 2468 1598 2501 A
1614 2479 1633 2500 a
