2263 2668
433 155 495 188 DE
521 155 796 190 VERBORUM
821 155 1207 191 SIGNIFICATIONE
1236 156 1548 194 FRAGMENTA.
1809 156 1878 190 181

90 249 249 297 ficantes
282 249 375 293 quasi
407 249 484 282 inde
515 250 681 295 appellati
714 251 774 283 sint
835 276 841 282 .
895 279 901 285 .
957 276 963 282 .
1018 277 1024 282 .
1080 276 1087 283 .
1144 279 1151 285 .
1207 277 1214 284 .
1274 250 1425 284 dicantur
1455 265 1501 298 pa
1808 280 1814 286 .

223 301 349 334 dicitur
375 302 505 334 caelum
534 313 654 335 cavum
709 329 714 334 .
771 327 777 333 .
833 328 839 334 .
896 328 902 335 .
956 327 964 334 .
1019 327 1026 334 .
1081 331 1087 336 .
1144 326 1150 333 .
1203 301 1336 335 dicatur
1369 303 1446 336 dam
1499 330 1506 335 .
1562 330 1568 336 .
1623 330 1629 336 .
1685 302 1878 347 Nuptam

102 364 272 395 novam,
315 364 480 397 sponsam
508 353 567 396 (ut
595 354 700 386 eliam
727 354 883 386 mulieres
911 354 1028 396 quibus
1055 353 1089 386 in
1115 353 1244 397 nuptiis
1270 357 1429 395 utuntur,
1472 354 1658 400 pronubae
1684 354 1730 387 ab
1758 354 1877 387 eadem

101 415 198 437 causa
226 404 292 437 hoc
319 408 368 437 est
396 416 419 437 α
445 404 606 437 nubendo
631 405 812 449 dicuntur)
835 405 943 449 aliqui
971 405 1175 449 appellatam
1204 416 1277 437 esse
1303 405 1437 438 volunt.-
1462 418 1526 440 nec
1553 406 1741 452 defuerunt
1765 410 1876 438 tamen

100 457 157 499 qui
184 456 355 497 dicere-nt,
399 456 449 489 sic
476 457 714 502 appellatam,
764 456 810 489 ab
834 468 872 489 eo
899 456 992 501 qnod
1018 457 1102 491 νέαν
1129 452 1304 503 νύμφην2
1333 456 1466 490 Graeci
1490 470 1616 492 novam
1643 461 1789 502 nuptam
1815 468 1875 490 vo-

101 511 186 540 cent.
215 508 278 540 alii
305 508 399 552 quod
425 508 580 552 appellat
607 519 748 541 uxorem
776 505 861 543 νυόν
880 508 1072 549 Homerus,
1113 508 1278 552 loquendi
1304 509 1462 552 quadam
1490 509 1745 549 consuetudine,
1785 519 1876 553 quae

101 563 151 592 est
164 560 311 604 antiqua
339 559 570 600 Graecorum,
597 571 675 592 cum
698 560 767 592 ait.-
795 562 829 599 ἐξ
853 557 954 607 α’πιής
973 558 1070 607 γαίης
1094 556 1179 594 νυόν
1204 557 1344 606 ἀνδρῶν
1368 559 1577 607 αἰχμητάων
1588 560 1613 594 3.
1650 558 1876 599 Numer-24,

101 615 133 643 et
155 621 298 643 numero
322 610 469 650 (licitur,
497 611 561 644 sed
586 622 730 644 numere
755 617 849 652 sunt,
876 611 1007 643 videtur
1033 622 1103 643 esse
1127 611 1326 655 praesentis
1352 613 1538 656 temporis,
1566 617 1598 645 et
1622 623 1768 657 prorsus
1788 611 1875 644 alie—

99 674 176 694 num
205 673 344 695 numero
373 663 527 703 fuerunt,
556 663 649 707 quod
677 664 722 695 de
745 663 939 708 praeterito
965 666 1175 707 usurpatur,
1200 663 1273 695 sive
1299 673 1339 695 eo
1368 663 1483 696 ordine
1509 667 1716 709 usurparunt
1743 663 1877 707 antiqui

99 713 259 758 quadam
286 714 525 746 consuetudine
552 715 734 758 loquendi,
769 726 839 759 qua
865 714 1022 747 solebant
1043 713 1213 759 proferre
1237 713 1347 747 verba
1374 715 1552 748 eiusmodi:
1588 717 1655 748 sive
1682 719 1780 748 certa
1793 713 1876 760 fine

99 769 338 798 eawtoeemarum
371 766 559 805 vocalium,
607 766 893 809 quemadmodum
926 766 1066 799 videtur
1099 766 1134 798 in
1167 765 1239 798 suis
1271 766 1412 810 scriptis
1442 778 1517 799 usus
1538 767 1718 811 Pompeius
1743 766 1875 807 Sextus,

98 817 199 861 apud
225 828 325 861 quem
349 818 527 862 rwpevitur
554 822 631 850 ert]
634 830 707 851 ema
735 818 863 861 syllaba
889 818 1037 850 vocativi
1062 828 1165 851 casus
1185 817 1385 862 producta,
1414 822 1446 850 et
1470 819 1623 852 eiusdem
1644 829 1735 852 casus
1756 817 1875 850 eadem

98 872 279 927 correpta,
311 869 572 914 terminataque
598 870 632 902 in
661 882 696 910 e,
726 869 885 915 temporis
912 870 1099 914 praesentis.
1133 868 1190 901 N
1170 880 1290 901 u·mem
1318 873 1436 902 autem
1463 870 1594 903 divisse
1620 870 1789 912 antiquos,
1824 869 1876 901 ni-

97 920 199 952 mium
217 920 312 963 quod
337 919 547 966 signficare
574 922 625 954 ait
652 922 783 954 Sinnius
811 921 948 966 Capito3
976 932 1046 953 esse
1074 921 1160 954 enim
1187 921 1239 953 ila
1266 921 1417 954 locutum
1470 947 1476 953 .
1532 947 1538 953 .
1594 949 1600 954 .
1655 947 1661 953 .
1715 932 1788 953 um·
1816 931 1875 952 vos

97 971 172 1004 estis
198 971 332 1004 minime
388 1000 394 1006 .
448 1000 454 1006 .
510 998 517 1004 .
571 998 578 1005 .
631 973 697 1005 nisi
723 984 864 1006 numero
892 973 1102 1017 perbiterint,
1143 972 1203 1004 nisi
1230 973 1296 1006 cito
1348 1000 1355 1006 .
1412 1001 1418 1006 .
1474 1001 1480 1007 .
1534 1000 1541 1006 .
1593 973 1631 1006 id
1659 977 1707 1005 est
1733 973 1873 1005 nimium

96 1024 123 1056 si
149 1023 244 1065 isso‘,
271 1023 328 1066 qui
356 1034 471 1056 exeam
498 1035 597 1056 nume
613 1020 686 1073 [lro
715 1025 789 1057 estis
816 1025 949 1067 mortui,
977 1024 1045 1058 hoc
1073 1024 1241 1068 exemplo,
1268 1029 1303 1057 ut
1330 1024 1528 1069 pingeretis,
1556 1023 1590 1055 id
1618 1029 1683 1065 est,
1701 1035 1759 1057 cur
1787 1021 1869 1069 [2⁰]

97 1075 163 1107 cito
205 1074 326 1107 mortui
361 1075 460 1108 estis?
503 1075 586 1108 Item
622 1077 655 1108 in
690 1076 805 1109 Nelei:
850 1077 1069 1120 Nunquam
1113 1087 1286 1108 numero
1329 1077 1452 1108 matri
1488 1075 1687 1109 faciemus
1723 1075 1869 1108 volui*.

96 1125 214 1159 Idem*
247 1131 312 1167 est,
353 1138 522 1170 nunquam
549 1127 685 1160 nimium
713 1128 882 1162 faciemus.
936 1128 1041 1172 Apud
1063 1128 1243 1161 Naevium:

197 1178 412 1211 Neminem
439 1178 548 1222 vidi,
590 1179 662 1222 qui
690 1190 860 1212 numero
887 1180 1032 1221 sciret,
1068 1180 1224 1223 quique
1251 1180 1346 1220 scit,
1382 1179 1422 1211 id
1450 1183 1512 1212 est
1539 1190 1664 1223 opus,

94 1229 128 1261 id
156 1235 220 1271 est,
261 1229 398 1263 nimium
431 1230 537 1263 sciret.
598 1231 652 1263 An
675 1231 849 1276 Panurgus
877 1232 1038 1264 Antonius
1069 1231 1156 1265 haec
1189 1231 1234 1263 ait
1260 1241 1398 1264 numero
1424 1231 1561 1263 nimium
1589 1230 1682 1264 cito?
1724 1229 1873 1263 celeriter

94 1281 247 1314 nimium:
287 1286 322 1313 ut
347 1281 484 1314 Plautus
508 1282 541 1314 in
569 1282 705 1315 Casina:

194 1333 274 1365 Ere
302 1332 379 1365 mi?
406 1332 505 1376 quid
534 1334 592 1366 vis
620 1345 707 1367 mea
734 1332 917 1368 ancilla?
949 1334 1121 1367 nimium
1149 1334 1318 1378 saepius
1345 1344 1515 1367 numero
1543 1333 1667 1373 dicis,

92 1383 227 1416 nimium
255 1383 332 1418 cito.
384 1385 492 1417 Attius
517 1385 549 1418 in
577 1385 771 1419 Oenomao:

195 1435 290 1481 Ego
318 1440 360 1468 ut
387 1447 518 1470 essem
546 1437 709 1470 adfinis
736 1437 833 1476 tibi,
852 1448 929 1470 non
958 1442 1001 1469 ut
1027 1441 1066 1470 te
1094 1436 1411 1482 extinguerem,
1439 1441 1547 1469 tuam
1577 1435 1664 1480 peti
1691 1438 1872 1479 gnatam,

298 1498 468 1520 numero
502 1493 540 1522 te
567 1494 779 1535 expurgat
804 1489 940 1521 timor.

92 1538 246 1571 Afranius
271 1538 305 1571 in
331 1539 511 1583 Suspecta:

191 1601 266 1634 per
292 1590 445 1623 falsum
474 1597 513 1624 et
540 1593 659 1625 abste
686 1592 892 1625 creditum
921 1602 1095 1624 numero
1124 1592 1253 1623 nimis.

91 1641 252 1674 celeriter.
306 1641 472 1675 Caecilius
498 1643 530 1675 in
556 1643 770 1677 Aethinne*:

193 1693 242 1725 Ei
268 1693 376 1736 peri,
409 1693 514 1736 quid
539 1695 624 1728 ita?
664 1706 834 1728 numero
862 1694 976 1727 venit
1002 1693 1131 1727 fuce*
1156 1693 1334 1726 domum.

91 1742 245 1776 Afranius
271 1744 304 1776 in
331 1744 532 1779 Simulante:

193 1798 235 1828 e*
256 1796 412 1829 misera
441 1808 631 1840 numero,
675 1808 722 1831 ac
748 1809 798 1831 ne
825 1797 1048 1840 quicquam
1076 1796 1145 1840 egi
1171 1795 1343 1840 gratias.

90 1846 271 1879 Numera
298 1847 497 1881 Senatum
534 1849 580 1881 ait
612 1849 718 1892 quivis
741 1850 884 1882 Senator
914 1848 1058 1890 consuli,
1107 1859 1183 1880 cum
1211 1846 1452 1890 impedimento
1479 1844 1549 1876 vult
1576 1854 1645 1876 esse
1672 1853 1739 1886 quo
1767 1842 1871 1874 minus

90 1897 199 1931 faciat.
227 1898 262 1931 S.
286 1898 324 1931 C.
351 1900 565 1944 postulatque
591 1908 627 1934 ut
653 1906 709 1934 aut
735 1913 803 1942 res,
839 1912 925 1944 quae
953 1899 1182 1937 adferuntur*,
1218 1897 1420 1934 dividantur3
1463 1901 1519 1928 aut
1545 1895 1666 1939 singuli
1693 1893 1869 1927 consulan-

88 1955 150 1980 tur.
179 1954 236 1981 aut
261 1949 286 1981 si
313 1954 363 1983 tot
387 1962 453 1983 non
480 1954 542 1985 sint
568 1953 762 1993 Senatores,
802 1962 870 1996 quo
903 1961 1041 1984 numero
1075 1950 1175 1982 liceat
1200 1948 1406 1993 praescribi*
1431 1948 1465 1980 S.
1490 1947 1529 1980 C.
1574 1947 1715 1990 Nupta
1741 1945 1869 1977 verba

89 2000 284 2034 dicebantur
310 2002 353 2034 ab
380 2003 539 2047 antiquis,
584 2016 670 2047 quae
696 2004 859 2049 virginem
887 2003 1000 2035 dicere
1026 2011 1093 2034 non
1119 2001 1259 2042 licebat,
1299 2004 1334 2032 ut
1359 1999 1495 2032 Plautus
1522 1998 1553 2030 in
1578 1997 1742 2041 Dyscolo:

190 2052 323 2097 Virgo
350 2064 450 2094 sum3
490 2056 672 2089 nondum
702 2056 837 2090 didici
863 2058 992 2098 nupta
1018 2052 1147 2085 verba
1174 2052 1333 2085 dicere.

87 2102 302 2148 Nuptias-⁵
330 2104 435 2139 dictas
463 2118 532 2140 esse
559 2108 603 2139 ait
625 2108 744 2140 Santra
772 2108 814 2139 ab
843 2117 900 2146 eo,
928 2104 1021 2148 quod
1048 2103 1240 2148 nymphaea
1266 2102 1417 2135 dixerunt
1439 2101 1564 2135 Graeci
1591 2099 1715 2143 antiqui
1740 2094 1870 2144 γάμον,

86 2155 164 2187 inde
191 2167 311 2188 novam
339 2162 477 2201 nuptam
504 2160 588 2195 νέαν
611 2155 763 2206 νύμφην.
818 2157 1032 2196 Cornificius,
1059 2155 1153 2198 quod
1180 2166 1267 2188 nova
1292 2158 1448 2199 petantur
1474 2151 1640 2197 coniugia.
1695 2150 1868 2191 Curiatius,

85 2206 178 2249 quod
206 2218 292 2239 nova
318 2209 426 2241 ratio
452 2209 518 2242 fiat
571 2210 684 2243 Aelius
707 2215 740 2242 et
762 2209 912 2249 Cincius,
940 2207 1017 2251 quia
1044 2207 1201 2240 flammeo
1228 2211 1331 2252 caput
1357 2205 1509 2239 nubentis
1530 2203 1744 2244 obvolvatur,
1771 2201 1864 2245 quod

84 2308 239 2346 Turpilius
264 2308 294 2336 in
320 2308 468 2338 Demetrio
491 2310 570 2349 apud
596 2310 734 2339 Nonium.
786 2310 953 2348 Numquam
998 2308 1086 2345 dum,
1110 2309 1200 2347 legem
1216 2318 1335 2347 quoque
1350 2308 1525 2344 funestam,
1549 2315 1604 2345 pro
1626 2309 1771 2343 corrupto
1790 2312 1855 2332 ver

84 2351 170 2379 nimis
194 2361 317 2380 numero
345 2362 523 2391 quemquam
547 2352 609 2381 vidi
633 2353 739 2387 facere,
763 2362 850 2391 quam
874 2352 953 2380 sacto
997 2351 1053 2387 bo,
1081 2356 1264 2390 parenstam.
1321 2350 1423 2378 Livius
1443 2349 1493 2378 lib.
1521 2352 1545 2379 1.
1590 2352 1680 2386 caput
1705 2345 1857 2375 obnubilo

86 2403 158 2431 opus
185 2399 235 2423 est.
281 2394 360 2423 Urs.
392 2411 432 2417 —
464 2394 492 2434 5)
517 2395 674 2435 Nuptiae]
704 2396 830 2425 Videtur
859 2395 954 2434 legen·
999 2394 1073 2423 Vide
1099 2394 1130 2423 in
1158 2394 1251 2423 Parici
1277 2393 1463 2429 Quaestores.
1505 2392 1582 2420 Ure.

1903 1030 1911 1040 ’
1920 1030 1937 1054 f.
1957 1029 2008 1055 cito

1892 1080 1902 1091 ⁸
1909 1081 1927 1105 s.
1945 1081 2029 1114 volup.

1901 1132 1936 1156 Ὗ.
1954 1131 1981 1156 id

1883 1633 1891 1642 '
1899 1632 1916 1656 f.
1930 1632 2032 1657 Aethri-

1933 1675 1987 1691 one.

1901 1702 1908 1710 ”
1918 1701 1935 1725 f.
1956 1701 2015 1734 suge

1899 1794 1932 1819 Ὗ.
1953 1793 1985 1818 Ei

1880 1886 1914 1910 ⁴5.
1930 1886 2045 1911 referan-

1940 1924 1983 1946 tur

1878 1954 1908 1980 Ὗ.
1919 1955 2044 1988 perscribi

1893 2202 1930 2227 ’.ἰ
1940 2201 2024 2235 pactio
