2263 2668
255 187 329 221 414
681 149 1022 210 COMMENTARH
1048 175 1095 207 IN
1121 173 1265 207 PAULI
1292 173 1485 207 DlAcoNl
1511 174 1760 209 EXCERPTA

255 279 377 318 peritus,
405 283 515 312 expers,
553 270 626 298 Vide
649 278 738 306 supra
760 268 915 305 experitus.
942 266 1031 297 Dae.
1064 265 1205 306 Expreta.
1242 267 1380 305 Experta.
1411 263 1518 295 Goth.
1563 266 1746 296 Vocabulum
1768 275 1934 307 exsputus,
1964 269 2027 298 sive
2048 277 2183 309 expretus

255 320 345 349 hodie
365 317 470 355 legitur
491 314 521 340 in
544 313 639 340 Plauti
662 309 769 338 Bacch.
786 309 840 346 111,
862 311 898 346 3,
921 311 988 341 42:

781 357 809 387 It
831 360 968 398 magister
990 359 1075 399 quasi
1097 357 1214 388 lucerna
1235 366 1321 387 uncio
1344 366 1481 397 expretus
1502 357 1599 388 linteo.

255 420 299 449 Ibi
322 415 477 446 Salmasius
500 418 643 446 eat-terius,
672 420 727 448 pro
750 417 895 445 est-tersus,
925 410 1079 448 legendum
1102 410 1290 445 coniiciebat,
1323 409 1490 437 Gronovius
1514 415 1611 438 autem
1633 417 1742 450 spretus
1765 410 1966 449 proponebat,
1987 411 2042 440 hac
2064 417 2183 442 senten-

255 463 308 490 tia:
344 458 489 496 Magister
510 461 635 493 spretus,
667 452 698 481 h.
719 462 741 480 e.
764 453 867 480 irrisus
891 457 918 480 et
942 458 1145 491 contemptus,
1180 454 1202 480 it
1225 460 1311 481 uncto
1335 450 1438 488 linteo,
1472 451 1529 479 hoc
1552 458 1612 489 est,
1646 453 1801 491 emplastro
1826 453 1873 481 vel
1896 453 2025 482 fomento
2047 454 2183 484 fissorum

255 500 451 532 curandorum
474 496 567 535 gratia
590 499 679 534 caput
702 495 829 531 obsitus,
854 495 937 533 quasi
953 494 1081 530 laterna,
1104 495 1150 523 cui
1173 499 1201 523 et
1224 495 1280 534 ipsi
1303 494 1425 522 linteum
1450 499 1571 522 unctum
1596 495 1806 534 praetenditur.
1841 495 1989 524 Hactenus
2006 496 2182 526 Gronovius.

254 544 332 573 Libri
355 541 514 570 Camerarii
536 541 566 567 in
589 538 736 576 scriptura
760 544 895 576 expretus
926 537 1128 574 consentiunt,
1164 537 1214 565 sed
1237 535 1368 575 eoepletus
1391 536 1532 565 exhibent
1556 538 1625 567 Cod.
1651 539 1715 567 Sur.
1740 538 1814 566 Edd.
1838 538 1916 567 Vett.
1960 538 2083 567 Putabat
2106 540 2183 568 Doe-

253 587 383 616 derlinus
405 589 557 622 exspretus
580 580 614 608 ab
637 591 676 608 ex
699 585 727 608 et
748 590 849 618 sperno
873 580 931 608 dici
954 590 1057 618 posse,
1081 580 1161 618 quasi
1184 581 1317 614 reiectus,
1341 586 1508 608 contemtus.
1540 581 1584 608 Cf.
1611 580 1778 608 Doederlin.
1802 581 1871 619 Syn.
1898 581 1956 609 Lat.
1974 581 2024 610 tlt.
2051 581 2184 611 Addend.

252 630 401 669 1333323,
416 636 475 664 seq,
519 625 585 662 Ipse
613 627 708 650 tamen
737 622 927 650 subdubitat-e
955 622 1090 659 videtur,
1128 627 1226 650 utrum
1249 621 1319 649 haec
1342 622 1430 649 lectio
1456 627 1483 650 et
1504 623 1643 651 vocabuli
1666 623 1873 661 interpretatio
1897 623 2056 651 sententiae
2079 628 2184 662 poetae

253 670 418 700 conveniat⁴
452 667 522 696 Mihi
545 675 603 693 non
626 665 784 693 convenire
806 665 933 693 videtur.
964 664 1052 693 Nulla
1075 664 1151 692 enim
1175 665 1229 692 alia
1253 673 1314 691 esse
1333 663 1392 691 loci
1415 665 1558 693 sententia
1580 670 1691 704 potest,
1715 666 1771 693 nisi
1795 665 1883 693 haec:
1906 666 2044 703 Magister
2061 676 2076 693 a
2091 676 2184 704 puero

252 714 425 742 verberatus
448 711 679 745 vulneratusque
703 712 793 735 uncto
816 708 905 735 linteo
928 707 987 735 hoc
1011 711 1053 735 est
1076 707 1239 745 emplastris
1262 706 1397 744 expletus
1420 707 1541 743 circuit,
1565 707 1648 745 quasi
1670 708 1789 735 lucerna
1813 712 1902 735 uncto
1924 708 2030 744 linteo,
2053 708 2109 736 hoc
2133 713 2184 745 est,

252 756 302 785 filo
327 759 355 783 et
378 755 442 782 oleo
466 751 582 790 expleta
604 760 664 778 esse
687 750 773 778 solet.
820 750 1008 788 Apertissime
1031 750 1175 777 sententia
1199 749 1322 786 requirit
1343 747 1490 787 expletus,
1527 750 1579 778 sed
1602 749 1660 777 hoc
1682 750 1803 778 verbum
1828 750 1902 778 nihil
1925 755 1981 786 est,
2012 750 2069 778 nisi
2091 751 2185 779 inter-

252 801 465 838 pretamentum
487 793 703 821 vetustissimae
728 792 809 820 vocis
838 800 988 830 expretus,
1027 802 1100 830 quae
1128 792 1204 820 idem
1235 791 1387 827 significat.
1432 792 1483 819 Est
1505 792 1654 820 Sanscrita
1682 792 1770 820 radix
1797 793 1872 831 pri,
1910 802 1984 830 quae
2007 798 2035 821 et
2057 793 2184 831 placere,

252 839 437 874 satisfacere,
473 841 501 864 et
524 835 646 873 implere
672 834 832 872 significat,
870 845 885 862 a
909 844 965 873 qua
990 834 1159 862 Latinorum
1182 833 1268 862 verba
1289 832 1404 872 placere
1427 838 1455 861 et
1475 833 1552 873 plere
1574 834 1652 862 haud
1677 834 1766 863 dubie
1789 835 1979 863 descendunt.
2024 835 2095 863 Eius
2118 845 2186 874 par-

250 882 385 920 ticipium
409 885 438 908 et
458 879 537 918 prita
562 877 682 917 (nomin.
704 878 814 916 prims,
839 889 871 913 a,
896 878 971 914 am),
998 881 1026 904 at
1050 877 1120 914 qnid
1143 877 1199 904 hoc
1222 881 1265 903 est
1288 876 1381 912 aliud,
1408 876 1463 904 nisi
1488 877 1658 905 Latinorum
1681 877 1738 904 hoc
1758 885 1870 916 pretus,
1895 878 1973 905 unde
1996 877 2121 905 seriores
2143 878 2184 906 fe-

251 929 353 953 cerunt
373 921 481 962 pletas,
513 920 763 958 queamdmodum
786 930 822 948 ex
844 919 945 948 radice
965 920 1013 958 pri
1035 920 1167 947 fecerunt
1187 916 1287 958 pler-e?
1323 919 1386 946 Non
1409 919 1499 956 igitur
1522 920 1645 948 dubium
1669 930 1730 948 esse
1753 920 1889 955 videtur,
1922 926 2020 959 pretus
2043 924 2072 948 et
2091 918 2186 959 pleius

250 967 355 1006 priscis
378 963 488 993 Latinis
510 963 633 1002 perinde
660 963 691 990 in
722 972 774 990 usu
805 962 912 998 fuisse,
949 961 1027 990 unde
1051 969 1185 1001 expretus
1209 971 1264 999 pro
1287 960 1420 999 expletus
1445 962 1555 990 dixisse
1578 962 1694 990 eosdem
1718 962 1871 1000 probabile
1894 967 1944 990 est.
1990 961 2072 997 Quae
2095 972 2186 1000 quum

250 1010 290 1038 ita
313 1009 384 1045 sint3
423 1017 482 1035 non
512 1005 631 1043 dubito,
668 1005 754 1033 etiam
785 1005 863 1043 apud
887 1005 1003 1032 Festum
1026 1003 1157 1042 Expreta
1188 1013 1242 1041 pro
1272 1002 1389 1042 esrplem
1413 1014 1474 1032 esse
1498 1005 1685 1043 accipienda,
1722 1005 1773 1032 sed
1796 1006 1878 1032 vocis
1901 1009 2075 1042 potestatem
2098 1009 2148 1033 aut
2170 1016 2186 1033 a

250 1052 335 1080 Festo
358 1060 416 1078 non
440 1053 520 1077 recte
544 1053 709 1087 acceptam,
733 1052 781 1074 aut
807 1058 821 1075 a
843 1047 945 1075 Paullo
970 1047 1032 1075 eius
1056 1046 1324 1084 interpretationem
1349 1057 1406 1074 non
1430 1051 1511 1074 recte
1534 1047 1713 1075 intellectam
1737 1046 1834 1075 fnisse.
1870 1047 1943 1074 Nam
1968 1047 2079 1074 etiamsi
2102 1048 2187 1087 quasi

249 1101 370 1134 experta
393 1091 492 1120 hahita
515 1091 609 1128 legas,
642 1090 715 1117 nihil
738 1089 805 1117 inde
828 1090 890 1117 sani
913 1089 1081 1121 conticitum
1118 1093 1239 1126 apparet
1262 1089 1356 1124 enim,
1387 1089 1539 1125 Paullum,
1578 1089 1638 1118 sive
1660 1089 1794 1125 Festum,
1833 1089 1911 1128 quod
1934 1089 2079 1127 particula
2102 1090 2188 1129 quasi

251 1136 395 1171 ostendit,
419 1133 548 1162 noluisse
571 1139 692 1171 ear-presa
714 1132 756 1159 sic
780 1132 951 1170 simpliciter
973 1142 1028 1170 pro
1052 1138 1173 1170 essperia
1196 1135 1246 1159 aut
1268 1141 1322 1169 pro
1346 1132 1478 1170 expertia
1501 1132 1610 1170 accipi3
1635 1132 1720 1160 aliter
1743 1132 1819 1160 enim
1842 1132 1895 1160 vix
1917 1131 2072 1160 adiecisset
2093 1132 2187 1172 quasi,

250 1183 278 1206 et
299 1177 407 1206 habita.
437 1176 502 1212 Qua
527 1175 563 1204 de
587 1185 688 1202 caussa
710 1185 833 1213 prorsus
853 1174 966 1202 inutilis
989 1179 1032 1202 est
1056 1174 1133 1201 Festi
1156 1173 1376 1211 interpretatio,
1400 1174 1510 1212 quippe
1534 1184 1608 1212 quae
1630 1184 1667 1203 ne
1689 1175 1758 1202 satis
1782 1174 1900 1212 quidem
1923 1173 2076 1209 ostendat,
2099 1183 2188 1212 quam

249 1221 422 1249 sententiam
452 1217 598 1246 vocabulo
636 1217 753 1245 subesse
786 1217 923 1245 voluerit.
976 1217 1018 1245 Ab
1047 1216 1103 1243 isto
1133 1215 1256 1253 antiquo
1283 1223 1381 1254 pretias
1411 1216 1496 1244 etiam
1524 1226 1572 1246 vv.
1602 1217 1754 1256 interpres,
1791 1217 1973 1256 interpretari
2001 1216 2187 1253 descendere,

250 1262 321 1291 alibi
344 1262 447 1290 dicam.

411 1301 616 1332 Eat-cudere.
661 1300 790 1330 Est-cutio
813 1306 841 1329 et
861 1299 1009 1340 proemio,
1033 1299 1168 1328 feriendo
1192 1300 1320 1336 fabrico,
1345 1300 1439 1328 elicio.
1469 1301 1541 1329 Nam
1564 1299 1668 1329 cudere
1691 1306 1734 1329 est
1756 1300 1860 1336 ferire,
1883 1300 1962 1329 unde
1985 1301 2081 1336 incus,
2106 1299 2186 1337 quod

248 1347 311 1375 illic
332 1346 445 1384 aliquid
468 1345 544 1374 fabri
567 1344 693 1379 cudant,
722 1344 753 1372 id
776 1349 818 1372 est
839 1344 955 1372 feriant.
990 1342 1117 1377 Quidam
1140 1353 1194 1381 pro
1219 1341 1349 1371 cudendo
1378 1343 1477 1380 tegunt
1501 1341 1655 1371 caedendo.
1694 1342 1751 1371 Sed
1774 1342 1848 1371 nihil
1871 1342 2053 1371 mutandum.
2097 1342 2186 1372 Dae.

411 1395 637 1436 Explorare.
681 1395 754 1423 Vide
776 1392 966 1433 encloploraio
991 1397 1019 1421 et
1039 1391 1166 1432 plorare.
1211 1392 1282 1420 Inde
1305 1391 1475 1432 eas-plorare,
1509 1393 1676 1430 inquirere,
1708 1398 1840 1429 tentare3
1873 1397 1900 1420 et
1922 1391 2110 1431 escploraior,
2133 1393 2186 1430 qui

251 1441 330 1468 inter
352 1438 450 1467 hostes
474 1443 609 1467 versatur
631 1442 659 1466 et
682 1447 718 1465 ex
739 1447 858 1465 rumore
882 1446 983 1464 eorum
1008 1441 1121 1463 secreta
1145 1435 1294 1472 cognoscit
1316 1436 1435 1473 suisque
1457 1435 1620 1463 renunciat.
1663 1436 1701 1464 Et
1723 1435 1822 1463 differt
1843 1435 1878 1462 ab
1901 1435 2105 1473 speculatore,
2136 1435 2187 1473 qui

252 1487 319 1511 ante
342 1483 503 1510 exercitum
525 1479 699 1519 speculandi
722 1480 812 1516 gratia
837 1479 979 1513 mittitur,
1014 1477 1062 1505 hie
1085 1488 1204 1506 munere
1235 1478 1303 1505 belli
1326 1477 1449 1505 honesto
1472 1478 1623 1515 fungitur,
1659 1478 1708 1505 ille
1730 1477 1844 1515 saepius
1866 1477 1971 1516 capitis
1994 1487 2100 1516 poenas
2123 1478 2186 1507 luit.

253 1525 356 1553 Arrius
379 1524 537 1553 Menander
560 1523 596 1551 de
619 1533 651 1551 re
674 1522 792 1550 militari
813 1525 840 1552 1.
874 1521 1102 1559 ExploratoreS,
1134 1520 1185 1557 qui
1208 1525 1321 1548 secreta
1344 1520 1558 1548 nuntiaverunt
1578 1520 1727 1556 hostibus,
1758 1519 1923 1558 proditores
1943 1525 2013 1547 sunt
2036 1524 2064 1547 et
2086 1519 2188 1558 capitis

253 1578 363 1606 poenas
392 1567 487 1596 luunt.
520 1565 603 1594 Dac.
648 1563 814 1603 Etr-plorare
838 1563 1005 1591 Doederlin.
1028 1564 1139 1600 Synon.
1164 1563 1224 1590 Lat.
1237 1562 1294 1598 111,
1318 1572 1381 1600 pag.
1398 1563 1467 1593 155.
1493 1563 1567 1590 male
1590 1573 1604 1590 a
1625 1561 1710 1601 pleco
1738 1562 1865 1598 derivat3
1903 1567 1938 1590 ut
1959 1563 2020 1590 fere
2041 1561 2118 1590 idem
2141 1562 2188 1597 sit,

254 1615 341 1648 atque
362 1607 521 1648 explicare.
566 1607 730 1635 Verisimile
759 1611 817 1641 est,
855 1605 972 1644 plorare
1001 1604 1161 1642 antiquitus
1190 1604 1310 1642 petendi
1333 1609 1361 1632 et
1382 1604 1534 1639 flagitandi
1556 1603 1692 1632 habuisse
1714 1604 1880 1640 notionem,
1920 1614 2010 1642 quare
2032 1603 2189 1643 implorare

253 1653 316 1681 sere
337 1651 413 1680 idem
436 1650 516 1689 quod
539 1650 692 1685 invocare,
722 1646 878 1686 explorare
901 1652 997 1675 autem
1021 1645 1134 1683 elicere,
1169 1647 1320 1685 exquirere
1342 1646 1516 1683 significasse
1539 1647 1664 1675 videtur.
1706 1646 1780 1675 Nam
1802 1646 1905 1675 radice
1915 1647 1984 1686 fla,
2012 1647 2097 1686 flag,
2127 1645 2188 1685 plo,

253 1693 303 1733 pla
325 1703 439 1722 omnem
462 1692 710 1721 vehementiorem
734 1689 891 1718 motionem
915 1695 943 1717 et
965 1689 1120 1724 affectum,
1144 1689 1269 1716 maxime
1292 1689 1461 1725 petitionem
1484 1688 1628 1716 indicasse
1646 1688 1781 1725 Latinos,
1804 1689 1873 1716 satis
1896 1688 2005 1717 docent
2027 1688 2116 1717 verba
2129 1689 2189 1728 flo,

252 1735 595 1776 fle0,fla3ro‚flagito‚
617 1732 724 1773 plaga,
744 1731 848 1771 ploro3
872 1737 899 1759 et
924 1732 1106 1760 Graecorum
1127 1731 1221 1767 πλέω,
1243 1728 1377 1768 πλήττω,
1402 1732 1509 1766 κλαίω,
1533 1728 1631 1766 πλάζω
1655 1730 1756 1760 eodem
1781 1730 1905 1760 ducunt.

416 1774 685 1815 Expapillaio.
730 1774 804 1802 Vide
827 1772 981 1814 ffafilaio.
1006 1773 1092 1802 Dae.
1136 1773 1220 1801 Adde
1243 1773 1369 1801 Nonium
1392 1776 1470 1813 (pag.
1487 1775 1553 1805 103.
1578 1773 1680 1810 Mero.)
1704 1773 1735 1801 iu
1758 1771 1965 1812 Eoepapillato.
2014 1770 2120 1802 Goth.

419 1818 600 1848 Eaebures.
644 1816 768 1846 Exbuae
791 1816 887 1844 dictae
910 1827 925 1843 a
950 1815 1006 1844 baa
1028 1815 1183 1844 infantium
1205 1825 1366 1854 puerorum
1390 1826 1480 1851 voce,
1506 1815 1583 1843 unde
1604 1815 1739 1844 vinibuas
1758 1816 1899 1843 Lucillius
1923 1814 2038 1843 bibaces
2059 1812 2190 1843 mulieres

262 1865 356 1888 vocat.
399 1862 460 1889 Nisi
484 1861 643 1888 auctoritas
666 1859 743 1889 Festi
766 1858 981 1895 intercederet,
1006 1868 1058 1895 ego
1081 1858 1219 1886 libentius
1242 1857 1379 1886 exuberes
1402 1855 1630 1897 ἄπογαλοῖκτους
1652 1858 1779 1886 infantes
1801 1858 2028 1895 interpretarer,
2052 1856 2191 1894 quemad-

262 1903 379 1930 modum
401 1908 501 1931 contra
526 1901 700 1938 Sububa-es,
735 1899 956 1940 ὗπομαστίους,
995 1905 1026 1928 ut
1049 1900 1150 1928 inveni
1177 1901 1206 1928 in
1237 1900 1341 1938 glossis
1366 1900 1483 1928 Latinis.
1513 1897 1612 1929 Scal.
1657 1900 1776 1928 Veteres
1798 1899 1892 1927 Latini
1916 1898 1998 1928 buere
2018 1903 2047 1927 et
2067 1897 2191 1928 imbuere

263 1942 397 1971 dicebant
421 1955 473 1982 pro
500 1945 620 1983 implere
648 1945 780 1983 liquore,
819 1943 895 1971 unde
919 1942 976 1971 bua
999 1942 1098 1981 potio,
1138 1952 1211 1980 quae
1235 1943 1354 1981 propria
1377 1952 1536 1981 puerorum
1560 1952 1621 1970 vox
1644 1947 1703 1978 est,
1741 1942 1791 1980 qui
1815 1952 1880 1970 cum
1904 1942 2009 1970 volunt
2031 1941 2131 1970 bibere
2154 1939 2191 1970 bn

265 1985 354 2021 priori
377 1987 487 2023 syllaba
510 1987 640 2016 contenti
663 1991 745 2021 sunt,
777 1991 809 2014 ut
831 1986 908 2013 insra
930 1985 1032 2012 Festus
1055 1984 1086 2012 iu
1109 1995 1182 2013 voce
1204 1984 1354 2013 imbutum.
1398 1985 1454 2012 Sed
1479 1994 1532 2012 cur
1553 1985 1734 2013 exinteratas
1755 1985 1982 2022 interpretetur,
2013 1994 2071 2012 non
2094 1983 2190 2021 video,

267 2025 321 2052 nisi
346 2027 503 2062 significare
530 2029 601 2057 velit
632 2030 783 2064 mulieres,
822 2038 896 2067 quae
923 2027 1046 2056 nimium
1076 2032 1180 2065 epotae
1206 2032 1384 2066 torquentur
1413 2032 1441 2055 et
1468 2026 1553 2065 quasi
1582 2031 1790 2055 exenterantur
1814 2031 1843 2055 et
1866 2026 2076 2055 eviscerantur.
2100 2025 2188 2055 Dae.

268 2066 338 2094 Cod.
361 2067 462 2096 Gu.I[.
486 2070 602 2099 exhibet
624 2070 758 2100 Exbures
781 2075 809 2098 et
831 2070 931 2109 paullo
955 2074 1024 2108 post
1047 2068 1205 2106 Eoeburae,
1240 2072 1270 2098 in
1293 2068 1350 2097 hoc
1374 2074 1522 2107 postremo
1551 2069 1699 2097 vocabulo
1730 2079 1796 2097 cum
1825 2069 1944 2107 vulgata
1971 2069 2090 2097 faciens.
2132 2068 2191 2096 Le-

268 2108 393 2146 gendum
425 2110 555 2138 existimo
586 2112 724 2140 Exbnves
754 2117 781 2140 et
809 2111 959 2141 Exbuvae.
1004 2111 1148 2139 Nimirum
1178 2111 1311 2141 vinibuas
1339 2111 1447 2140 dixisse
1478 2111 1640 2148 Lucilium,
1678 2111 1770 2139 refert
1797 2111 1909 2140 Nonius
1939 2121 2002 2149 pag.
2020 2113 2069 2143 81.
2099 2110 2189 2139 Merc.

269 2150 368 2185 Quare
397 2151 545 2188 probabile
573 2159 613 2181 est
633 2154 738 2182 exbues
762 2160 789 2182 et
811 2153 923 2183 exbuas
945 2154 1056 2182 dixisse
1079 2154 1167 2190 alios;
1205 2154 1257 2182 sed
1278 2154 1485 2193 interpositum
1510 2164 1569 2182 esse
1592 2153 1736 2191 digamma
1759 2153 1794 2181 ab
1818 2153 1898 2190 aliis,
1934 2153 2022 2182 docet
2043 2151 2190 2182 sanserita

269 2192 354 2221 radix
374 2192 451 2231 piv,
476 2202 548 2229 quae
570 2194 599 2221 in
622 2196 796 2232 specialibus
819 2196 1001 2234 temporibus
1025 2196 1212 2225 substituitur
1233 2207 1287 2235 pro
1308 2198 1363 2235 pa,
1397 2196 1507 2225 bibere.
1552 2196 1586 2224 Id
1608 2196 1705 2234 ipsum
1728 2196 1813 2225 etiam
1836 2196 1924 2225 docet
1945 2196 2044 2234 lingua
2066 2195 2190 2224 Franco-

270 2234 372 2273 gallica
394 2233 551 2270 hodierna,
573 2235 623 2262 ubi
645 2237 753 2266 formae
776 2238 898 2275 bunone,
923 2238 1022 2275 buvez,
1047 2237 1162 2275 buvais,
1186 2238 1305 2276 ὂιιυειιν,
1332 2238 1451 2268 buvense
1472 2239 1502 2267 in
1525 2248 1580 2268 usu
1603 2243 1679 2267 sunt.

431 2283 644 2315 Exdorsua.
688 2287 818 2324 Respicit
840 2289 938 2316 locum
960 2289 1056 2317 Plauti
1077 2289 1178 2319 Aulul.
1196 2289 1240 2327 It,
1263 2291 1290 2320 9.
1315 2287 1390 2330 (2·):

793 2354 833 2359 —-
875 2355 917 2360 ——
960 2348 990 2368 tu
1013 2339 1186 2370 Maclzaerio

758 2376 915 2416 Congrum,
939 2392 1105 2409 muraenam
1128 2380 1293 2416 eoeclorsua,
1318 2389 1457 2421 quantum
1477 2388 1558 2419 potes

757 2418 855 2456 Atque
877 2424 990 2458 omnia,
1018 2422 1086 2450 dnm
1109 2423 1209 2451 absum
1232 2422 1315 2459 hinc,
1344 2430 1484 2452 exossata
1497 2421 1559 2462 fac
1580 2423 1651 2451 siem
